4136 6178
316 253 354 313 76

315 415 461 478 humanis
473 416 594 483 viribus
607 418 788 496 adstruent3
809 421 874 483 imo
894 429 931 484 ιιι
949 423 1081 501 melum,

317 512 348 570 et
374 527 446 570 cum
467 515 592 590 peccato
617 512 818 590 conjunctum
841 532 906 575 esse
932 516 1082 591 doccent;

317 601 489 679 cujusmodi
503 620 568 664 esse
581 605 681 682 gretie
689 605 743 667 illa
756 606 865 668 debent
878 626 918 669 ex
930 608 1085 688 iishugn·

318 691 391 753 stini
403 693 479 754 loeis
492 696 694 773 constituunt,
709 717 780 778 que
793 700 833 760 ad
845 699 1028 776 firmiorem,
1055 707 1086 763 et

319 785 506 860 vegetiorem
519 789 696 867 posterioris
716 792 839 870 generis
859 793 990 872 gretiam
1012 812 1084 872 pro-

319 876 386 955 prie
418 883 573 956 spectent:
610 881 699 960 cujus
728 892 774 944 est
808 884 848 945 ed
881 901 977 964 opere
1009 885 1086 964 legis

827 256 1152 319 theutenicorum
1174 256 1391 320 DOGMATUM

1360 655 1550 738 CAPUT
1588 655 1660 736 lX.

319 970 517 1049 exequenda,
543 974 779 1055 praesteudeqne
803 976 954 1037 virtutum
988 977 1087 1038 officie
1137 982 1166 1041 ι.
1188 977 1243 1040 Er
1260 975 1348 1038 dictis
1362 975 1527 1057 colligitur,
1542 974 1670 1036 dolorem
1684 971 1720 1033 ob
1731 978 1851 1054 peccate
1870 988 1915 1032 eu·

318 1061 534 1124 riresidonees
547 1064 703 1127 conferre:
717 1074 752 1128 nt
765 1068 904 1130 siminus
916 1070 975 1130 hoc
989 1087 1087 1149 perse
1175 1077 1253 1131 metu
1267 1069 1406 1149 gehenne
1429 1076 1590 1150 susceptum
1610 1066 1714 1127 bortum
1733 1082 1797 1141 eece,
1820 1072 1855 1124 ct
1870 1062 1920 1123 nd

318 1153 469 1232 gehenne
483 1156 577 1216 timor
590 1157 710 1220 efficere
724 1161 831 1239 possit,
843 1161 979 1238 aliunde,
993 1180 1087 1240 quem

320 1263 359 1305 ex
373 1246 485 1307 Christi
500 1249 608 1325 gretie,
623 1251 746 1330 prodire
755 1252 905 1314 videatur.

359 1338 529 1400 tamenim
543 1340 641 1420 cepite
656 1349 767 1423 quarto
781 1344 853 1405 libri
873 1345 967 1423 hujus
984 1351 1088 1407 osten-

321 1429 434 1505 dimus,
464 1432 671 1507 hugustinum
693 1454 925 1516 sepenumero,
952 1455 1024 1499 cum
1051 1439 1089 1500 de

320 1522 420 1599 gretie
442 1523 589 1602 loquitur,
613 1526 694 1588 benc
706 1528 831 1588 secundi
846 1529 967 1606 generis
981 1548 1090 1610 opere-

321 1613 430 1674 tricem
444 1614 631 1695 intelligere,
646 1638 710 1679 non
725 1621 847 1696 rudem,
861 1628 891 1682 et
901 1622 1088 1684 inchoatum.

323 1705 420 1779 Quod,
436 1725 476 1767 ne
490 1707 619 1783 longum
632 1708 754 1787 faciem,
768 1731 807 1774 ex
822 1714 929 1793 paucis
947 1713 1007 1774 illis
1020 1732 1090 1776 sen·

322 1799 436 1876 tentiis,
452 1818 529 1880 quas
542 1801 665 1881 supre¹,
689 1804 747 1865 hoc
760 1805 826 1884 ipso
842 1806 941 1886 cepite
954 1806 1090 1887 descrip-

323 1889 435 1966 simus,
450 1890 522 1952 licet
534 1893 797 1972 animadvertere3
812 1897 845 1958 in
859 1898 972 1977 quibus
985 1899 1091 1978 gretie

324 1981 437 2042 Christi
465 1984 626 2065 proprium
657 1987 742 2048 buno
775 1989 919 2051 effectum
951 1991 1089 2070 subjicit,

324 2073 453 2153 implere
467 2075 578 2153 legem,
595 2096 630 2138 ec
643 2085 797 2159 praecepte
817 2080 927 2144 iecere.
954 2083 994 2144 Ut
1019 2101 1092 2144 cum

324 2165 465 2245 scribitt:
482 2190 497 2225 ιι
512 2170 627 2248 Legem
640 2171 752 2233 timore
765 2191 829 2233 non
843 2192 931 2254 posse
944 2175 1068 2255 impleri
1082 2197 1090 2237 :

324 2259 473 2337 quoniem
487 2278 557 2321 cum
572 2279 644 2322 vere
657 2265 696 2323 sit
709 2283 787 2343 opus
799 2266 890 2341 legis,
907 2268 1031 2329 caritate
1044 2268 1089 2343 iit,

325 2366 389 2408 non
399 2350 522 2427 timore,
535 2370 605 2431 quie
615 2355 727 2415 neritus
737 2357 835 2430 gretie
846 2363 892 2418 est
904 2360 979 2419 novi
987 2360 1092 2420 Teste-

326 2440 432 2503 menti.
450 2462 466 2499 r>
484 2444 521 2503 Et
532 2443 611 2504 libro
625 2443 661 2506 de
673 2447 783 2526 spiritu
796 2457 825 2509 et
846 2448 985 2512 litter·o⁸.·
1010 2472 1021 2508 ι
1048 2452 1094 2513 Ex

325 2530 393 2609 lege
420 2533 568 2595 timemus
592 2537 707 2612 Deum;
733 2557 772 2599 ex
795 2540 857 2601 fide
881 2558 1042 2621 speremus
1060 2542 1094 2602 in

327 2623 436 2684 Deum.
468 2625 528 2686 Sed
556 2630 735 2690 timentibus
753 2649 878 2710 poenem
897 2633 1095 2695 absconditur

327 2717 539 2792 gretia.rltem
553 2719 629 2781 illud
642 2741 672 2781 z«
682 2723 789 2784 Timor
800 2724 900 2800 legem
914 2744 979 2787 non
988 2726 1096 2806 imple-

327 2807 395 2883 bet;
423 2827 511 2870 emor
524 2811 675 2892 implevit.
692 2816 1042 2892 Timucruntbcmines‚
1066 2824 1097 2880 et

328 2917 393 2960 non
406 2901 632 2980 impleverunt:
663 2912 694 2967 et
728 2916 921 2978 emev‚erunt
941 2909 1095 2990 etimple-

1171 1162 1422 1244 justificationem
1446 1178 1629 1242 preparare.
1657 1161 1687 1219 3.
1709 1156 1915 1237 Praeupoum

1177 1253 1415 1315 odccrscriorum
1427 1252 1648 1334 fimuomentum
1661 1250 1749 1311 illem
1773 1267 1829 1309 ecre
1839 1267 1915 1308 seu-

1177 1348 1316 1423 tentiam,
1336 1364 1395 1427 qua
1408 1345 1526 1407 nullum
1541 1343 1634 1406 ultum
1650 1347 1758 1424 petunt
1770 1359 1827 1402 etse
1837 1360 1918 1422 pra·

1179 1439 1251 1499 tium
1276 1436 1390 1500 Christi
1412 1444 1524 1518 preter
1552 1436 1708 1497 ceritatem
1735 1452 1848 1507 vuum,
1883 1441 1918 1493 et

1177 1530 1300 1612 proprie
1313 1528 1430 1591 diuam.
1447 1532 1478 1589 l.
1495 1530 1592 1590 Fumi
1606 1526 1731 1587 illorum
1749 1527 1784 1587 iu
1800 1524 1918 1585 <mistio

1182 1621 1287 1684 tuendo
1311 1640 1409 1683 amore
1433 1622 1482 1682 sui
1492 1667 1500 1697 ,
1531 1621 1585 1701 qui
1610 1628 1754 1700 quaemus
1775 1622 1808 1677 iu
1836 1615 1919 1677 uitio

1175 1722 1318 1796 ponetur,
1338 1721 1390 1775 eut
1412 1713 1450 1774 sit
1475 1711 1618 1787 deuectus,
1633 1719 1662 1772 et
1682 1709 1722 1770 ed
1738 1709 1917 1770 institutum

1180 1814 1310 1867 neutum
1319 1806 1455 1881 attinent,
1466 1803 1634 1886 seponitur.
1646 1802 1676 1863 5.
1688 1803 1825 1863 Amorem
1835 1799 1918 1861 tunc

1179 1898 1227 1959 sui
1239 1918 1296 1959 nou
1308 1917 1337 1960 ee
1347 1905 1489 1980 tauquam
1503 1896 1642 1958 ultimum
1663 1893 1751 1975 finem
1764 1892 1823 1954 ribi
1837 1910 1917 1973 pro-

1174 2007 1299 2073 ponere,
1325 1989 1374 2051 sed
1391 1987 1532 2071 peccandi
1544 1987 1723 2049 uoluntatem
1744 1983 1914 2046 excludere.

1181 2085 1212 2145 6.
1239 2083 1278 2147 Ut
1304 2081 1357 2144 boe
1382 2082 1488 2143 melius
1512 2080 1716 2160 intelligatur,
1739 2076 1852 2158 duplex
1876 2095 1919 2137 en

1180 2176 1347 2255 Augustino
1358 2174 1452 2238 radix
1464 2193 1584 2254 operum
1596 2171 1732 2253 ponitur,
1746 2173 1868 2241 ceritas,
1885 2176 1918 2229 et

1180 2262 1342 2344 cupiditas.
1353 2263 1415 2326 Sed
1424 2262 1478 2324 itio
1488 2260 1664 2323 monestrolo
1674 2276 1741 2320 uere
1752 2258 1919 2339 etprcprr'e

1181 2354 1273 2417 dicto.
1295 2359 1325 2417 7.
1348 2354 1432 2431 Quod
1443 2374 1482 2415 cu
1494 2353 1661 2434 Augustino
1680 2350 1918 2416 demonstretur,⁸

1181 2447 1237 2529 qui
1249 2457 1276 2508 et
1288 2445 1378 2528 pidem
1390 2449 1581 2520 securitate,
1610 2450 1760 2505 ettamen
1785 2459 1823 2501 eu
1852 2438 1918 2520 fide

1184 2539 1342 2604 ceritatem
1353 2538 1511 2619 provenire
1536 2535 1621 2597 dicit.
1643 2536 1674 2595 8.
1697 2532 1778 2594 Unde
1791 2531 1918 2593 conctu-

1183 2631 1280 2704 ditur,
1296 2630 1450 2691 ceritatem
1472 2628 1550 2690 atras
1565 2628 1632 2702 lete,
1647 2626 1727 2693 etius
1736 2624 1871 2707 proprie,
1887 2631 1918 2684 ct

1183 2724 1282 2785 stricte
1289 2723 1393 2803 arcipi.
1411 2724 1441 2783 9.
1457 2719 1653 2796 Quomodoeu
1666 2716 1918 2780 tecdutiuctione

1184 2815 1365 2897 Augustinus
1378 2808 1615 2893 interpretandus
1623 2811 1672 2872 cit.

328 2990 463 3055 rerunt.
481 2994 652 3058 »Subdola
666 2997 776 3076 igitur,
792 3006 823 3062 et
840 3002 972 3081 captiose
985 3002 1098 3063 ludunt
1187 3001 1212 3059 I.
1236 2997 1336 3077 Hujus
1350 2996 1501 3074 gehenne
1515 2994 1647 3070 timoris,
1673 3010 1767 3074 quem
1789 2997 1917 3054 antece·
1956 3000 1985 3045 m
2005 2996 2039 3040 bt

329 3083 521 3144 Armeceni
513 3104 547 3146 ιιι
569 3089 716 3166 ambigue
733 3092 957 3172 significatione
976 3095 1096 3173 gretie
1146 3091 1229 3153 dent'
1208 3098 1232 3151 tr
1246 3089 1398 3169 cepiteeb
1414 3088 1660 3151 Armacenorum
1681 3083 1835 3147 calumnia
1848 3083 1919 3143 vin-
1944 3055 2039 3151 hiemi

330 3174 406 3235 dum
417 3176 562 3239 timorem
573 3180 724 3259 gehenne.
734 3182 874 3247 funditus
888 3185 1097 3265 ehjudicente
1147 3183 1333 3257 dicavimus,
1349 3181 1469 3243 soboles
1482 3187 1528 3242 est
1547 3179 1635 3240 dolor
1648 3179 1776 3258 quidem
1785 3177 1823 3237 de
1836 3192 1916 3255 pec

331 3266 444 3328 Christi
457 3271 566 3347 gretie,
582 3279 841 3355 proptereaquod
854 3278 1097 3341 nonsufficited
1148 3282 1215 3338 ceto
1242 3280 1416 3354 susceptus,
1443 3272 1496 3334 sed
1521 3270 1716 3350 imperfectus
1742 3269 1859 3343 edbuc,
1885 3271 1919 3327 et

331 3366 484 3439 precepta
497 3366 703 3443 servende,t
671 3372 703 3427 et
712 3387 806 3449 opere
815 3370 892 3450 legis
901 3372 1096 3452 exequenda
1148 3368 1245 3443 mdis,
1273 3385 1309 3427 ac
1335 3365 1420 3426 velut
1444 3363 1550 3440 gretie
1575 3362 1764 3437 ιιιοιιιιιιιιιι,
1786 3378 1848 3440 qno
1877 3358 1919 3420 ed

332 3450 413 3530 qnod
425 3470 488 3513 esse
502 3457 610 3534 gretrae
619 3476 780 3539 proprium
788 3480 827 3523 cx
841 3464 1013 3542 Augustino
1023 3465 1099 3525 dum
1149 3461 1285 3540 plenem,
1301 3457 1539 3536 uberioremque
1553 3454 1705 3534 justitiam
1733 3452 1917 3532 perpetitur,

332 3543 481 3622 probant,
517 3547 712 3612 dissimulant
741 3570 806 3614 non
837 3555 876 3615 de
902 3561 967 3617 toto
994 3558 1100 3636 gretie
1149 3570 1185 3613 ec
1215 3555 1407 3631 praeparetur
1438 3548 1642 3628 resipiscentis
1674 3545 1812 3606 enimus.
1840 3544 1920 3605 dum

333 3650 446 3710 genere
458 3636 548 3698 illum
562 3639 662 3720 loqui,
679 3644 732 3704 sed
745 3645 783 3705 de
799 3654 924 3708 nctuoso
938 3647 1099 3725 duntaxat,
1149 3660 1313 3725 poenorum
1332 3640 1580 3713 denuntiatione,
1609 3636 1744 3710 territus,
1773 3635 1921 3716 peccandi

334 3727 520 3789 et·robusto
513 3750 600 3837 ,quo
613 3735 707 3795 timor
720 3737 872 3814 gehenne
885 3740 1014 3801 minime
1028 3759 1101 3802 con·
1149 3734 1480 3796 interimvoluntetem
1503 3730 1624 3809 objicit,
1639 3747 1676 3789 ec
1698 3728 1833 3789 melioris
1846 3728 1921 3788 riter

334 3818 473 3882 tinetur:
490 3823 544 3901 qui
569 3824 603 3884 ιιι
630 3827 743 3906 primo,
768 3836 800 3890 et
821 3831 923 3892 adbuc
949 3832 1103 3894 imbecillo
1151 3826 1302 3889 desiderio
1327 3830 1494 3903 concepto,
1515 3823 1555 3882 ed
1577 3820 1755 3899 usurpanda
1782 3819 1922 3880 remedie

335 3913 442 3990 gretie.
453 3931 568 3991 genere
581 3919 723 3996 punitum
737 3922 821 4000 quod
834 3923 924 3985 hone
937 3925 1105 3987 voluntatis
1151 3919 1286 3981 festinet.
1309 3942 1323 3970 α
1336 3920 1415 3978 Cum
1444 3915 1529 3977 enim
1546 3914 1676 3974 timetur
1690 3910 1810 3992 poene‘,
1825 3928 1922 3990 quem

336 4002 429 4064 hehet
440 4004 577 4067 initium.
594 4009 667 4070 ilaec
691 4011 717 4071 si
734 4013 804 4091 quis
821 4014 985 4090 diligenter
998 4018 1104 4079 obser·
1153 4012 1292 4073 minetur
1302 4006 1402 4092 (Deus)
1416 4007 1544 4070 discitur
1556 4005 1656 4067 umeri
1662 4003 1829 4084 premium
1837 4001 1921 4082 quod

337 4100 405 4169 rot,
428 4096 503 4156 novi
523 4098 717 4177 dogmatistae
731 4103 872 4168 fraudem
885 4126 922 4169 ec
939 4100 1105 4173 versutiam
1154 4103 1334 4184 pollinctum
1364 4119 1400 4162 ec
1427 4099 1471 4160 sic
1498 4116 1553 4178 per
1567 4098 1711 4158 timorem
1725 4112 1825 4174 poenae
1839 4094 1923 4155 bona

338 4191 533 4248 contemnet:
560 4209 617 4252 nec
645 4209 676 4253 se
703 4194 743 4255 eb
766 4197 898 4274 salubri,
915 4206 946 4261 et
959 4203 1107 4265 catholiea
1154 4197 1218 4256 rita
1237 4194 1399 4256 retinetur.
1416 4193 1474 4253 Per
1487 4189 1604 4250 bouem
1617 4188 1713 4248 vitem
1736 4186 1821 4247 bone
1846 4203 1922 4248 eon-

338 4278 482 4382 doctrine
506 4281 669 4362 sophistice
698 4284 756 4349 iste
783 4291 976 4354 cevffleuone
998 4295 1108 4356 deduci
1157 4287 1284 4348 scientie
1296 4290 1514 4365 comparatum
1529 4289 1629 4362 utper
1642 4280 1758 4340 bonnm
1771 4279 1925 4340 conscien-

339 4375 483 4450 Patietur.
1157 4380 1232 4440 tiem
1245 4375 1608 4457 nullupoenetimeetur,
1623 4393 1638 4429 ι
1654 4372 1699 4433 eit
1721 4370 1922 4450 Augustinus.

436 4484 440 4491 '
1159 4470 1345 4533 Etlsidorus
1358 4466 1547 4548 Hispalensis
1559 4464 1638 4527 libro
1652 4464 1788 4526 secundo
1801 4467 1924 4524 senten·

1159 4564 1275 4624 tierum
1288 4560 1325 4622 de
1339 4559 1557 4630 summobono,
1574 4557 1672 4637 capite
1686 4572 1765 4631 ιιιι,
1779 4556 1926 4616 timorem

1160 4655 1306 4717 enimdem
1318 4652 1475 4714 conversis
1488 4650 1529 4711 ed
1540 4651 1640 4711 Deum
1651 4647 1927 4710 necessariumcssc

1160 4746 1261 4821 docet,
1276 4748 1312 4804 ut
1324 4743 1412 4805 abeo
1426 4741 1609 4821 incipientes
1622 4738 1787 4819 perfectum
1801 4737 1841 4798 ed
1853 4736 1927 4799 ceri·

1083 4872 1087 4878 .
1160 4842 1257 4899 tetem
1273 4834 1486 4914 proficient.
1472 4833 1577 4894 Ante
1593 4847 1716 4892 necesse
1735 4835 1781 4891 est
1787 4827 1926 4907 ,inquit,

1160 4930 1273 4990 timore
1284 4927 1422 4989 converti
1432 4926 1473 4986 ad
1488 4926 1597 4998 Deum,
1613 4927 1648 4983 ut
1659 4927 1743 4983 metu
1753 4921 1927 4983 futurarum

1163 5036 1327 5101 poenerum
1360 5017 1498 5080 ceruales
1530 5014 1681 5077 illecebre
1713 5013 1924 5076 devincentur.

1163 5112 1279 5174 Deinde
1291 5108 1654 5191 oportctebJectotrmore
1663 5106 1704 5167 ed
1712 5104 1927 5167 emoremvrtoe

1163 5209 1287 5266 eterne
1300 5203 1443 5266 tranche.
1460 5223 1477 5262 u
1497 5202 1540 5262 hc
1552 5200 1592 5262 de
1604 5199 1708 5261 servili
1718 5198 1831 5260 timore
1844 5194 1925 5275 loqrri

372 5405 382 5449 t
398 5403 446 5449 Per.
456 5404 502 5449 u·
513 5403 527 5449 ι
540 5405 596 5459 Aug.
609 5415 630 5461 ιι.
643 5415 669 5448 ιι
678 5415 726 5461 sup.
743 5403 824 5449 beu·
835 5406 849 5449 3
862 5406 915 5463 cup.
927 5418 996 5451 ιιιιιι
1013 5407 1061 5451 suti.
1074 5408 1166 5453 tim-t
1180 5405 1288 5451 Ceuclum
1305 5405 1324 5450 tt
1338 5406 1361 5450 tn
1373 5405 1503 5452 Pure-5
1519 5404 1577 5459 Aug.
1590 5414 1633 5447 ser.
1647 5413 1707 5448 ιιιιι
1717 5403 1821 5456 timue.

1987 3161 2039 3201 ιιιιιι

1961 3212 2039 3269 gebenn

1948 3212 2039 3325 ωιιαιιιιι

1954 3315 2039 3371 colligite
