4122 6248
633 298 683 357 DE
702 295 1006 372 INCARNATIONE,
1029 297 1101 357 ΜΒ.
1123 299 1160 375 V,
1185 298 1271 361 CAP.
1294 300 1332 360 Χ.
1714 298 1768 356 cat

187 456 385 539 decipiendos
397 457 562 538 simplices,
585 475 686 520 unum
708 476 773 520 esse
794 476 847 519 eos
859 474 956 537 argu-
1006 476 1071 521 esse
1085 466 1239 523 naturam.
1268 463 1344 537 Quia
1358 462 1383 523 si
1397 462 1569 524 secundum
1583 461 1774 523 divinitatem

188 551 350 611 menteris.
365 570 381 607 u
1006 550 1099 613 ursius
1111 571 1182 614 cum
1196 555 1285 616 Patre
1298 553 1489 622 substantia,
1503 560 1533 615 et
1546 572 1671 615 rursum
1681 553 1776 615 unius

10 659 167 725 caenosa
231 643 285 703 Vl.
309 642 370 704 Sed
397 643 543 706 adversus
571 643 769 705 Nestorianos
792 643 877 722 justa
904 640 959 703 illu
1006 648 1052 704 est
1064 645 1226 707 nobiscum
1239 646 1410 709 secundum
1424 646 1668 707 incarnationem
1683 651 1774 706 natu·

58 715 118 760 eden

13 765 166 823 mm,
189 734 411 797 catholicorum
425 743 501 806 erat,
512 743 543 799 ct
554 735 708 798 vincibilis
721 753 828 797 causa:
845 735 959 815 quippe
1006 753 1063 811 rae,
1074 737 1207 816 geminae
1221 738 1412 818 estproiecto
1425 744 1578 799 naturaei>
1589 740 1688 812 Quare
1702 754 1776 798 cum

31 827 148 879 obicem

50 879 128 924 iuuit·

190 826 244 907 qui
264 832 409 890 nabrram
423 829 566 891 eamdem
580 834 673 909 atquc
687 828 879 908 hypostasim
894 844 959 889 esse
1007 835 1153 891 naturam
1167 849 1310 907 omnem,
1330 849 1494 911 personam
1509 848 1573 892 esse
1588 828 1775 909 Eutychiani

190 923 347 1000 putantes,
378 929 507 984 natamus
531 923 661 1002 insuper
683 922 761 983 duas
782 920 816 981 in
840 919 959 981 Christo
1007 920 1642 1003 dicerent,eoipsoconvincunturduasin
1653 921 1775 982 Christo

190 1012 277 1075 nulla
290 1014 364 1075 satis
380 1014 471 1077 firma
499 1021 530 1076 ct
540 1023 542 1027 ’
552 1015 664 1076 idonea
682 1014 843 1094 junctione
864 1030 959 1091 copu—
1007 1031 1155 1092 personas
1168 1020 1313 1092 statuere,
1325 1034 1387 1096 quo
1401 1015 1668 1092 naturas,riillius
1681 1033 1775 1094 argu-

189 1105 267 1167 lalas
280 1108 466 1168 asserebant.
482 1108 530 1168 lta
544 1108 628 1169 enim
642 1113 754 1186 quarta
764 1106 833 1167 illos
848 1106 881 1165 in
896 1101 960 1164 Tri-
1008 1106 1217 1183 mactationis,
1228 1108 1305 1169 duas
1317 1108 1406 1170 fateri
1421 1114 1584 1188 coguntur.
1601 1108 1660 1168 Sed
1670 1125 1777 1167 rursus

189 1199 286 1260 nitate
299 1201 484 1279 sequebatur
502 1200 686 1280 hypostasis.
709 1198 751 1259 At
769 1216 844 1259 xero
858 1197 958 1259 Mono-
1008 1196 1103 1258 instat
1115 1197 1260 1278 Vigilius,
1287 1205 1318 1261 et
1345 1200 1595 1280 quandoquidem
1622 1198 1776 1260 Christum

72 1359 76 1364 ,
187 1289 378 1372 plysitarum
388 1291 534 1353 haeresim
548 1291 649 1352 eidem
663 1290 830 1368 suspicioni
843 1307 957 1370 oppor-
1009 1288 1111 1351 aiebat
1135 1292 1299 1371 Eutyches,
1321 1293 1428 1354 «sieut
1455 1310 1527 1353 cum
1553 1294 1657 1368 Patre,
1684 1292 1778 1351 itaet

52 4468 130 4511 Alton

187 1388 298 1444 timum
317 1384 456 1445 habitam
476 1383 580 1458 fuisse,
606 1383 638 1446 id
660 1383 760 1444 muto
787 1381 960 1443 mirabilius
1009 1382 1171 1444 nobiscnm
1185 1386 1337 1446 unitatem
1351 1384 1465 1446 hahere
1480 1384 1669 1459 substantiae,
1684 1406 1700 1441 t>
1717 1383 1778 1444 hoc

188 1475 290 1537 videri
302 1482 413 1557 potest.
426 1477 497 1537 Non
512 1477 616 1537 minus
625 1480 730 1537 tamen
741 1475 799 1537 hac
813 1474 861 1535 isli
874 1474 960 1536 labo·
1008 1481 1054 1536 est
1080 1474 1241 1555 utriusque
1272 1476 1565 1538 consubstantialem
1594 1494 1675 1550 esse;
1704 1475 1777 1535 inde

187 1575 300 1629 rarnnt
320 1569 436 1630 invidia
451 1586 546 1649 quam
569 1569 636 1629 illi:
658 1587 716 1630 nec
736 1567 841 1628 minus
860 1566 957 1646 gravi,
1008 1566 1148 1643 adstruit,
1164 1567 1242 1629 diros
1257 1569 1385 1629 omnino
1396 1568 1531 1629 Christos
1540 1586 1578 1629 ex
1592 1566 1778 1648 professione
1843 1623 1845 1627 .

188 1660 332 1741 quamvis
344 1660 484 1722 dissimili
498 1661 536 1722 de
550 1680 652 1735 carisa,
668 1660 838 1740 etquidem
853 1658 958 1719 multi·
1008 1658 1067 1719 hac
1086 1659 1229 1720 existere.
1253 1661 1383 1741 Quippe,
1415 1681 1430 1717 c
1445 1662 1572 1721 Petrum
1586 1666 1776 1735 nostrorum,

187 1749 653 1830 plici.Harumexpressitunam
659 1749 960 1810 Rusticusdiaconus
1007 1750 1062 1828 ait,
1078 1751 1271 1828 auctoritate,
1285 1758 1317 1814 et
1330 1754 1489 1814 communi
1499 1744 1641 1813 omnium
1655 1752 1778 1830 sapien·

188 1841 223 1902 io
237 1840 452 1922 Disputatioae
464 1851 569 1906 contro
586 1841 765 1924 Acepdalos,
786 1860 824 1902 ex
843 1841 958 1902 horum
1007 1841 1089 1904 tium
1109 1843 1244 1922 jndicio,
1269 1864 1334 1906 non
1362 1851 1408 1908 est
1432 1846 1536 1920 unius,
1562 1845 1615 1906 sed
1630 1845 1777 1917 duorum,

188 1934 312 1996 decreto
321 1935 640 2015 petitam3quodante
650 1935 958 1996 unitionemnaturas
1008 1936 1258 1998 communionem
1283 1937 1420 2016 ejusdem
1445 1937 1559 1998 hahere
1584 1936 1774 1997 substantiae.

187 2025 283 2089 fuisse
296 2028 373 2089 duas
385 2028 567 2117 faterentur.
587 2028 696 2104 allos,
709 2025 838 2106 inquit¹,
855 2026 958 2106 potius
1009 2029 1054 2089 Ac
1065 2030 1108 2089 sic
1121 2029 1198 2089 duos
1210 2029 1301 2090 nohis
1318 2030 1469 2109 quosdam
1488 2029 1622 2090 Christos
1636 2029 1775 2090 inducis:

188 2119 429 2199 quatenritatem
452 2119 600 2182 inducere
614 2120 879 2193 demonstramus,
903 2118 959 2198 qui
1009 2138 1121 2196 tinum,
1150 2121 1204 2201 qui
1230 2140 1303 2183 eum
1327 2125 1420 2183 Patre
1447 2122 1540 2183 unius
1554 2123 1593 2182 sit
1606 2122 1778 2189 seeundum

189 2230 269 2286 eam,
284 2231 354 2293 quae
369 2211 481 2274 dicitur
494 2213 646 2293 Ephesina
660 2211 793 2273 secunda
807 2211 956 2291 synodus,
1008 2211 1202 2274 diuinitatem
1215 2213 1394 2275 substantiae
1407 2234 1414 2274 :
1427 2214 1535 2289 alium,
1552 2214 1605 2293 qui
1616 2215 1778 2276 nobiscum

188 2322 255 2365 non
278 2304 405 2383 potestis
429 2305 578 2381 abnuere,
595 2304 667 2383 quia
680 2304 862 2365 Dioscorum
881 2319 956 2363 con·
1007 2305 1179 2365 secuudum
1193 2323 1319 2368 carnem
1332 2307 1484 2368 unitatem
1504 2305 1617 2367 babeat
1635 2311 1775 2367 naturae:

188 2397 337 2458 demnare
351 2415 416 2458 non
436 2397 541 2457 virttis.
558 2396 614 2458 Ilte
634 2396 719 2458 enim
739 2412 810 2457 cum
828 2399 892 2455 tota
905 2394 958 2454 illa
1008 2397 1182 2476 quomodo,
1203 2404 1239 2457 ut
1252 2398 1336 2473 dixi,
1353 2404 1459 2459 nostra
1487 2403 1519 2460 et
1533 2398 1632 2459 Putris
1655 2403 1780 2459 nonest

188 2489 306 2550 nelarm
320 2489 450 2568 synodo,
467 2488 651 2569 approbavit
664 2485 958 2567 Eutychishceretici
1007 2506 1073 2549 una
1081 2490 1263 2551 substantia.
1280 2492 1328 2551 Tu
1341 2497 1446 2552 autem
1467 2491 1503 2550 in
1515 2490 1635 2551 Christo
1653 2489 1778 2551 noluisti

187 2599 297 2642 rocem
324 2581 388 2642 illic
412 2581 494 2642 inter
521 2586 727 2643 monumenta
753 2580 953 2660 deponentis:
1008 2580 1164 2661 duplicem
1188 2600 1253 2644 esse
1276 2587 1433 2644 naturam.
1461 2584 1589 2644 Necesse
1611 2598 1684 2658 ergo
1707 2581 1776 2658 erit,

197 2673 275 2749 Quia
284 2672 425 2755 confiteor
437 2671 511 2734 duas
522 2679 646 2734 naturas
658 2672 751 2754 scisse
765 2680 831 2735 oute
843 2672 957 2733 unitio·
1007 2674 1178 2734 secundum
1203 2674 1286 2754 quod
1310 2674 1473 2754 profiteris,
1490 2675 1587 2736 alium
1601 2693 1666 2737 esse
1687 2674 1777 2734 Chri-

188 2784 272 2827 ueur:
283 2774 348 2847 post
361 2766 523 2828 unitionem
536 2785 616 2842 vcro,
632 2783 723 2828 uuum
737 2774 875 2826 secturam
890 2784 959 2827 cou-
1007 2770 1101 2840 stum,
1113 2766 1168 2845 qui
1177 2784 1249 2827 cum
1258 2768 1351 2828 Patre
1360 2765 1472 2829 habeat
1480 2768 1633 2829 unitatem
1640 2767 1779 2828 substan·

190 2857 285 2925 ἦτρον.
317 2858 352 2919 Si
369 2858 463 2938 igitur
483 2864 556 2920 ante
576 2857 865 2919 inhumanationem
888 2859 958 2920 duoe
1006 2856 1081 2931 tioe3
1098 2858 1209 2934 alium,
1230 2859 1283 2938 qui
1297 2858 1472 2921 nobiscum.
1490 2859 1566 2934 Quia
1579 2860 1606 2920 si
1619 2877 1684 2920 non
1696 2877 1778 2919 unus

188 2957 310 3012 naturae
336 2951 481 3027 luerunt,
506 2950 607 3011 idest
634 2969 699 3011 una
724 2950 831 3025 Patris,
862 2950 960 3012 altera
1008 2955 1155 3030 utrasque
1178 2950 1283 3027 habet,
1314 2968 1386 3011 cum
1416 2952 1487 3013 duoe
1509 2951 1582 3027 sint,
1610 2958 1646 3012 tu
1673 2956 1778 3012 autem

190 3043 326 3124 Spiritus
352 3042 448 3104 sancti
481 3041 554 3124 (nec
580 3043 666 3104 enim
697 3042 960 3123 poteruntaliter
1008 3046 1156 3121 utrasque
1168 3042 1283 3103 hahere
1297 3041 1420 3104 dixisti:
1437 3043 1498 3104 duo
1511 3044 1573 3104 sint
1584 3061 1707 3104 necesse
1720 3048 1775 3122 est,

187 3138 284 3197 trium
305 3141 368 3196 tres
388 3154 456 3197 esse
478 3132 608 3216 naturae)
634 3135 705 3196 duae
732 3153 805 3195 vero
831 3139 905 3195 tuuc
928 3139 960 3195 et
1008 3132 1062 3211 qui
1089 3132 1226 3212 singulas
1246 3134 1403 3196 habeant:
1434 3141 1465 3197 et
1488 3153 1544 3215 per
1564 3135 1596 3196 id
1609 3153 1664 3197 vos
1677 3135 1780 3215 potius

188 3228 300 3289 Christi
309 3233 429 3289 naturae
437 3227 852 3307 antennitionemtquatuor
864 3226 959 3306 igitur
1008 3224 1245 3302 quaternitatem
1273 3227 1415 3288 Ecclesia
1438 3227 1644 3303 introducitis,
1672 3227 1778 3307 quiin

188 3325 330 3394 naturas,
346 3321 427 3382 circa
440 3325 556 3382 vestras
569 3320 721 3396 rationes,
737 3320 795 3380 etsi
815 3338 879 3380 non
894 3337 960 3381 esse
1009 3334 1072 3376 uno
1093 3316 1212 3377 Christo
1239 3321 1404 3397 utramque
1426 3325 1570 3380 naturam
1597 3319 1687 3380 interi
1713 3338 1778 3380 non

188 3431 273 3474 rrunc
298 3431 408 3493 usque,
438 3418 543 3474 tamen
571 3418 642 3473 ante
666 3411 840 3473 unitionem
867 3412 959 3473 inisse
1008 3407 1111 3469 virttis.
1132 3408 1260 3469 »Addit
1280 3427 1355 3470 mox
1376 3409 1528 3471 uberioris
1555 3409 1778 3490 explanationis

188 3504 353 3567 inducitis:
375 3510 407 3567 et
431 3524 480 3583 ex,
493 3505 700 3585 quaternitate
725 3505 957 3585 praeexistente,
1008 3501 1127 3579 gratia:
1144 3501 1312 3562 «Patresin
1323 3502 1449 3564 Niceeno
1462 3502 1778 3583 concilioprofltentes

187 3603 328 3660 sanctam
341 3598 523 3659 Trinitatem
547 3603 654 3678 postea
674 3597 786 3659 iactam
803 3596 957 3658 inducitis.
1009 3594 1131 3654 Patrem
1144 3598 1175 3653 et
1188 3593 1303 3653 Filium
1314 3594 1408 3657 unius
1417 3613 1483 3657 esse
1498 3595 1687 3672 substantiae,
1701 3596 1778 3657 duas

189 3691 321 3769 Insuper
333 3676 645 3769 hus'praeexistentes,
657 3693 693 3749 ut
704 3689 816 3762 dicitis,
826 3689 960 3751 unitioni
1009 3686 1117 3765 utiquc
1140 3703 1288 3765 personas
1309 3687 1343 3746 in
1370 3688 1489 3748 unitate
1515 3693 1636 3749 naturae
1664 3687 1777 3748 intelli-

188 3788 316 3845 naturas
329 3782 482 3862 siquidem
492 3800 675 3863 permanere
684 3800 769 3842 nunc
778 3782 958 3861 usqnedici-
1009 3778 1125 3857 gendes
1137 3777 1367 3857 religiosissime
1382 3779 1583 3841 tradiderunt.
1613 3779 1711 3856 Igitur
1723 3798 1778 3842 vos

187 3875 246 3951 tis;
275 3874 531 3955 quaternitatem,
559 3874 638 3935 sicut
649 3873 778 3953 inquitis
791 3873 892 3950 nobis,
906 3891 961 3935 ros
1010 3887 1082 3932 cnm
1090 3869 1336 3932 dicitisVerbum
1348 3876 1512 3933 etearnem
1522 3872 1615 3933 unius
1628 3889 1693 3933 esse
1707 3872 1779 3933 srah-

188 3968 290 4047 magis
302 3966 451 4036 veraciter
464 3966 559 4045 impie
573 3966 690 4027 colitis:
706 3966 778 4044 quia
792 3966 876 4045 quod
891 3985 962 4027 con·
1011 3962 1143 4037 stantiae,
1156 3962 1232 4023 duas
1243 3962 1334 4023 nobis
1343 3963 1454 4025 Christi
1468 3982 1624 4043 personas,
1639 3964 1778 4044 duosque

188 4060 330 4139 sequitur
352 4077 391 4120 ex
406 4059 475 4133 his,
499 4077 570 4138 quae
594 4058 739 4119 dicuntrn
752 4076 770 4117 a
783 4057 890 4132 vobis,
906 4075 961 4119 vos
1011 4054 1147 4115 Christos
1159 4054 1316 4120 inducitis.
1331 4078 1347 4114 u

188 4150 247 4231 ipsi
260 4169 325 4211 non
338 4151 478 4230 poteritis
502 4149 650 4211 abnuere.
673 4150 707 4211 Si
721 4167 796 4211 vero
809 4167 874 4210 non
887 4154 962 4210 sunt
1051 4146 1231 4208 Ambrosius
1252 4166 1377 4228 quoque
1399 4149 1478 4210 libro
1495 4147 1531 4210 de
1552 4148 1775 4229 laomellum,

187 4243 339 4304 lmctenus
352 4243 423 4304 dues
438 4243 663 4319 determinate,
680 4241 960 4322 aliquandovestra
1010 4240 1109 4319 capite
1132 4256 1191 4315 vn,
1205 4240 1263 4300 sub
1285 4240 1392 4317 finem,
1413 4263 1428 4299 a
1441 4241 1510 4303 illos
1535 4243 1645 4322 magis,
1674 4243 1707 4303 id
1733 4248 1779 4304 est

190 4335 381 4415 quaternitas
395 4352 460 4396 esse
474 4335 606 4396 desierit.
626 4357 638 4395 s
1010 4332 1254 4412 Apollinaristas,
1268 4334 1321 4412 qui
1336 4352 1462 4396 caruem
1476 4326 1587 4395 Christi
1601 4334 1695 4396 unius
1708 4353 1779 4397 cum

229 4428 299 4488 VII.
324 4426 460 4488 Alteram
484 4428 639 4488 rationem
657 4426 796 4506 suggerit
816 4426 960 4506 vigilius,
1011 4424 1171 4485 divinitate
1185 4425 1252 4502 ejus
1263 4424 1370 4486 dicunt
1382 4444 1447 4487 csse
1459 4426 1648 4503 substantie,
1660 4429 1779 4489 tetrada

23 4522 93 4566 Μὴ·
104 4520 166 4577 lisl-
189 4518 230 4579 ob
244 4537 341 4598 quam
352 4519 534 4599 Eutychiani
544 4519 684 4594 inillam,
700 4535 795 4599 quam
806 4518 963 4579 catholicis
1010 4515 1156 4577 inducere
1168 4517 1370 4579 demonstrat.
1380 4519 1448 4579 Non
1459 4518 1779 4598 enimquodejusdem

31 4572 61 4617 uo
73 4575 152 4623 allatu.
191 4609 198 4623 .

188 4610 397 4690 imputabant,
413 4611 653 4689 quaternitatem
674 4609 861 4687 inciderent,
878 4610 962 4689 quod
1011 4607 1191 4671 substantiae
1212 4614 1268 4683 est,
1290 4628 1384 4684 unus,
1408 4610 1462 4672 sed
1489 4628 1589 4671 unum
1617 4625 1674 4672 est.
1700 4612 1778 4672 Nam

189 4709 222 4764 et
233 4702 294 4782 ipsi
316 4707 443 4763 naturas
457 4702 534 4763 diras
559 4701 661 4780 iuviti,
682 4707 713 4763 et
739 4700 823 4762 aliud
837 4706 963 4779 agentes
1011 4699 1119 4780 utique
1132 4700 1245 4762 Filium
1259 4700 1398 4779 ejusdem
1411 4720 1484 4763 cum
1496 4704 1589 4764 Patre
1601 4703 1779 4765 substantiae

190 4794 382 4856 inducerent.
399 4815 411 4850 s
428 4793 539 4855 Dixisti
551 4794 656 4870 edam,
669 4791 853 4871 aitVigilius
866 4792 964 4854 haere·
1011 4791 1192 4853 confitentes
1211 4793 1245 4853 in
1266 4798 1400 4855 mactatu
1422 4794 1544 4855 concilii
1562 4795 1695 4872 Nicaeni‚
1714 4813 1780 4857 non

191 4884 287 4948 ticum
301 4885 700 4965 compellans¹,quodsicut
713 4885 807 4945 nnius
821 4884 964 4945 substan·
1011 4901 1107 4944 unam
1132 4901 1308 4963 personam,
1333 4886 1387 4947 sed
1412 4905 1508 4947 unam
1532 4887 1725 4948 divinitatem
1746 4888 1780 4947 in

190 4976 392 5038 tiaeestFilins
399 4978 569 5038 cnmPatrc
577 4976 748 5039 secundum
756 4976 961 5054 divinitatem,
1011 4975 1101 5038 Patre
1115 4982 1146 5036 et
1162 4976 1238 5037 Filio
1252 4977 1462 5039 crediderunt.
1478 4980 1558 5056 Ergo
1568 4997 1640 5040 cum
1655 4978 1776 5056 dieunt,

192 5067 236 5128 ita
247 5069 341 5130 unius
355 5067 534 5129 substantie
548 5068 774 5139 estnohiscum,
790 5068 963 5129 secundum
1011 5068 1150 5146 ejusdem
1177 5087 1312 5146 carnem,
1341 5071 1428 5149 cujus
1454 5076 1485 5131 et
1511 5070 1593 5130 tilius
1621 5070 1676 5131 Dei
1701 5076 1777 5147 erat,

192 5159 448 5223 incarnationem.
472 5161 538 5234 Qua
561 5160 769 5240 professione,
798 5168 834 5222 ut
860 5166 964 5222 tecum
1010 5160 1102 5222 fuisse
1116 5159 1295 5245 substantiae
1318 5161 1378 5240 ipsi
1405 5162 1489 5240 quod
1511 5160 1601 5222 nobis
1616 5162 1778 5240 objiciunt,

193 5250 373 5331 simpliciter
386 5270 489 5331 agam,
506 5252 660 5333 duplicem
675 5253 709 5313 in
723 5252 844 5314 Christo
857 5251 963 5314 fateris
1011 5252 1135 5333 ineptiis
1141 5252 1411 5315 vanaeassertionis
1418 5255 1636 5329 incurrunt,ut
1642 5254 1780 5316 dividant

222 5446 232 5492 s
249 5446 312 5492 susi.
326 5454 342 5492 ι.
358 5445 476 5493 tresu-
488 5447 502 5491 s
516 5446 582 5505 ugo.
597 5448 625 5494 rr
635 5450 694 5495 unt.
704 5448 755 5494 ru.
770 5447 819 5493 cu
833 5446 889 5493 sess

1822 4192 1935 4238 Ambrosii

1816 4246 1934 4292 malentis.
