4136 6178
333 333 373 393 60
848 336 1179 399 renumerantur!
1201 336 1422 399 DQGMATUM

207 504 262 549 tto
373 497 414 557 V.
437 497 504 571 Quo
524 498 650 577 quidem
669 498 703 560 in
723 499 801 575 loco,
822 500 903 561 mira
920 507 967 562 est
984 501 1097 579 Apolo-
1150 520 1245 582 quam
1258 502 1425 582 perlectam
1438 503 1615 579 mcitatem,
1631 519 1693 582 qua
1705 501 1916 582 superomnia

162 560 299 674 mr'uf'fnw
332 585 442 666 gistae,
466 590 622 669 totiusque
644 592 720 651 adeo
742 597 834 653 sectae
856 593 1100 654 Armacanorum
1150 595 1289 671 diligitur
1302 595 1393 671 Deus,
1408 613 1540 674 quaeque
1551 594 1698 674 peccandi
1711 594 1913 664 voluntatem,

68 728 78 745 ,
163 662 309 719 ‘'¹⁰⁰⁸'¹⁰'¹¹¹⁸
333 679 786 761 incogitantia3quiinCh1isti
805 684 981 747 definienda
1000 687 1100 765 gratia
1150 691 1182 746 et
1192 686 1338 746 affectum
1348 686 1482 747 excludit
1495 704 1632 747 omnem.
1647 685 1771 746 Etenim
1786 686 1812 744 si
1830 683 1917 744 nulla

333 769 427 846 faedo,
451 776 482 832 et
504 771 709 834 inextricabili
729 793 834 837 errore
855 782 928 837 sunt
949 776 1039 856 lapsi,
1065 795 1099 838 ac
1150 777 1389 839 estaliaChristi
1401 778 1512 857 gratia,
1528 782 1637 857 practer
1651 795 1732 849 earn,
1746 777 1915 855 quaDcum

334 861 531 924 densissimas
552 864 611 924 sihi
634 865 820 929 nebularum
843 869 987 929 tenebras
1003 868 1100 929 obdu·
1151 886 1226 943 oere,
1241 868 1361 942 sincere,
1377 874 1409 928 et
1426 875 1459 928 ut
1472 876 1584 949 oportet
1603 866 1772 948 didymus·
1785 884 1857 945 quae
1870 871 1917 925 cst

333 961 457 1031 xerunt,
478 973 496 1016 e
519 956 632 1035 quibus
655 958 793 1036 eluctari,
813 977 849 1020 ac
871 961 1030 1039 proripere
1054 978 1097 1033 se,
1150 960 1269 1035 caritas,
1284 960 1348 1021 sive
1359 959 1443 1020 bona
1454 960 1598 1021 voluntas
1615 979 1622 1019 :
1638 976 1709 1019 caim
1724 958 1829 1018 cadem
1843 956 1917 1017 lona

334 1046 399 1106 sinc
422 1047 584 1109 manifesto
607 1048 681 1109 tidei
707 1050 868 1113 Catholicis
893 1052 1040 1131 periculo,
1064 1070 1101 1112 ac
1150 1050 1284 1112 volentos
1299 1051 1338 1110 sit
1350 1051 1512 1131 ejusmodi,
1522 1068 1615 1130 quaa
1629 1054 1753 1130 peceato
1761 1066 1819 1109 nos
1829 1066 1919 1109 aver·

334 1137 493 1217 dispendio
509 1146 679 1219 nequeunt.
705 1142 805 1214 Quam
819 1143 904 1203 enim
917 1143 1054 1217 amicam,
1070 1148 1102 1204 et
1149 1142 1257 1215 timus,
1269 1147 1301 1202 et
1323 1143 1361 1202 ad
1387 1145 1486 1204 Deum
1499 1160 1557 1202 nos
1571 1142 1794 1215 convertimus;
1807 1157 1917 1219 quem-

333 1230 458 1309 proprie
480 1232 594 1292 dictam
611 1231 722 1292 Christi
744 1235 877 1311 gratiam
895 1253 960 1295 csse
975 1235 1099 1313 jubent,
1149 1233 1318 1293 admodum
1332 1234 1415 1294 mma
1439 1233 1584 1294 voluntas
1602 1239 1659 1308 est,
1678 1250 1739 1311 qua
1752 1250 1810 1293 nos
1823 1250 1842 1291 a
1854 1233 1918 1291 Deo

334 1337 405 1380 cam
429 1322 467 1381 iis
490 1322 653 1398 Augustini
678 1324 848 1401 sententiis,
870 1332 900 1386 et
922 1326 1101 1404 hujusmodi
1150 1325 1329 1397 avertimus,
1357 1331 1388 1386 et
1410 1325 1449 1385 ad
1481 1330 1654 1386 creaturam
1686 1322 1918 1397 convertimus3

334 1414 524 1486 argumentis
548 1414 741 1494 approbant,
768 1434 835 1495 qum
861 1417 919 1478 hoc
946 1416 1101 1478 affirmare
1150 1417 1293 1496 sequitur
1306 1418 1387 1478 hano
1401 1417 1500 1496 ipsam
1512 1417 1922 1495 aversionemapeceato,et

334 1505 598 1580 cogunt;nultam
612 1524 678 1566 esse
688 1507 817 1581 gratiam
827 1508 900 1568 novi
913 1508 1101 1569 Testamenti
1151 1508 1385 1569 conversionem
1403 1508 1443 1568 ad
1461 1508 1576 1582 Deum,
1595 1508 1635 1567 ab
1656 1525 1692 1567 ea
1710 1506 1789 1567 effici
1808 1506 1917 1582 gratia,

334 1599 448 1675 praeter
474 1596 646 1672 robustam,
674 1604 706 1658 et
731 1605 888 1660 actuosam
915 1600 1011 1675 illam,
1040 1618 1102 1679 qua
1152 1617 1222 1678 quae
1234 1600 1298 1659 sola
1312 1599 1495 1660 medicinale
1507 1599 1617 1659 Christi
1628 1597 1778 1659 auxilium
1792 1597 1916 1657 dicitur:

335 1687 482 1746 mandata
491 1687 545 1747 Dei
558 1695 734 1765 servare,et
747 1709 815 1769 quae
834 1691 871 1751 iis
885 1690 1104 1770 praecipiuntur
1152 1693 1185 1750 ct
1208 1708 1276 1769 qum
1300 1691 1354 1752 illo
1383 1696 1465 1752 caret
1492 1690 1612 1766 effecto,
1628 1708 1693 1749 non
1717 1706 1782 1750 osse
1806 1687 1918 1749 Christi

334 1777 477 1857 proxime
504 1781 614 1859 exequi
635 1780 797 1858 possimus.
826 1784 872 1842 Ex
897 1801 960 1861 quo
974 1800 1045 1861 quae
1069 1782 1103 1842 in
1153 1783 1285 1859 gratiam
1301 1801 1309 1843 ε
1325 1782 1396 1856 hoc,
1416 1782 1557 1861 inquam,
1574 1783 1744 1842 Armaouira
1767 1782 1824 1841 ista
1846 1781 1919 1841 doc-

335 1867 404 1927 illos
417 1871 560 1931 recidunt
578 1872 788 1951 incommoda,
803 1880 835 1935 ct
847 1873 1105 1954 ahsurda.postca
1154 1873 1247 1945 trina,
1255 1879 1286 1934 et
1296 1874 1530 1935 ratiocinatione
1537 1874 1707 1935 necessario
1714 1873 1917 1933 concluditur.

336 1959 626 2024 demonstrabimus.
674 1966 762 2027 Nunc
804 1966 936 2026 istorum
968 1966 1103 2026 rationes
1154 1962 1249 2042 Atqui
1272 1983 1353 2043 ocra,
1374 1970 1499 2041 sincera,
1524 1970 1555 2026 et
1580 1963 1697 2044 quolam
1717 1982 1773 2024 esse
1796 1971 1919 2044 oportet,

336 2054 552 2131 expromendas
566 2070 649 2133 sunt,
665 2060 696 2118 ct
710 2057 749 2118 ad
764 2058 954 2119 Catholicam
963 2057 1104 2137 regulam
1155 2056 1273 2115 aversio
1300 2062 1477 2137 epaeneto,
1502 2062 1534 2116 et
1559 2055 1717 2117 conversio
1744 2055 1782 2116 ad
1808 2057 1918 2129 Deum,

336 2144 504 2218 exigendae.
1157 2164 1283 2207 omnem
1297 2149 1414 2227 peccati
1424 2148 1588 2223 affectum,
1604 2167 1640 2208 ac
1650 2147 1765 2208 malam
1778 2147 1922 2208 volunta·

1157 2243 1221 2298 tem
1235 2257 1274 2299 ex
1286 2241 1391 2300 animo
1413 2239 1504 2318 ejicit.
1520 2241 1551 2300 Si
1575 2239 1659 2300 enim
1677 2256 1805 2318 peccare
1820 2239 1923 2300 adhuc

1157 2329 1303 2406 delectat,
1331 2336 1363 2391 ct
1385 2330 1533 2410 pestilera
1558 2331 1729 2408 cujuspiam
1755 2330 1922 2411 voluptatis

1156 2421 1289 2483 nexibus
1322 2423 1474 2495 irretitus,
1498 2440 1532 2483 ac
1565 2423 1747 2483 constrictus
1780 2428 1920 2499 tenebar,

572 2469 758 2552 CAPUT
813 2473 864 2554 V·
1157 2531 1353 2592 nequeverc,
1367 2533 1403 2575 ac
1417 2515 1554 2590 sincere,
1573 2533 1631 2575 nec
1644 2520 1680 2574 ut
1700 2520 1822 2594 oportet
1836 2521 1923 2575 outa

1157 2611 1280 2682 peccato
1294 2612 1341 2667 est
1353 2623 1490 2683 aversus,
1509 2607 1616 2667 autad
1630 2607 1731 2667 Deum
1745 2624 1920 2669 conversus.

1158 2696 1259 2770 Quare
1280 2698 1421 2759 nondum
1434 2716 1509 2759 vera
1526 2703 1572 2759 est
1589 2697 1711 2776 adjrrm
1733 2698 1788 2758 ilci
1804 2699 1922 2772 gratim

339 2784 516 2845 Armocuuov
536 2781 650 2844 nulum
671 2782 787 2847 Christi
799 2785 934 2866 pretium
946 2785 1108 2847 medicina·
1158 2807 1226 2868 quae
1248 2789 1313 2850 sola
1333 2807 1441 2850 veram
1454 2790 1547 2850 istam
1569 2788 1924 2864 conversioncmefficit3

380 2875 435 2936 lem
450 2895 601 2957 agnoscere
616 2874 707 2937 oliam
719 2895 808 2956 quom
820 2877 988 2955 caritatem,
1001 2877 1055 2939 hoc
1067 2886 1108 2938 est
1158 2898 1230 2941 eum
1241 2881 1327 2941 nulla
1341 2880 1391 2956 sit,
1407 2899 1445 2941 ex
1458 2899 1541 2941 novo
1556 2880 1609 2940 illo
1618 2881 1772 2959 dogmate,
1782 2898 1925 2959 quaenon

374 2966 550 3049 perfectam,
567 2968 785 3029 dmonstratae·
807 2987 844 3029 aa
865 2970 995 3050 quinque
1014 2990 1106 3050 orpu-
1157 2989 1266 3032 revera
1285 2972 1345 3032 hoc
1367 2971 1490 3045 efficiat,
1512 2972 1571 3032 hoc
1593 2977 1639 3033 est
1658 2971 1764 3033 efficax
1781 2973 1831 3033 sit.
1854 2972 1926 3045 Qui·

379 3067 544 3120 naentorum
568 3058 650 3136 loeis,
670 3078 740 3141 quoa
761 3060 792 3120 in
812 3079 875 3121 com
890 3079 950 3121 run
964 3061 1103 3140 offerent.
1157 3082 1291 3143 cumque
1301 3078 1375 3139 ergo
1385 3069 1488 3124 motus
1499 3069 1545 3124 est
1553 3063 1721 3142 animi,qui
1732 3069 1925 3144 peccatorem

1157 3152 1197 3212 ad
1211 3153 1309 3212 Deum
1319 3151 1450 3229 perfecte
1463 3170 1528 3213 non
1538 3152 1700 3225 convertit,
1717 3170 1774 3213 nco
1787 3151 1897 3213 avertit
1905 3172 1927 3213 a

382 3243 403 3303 1.
428 3242 571 3322 Quinque
603 3242 686 3303 locos
725 3248 981 3322 argumentorum
1014 3262 1107 3322 supra
1158 3244 1305 3324 peccandi
1318 3242 1430 3305 affectu
1445 3263 1453 3303 :
1469 3244 1550 3322 quod
1566 3244 1666 3322 plenae
1680 3243 1926 3323 cstacpertectan

259 3326 269 3355 ⁸
340 3336 439 3414 capite
452 3335 554 3414 primo
568 3334 811 3414 percensuimus,
819 3336 931 3414 quibus
941 3336 1107 3396 Armacani
1158 3334 1335 3407 voluntatis,
1359 3334 1391 3395 id
1417 3339 1463 3395 est
1489 3333 1623 3395 caritatis
1653 3354 1660 3395 :
1690 3333 1811 3395 alienus
1836 3339 1882 3395 est
1904 3353 1927 3395 a

264 3474 266 3478 .
340 3427 446 3501 gratiae
472 3425 585 3487 Christi
611 3426 801 3488 medicinalis
823 3426 856 3485 in
876 3443 913 3487 eo
936 3427 1026 3487 sitam
1041 3445 1106 3488 esse
1158 3426 1333 3487 medicinali
1346 3425 1498 3503 adjutorio
1513 3425 1636 3486 Christi.

340 3518 495 3579 rationem
509 3518 653 3598 probant,
664 3524 700 3579 ut
705 3518 746 3578 sit
758 3539 773 3575 a
786 3517 920 3578 caritatis
933 3518 1104 3598 inspiratio,
1201 3519 1238 3578 11.
1261 3519 1378 3579 Rursus
1388 3518 1428 3579 ad
1440 3518 1577 3596 ejusdem
1590 3517 1838 3578 constituendam
1854 3533 1928 3593 gra·

340 3628 401 3690 qua
415 3608 479 3683 fiat,
489 3616 525 3670 ut
537 3611 637 3670 ileum
650 3627 734 3681 vere,
750 3611 918 3685 sincere,et
929 3616 964 3670 ut
973 3615 1104 3689 oportet,
1159 3609 1211 3671 tiae
1245 3610 1481 3688 proprietatem,
1509 3626 1581 3688 quas
1616 3625 1685 3669 cam
1714 3625 1731 3668 a
1759 3608 1928 3685 Pelagiana

340 3700 513 3777 diligamus.
524 3722 538 3758 a
551 3701 596 3761 Ex
610 3700 672 3760 illis
685 3700 805 3781 primus
817 3700 903 3760 locus
921 3718 972 3761 eas
986 3701 1107 3779 Augus·
1159 3700 1331 3776 distinguit,
1340 3700 1504 3779 Augustini
1514 3699 1726 3760 testimonium
1734 3698 1833 3775 affert
1842 3700 1928 3778 quod

339 3793 398 3852 tini
411 3792 577 3853 sententias
592 3791 719 3870 colligit,
736 3817 749 3844 ι
762 3809 832 3871 quae
844 3791 988 3870 gratiam,
996 3792 1034 3852 de
1045 3811 1107 3871 qua
1159 3791 1245 3853 illam
1271 3809 1336 3852 csse
1363 3792 1478 3852 bonam
1501 3792 1694 3852 voluntatem
1716 3790 1841 3863 indicat,
1861 3791 1929 3853 sive

340 3902 365 3945 s.
382 3883 573 3963 Augustinus
589 3883 709 3958 satagit,
723 3883 805 3943 etde
820 3900 881 3962 qua
897 3882 1021 3961 proprie
1036 3902 1107 3944 cum
1158 3884 1410 3945 caritatemCum
1424 3884 1508 3944 enim
1520 3882 1658 3959 Pelagius
1667 3882 1929 3960 «possibilitatem

342 3974 512 4053 Pelagianis
526 3975 735 4036 controversia
747 3974 816 4042 tuit,
830 3992 899 4035 eam
908 3991 973 4034 csse
983 3975 1109 4036 demon·
1159 3992 1224 4034 non
1237 3973 1412 4054 peccandr,
1427 3975 1490 4035 sive
1508 3974 1640 4052 gratiam
1654 3974 1678 4049 ²,
1693 3972 1760 4033 sine
1773 3992 1836 4052 qua
1846 3973 1929 4033 nihil

343 4071 429 4141 strat,
445 4085 506 4146 qua
522 4065 559 4126 fit
569 4071 606 4127 ut
615 4066 722 4140 homo,
735 4066 867 4144 quiante
875 4064 934 4125 fuit
943 4065 1110 4127 voluntatis
1158 4064 1233 4126 honi
1264 4083 1426 4143 possumus
1458 4064 1570 4137 facere,
1594 4090 1608 4118 ι
1642 4082 1712 4143 quae
1737 4069 1783 4125 cst
1817 4064 1928 4125 Christi

342 4156 443 4224 malm.
474 4156 586 4217 habeat
611 4156 805 4217 voluntatem
829 4155 954 4218 honam.
984 4183 997 4211 ι
1024 4159 1111 4220 Hanc
1159 4156 1350 4217 medicinalis
1362 4156 1471 4235 gratia,
1487 4156 1522 4216 in
1535 4161 1667 4233 natura,
1686 4155 1828 4217 etlibero
1841 4155 1928 4216 arhi-

342 4266 436 4328 porro
461 4249 597 4323 malam,
632 4247 808 4326 bonamque
841 4248 1033 4309 voluntatem
1066 4251 1110 4310 ita
1159 4248 1219 4308 trio
1229 4247 1403 4326 collocaret,
1425 4253 1461 4308 ut
1473 4247 1567 4307 relect
1581 4246 1792 4323 Augustinus⁸
1807 4247 1877 4307 :hic
1888 4264 1930 4309 ex

343 4339 486 4400 describit
517 4340 626 4401 citatus
659 4339 775 4400 ibidem
808 4340 998 4419 Augustinus
1030 4341 1109 4401 libro
1160 4340 1287 4401 adverso
1302 4357 1358 4418 pro
1374 4338 1529 4399 Catholica
1545 4338 1605 4398 tide
1618 4343 1712 4405 stans,
1722 4355 1792 4398 eam
1804 4336 1930 4416 passibi-

277 4476 282 4485 .
343 4431 478 4491 secundo
491 4429 525 4491 de
537 4439 722 4512 peccatorum
743 4430 868 4508 maritis,
884 4437 912 4492 et
930 4431 1108 4506 remissione,
1162 4429 1275 4491 litatem
1297 4429 1455 4491 contendit
1467 4447 1533 4490 esse
1555 4427 1843 4509 Clur'atiprotiom‘,
1863 4429 1929 4489 sive

344 4539 411 4600 cap.
426 4538 511 4582 xviri.
533 4548 546 4575 ι
561 4523 706 4596 Quocirca
721 4523 804 4602 quod
818 4542 837 4583 a
851 4525 914 4584 ileo
929 4541 986 4584 nos
995 4524 1109 4585 averti·
1160 4521 1343 4583 voluntatem
1357 4521 1488 4581 bominis
1500 4519 1635 4601 αιῆειῐαεη
1646 4537 1701 4600 per
1714 4519 1773 4581 Dei
1782 4520 1927 4600 pretinm.

344 4629 425 4687 mus,
439 4623 580 4674 nostrum
590 4619 654 4690 est3
671 4619 702 4674 et
714 4614 778 4676 hec
791 4621 837 4676 est
848 4615 991 4676 voluntas
1003 4617 1085 4676 mala
1101 4636 1108 4676 :
1161 4615 1250 4687 Quod
1261 4614 1353 4675 latius
1366 4613 1566 4674 disseruimus
1579 4612 1614 4672 in
1626 4611 1706 4672 libro
1718 4611 1837 4672 decimo
1850 4612 1928 4672 tomi

345 4705 429 4785 quod
451 4723 525 4765 vcro
552 4706 591 4766 ad
615 4708 713 4767 Deum
738 4725 795 4768 nos
817 4708 1036 4782 convertimus,
1052 4708 1112 4768 nisi
1161 4705 1255 4786 primi
1268 4704 1303 4766 de
1319 4702 1404 4765 Deo⁸.
1422 4705 1492 4765 lam
1506 4722 1580 4768 vero
1593 4704 1726 4782 gratiam
1747 4703 1843 4778 illam,
1863 4704 1929 4764 'sive

345 4797 411 4876 ipso
424 4796 586 4873 excitante,
595 4804 626 4859 ct
637 4798 804 4877 adjuvante
814 4816 879 4859 non
892 4804 1114 4877 possumus;ct
1162 4796 1405 4877 possibilitatem,
1434 4813 1530 4875 quam
1556 4794 1728 4869 Pelagianoe
1754 4811 1871 4869 veram,
1897 4799 1931 4855 et

345 4889 412 4949 heac
435 4894 480 4948 est
501 4889 645 4950 voluntas
662 4890 756 4950 bona.
772 4911 787 4945 o
806 4889 885 4950 Hinc
910 4907 977 4950 csse
1002 4907 1111 4950 conse·
1164 4887 1355 4949 Catholicam
1376 4888 1516 4966 opponit,
1538 4886 1620 4948 idem
1643 4885 1832 4961 Augustinus
1845 4885 1929 4963 ejus·

346 4997 445 5059 quens
459 4979 537 5054 dico,
552 4980 694 5059 gratiam,
709 4980 773 5041 sive
787 4980 976 5059 adjutorium
989 4979 1114 5042 medici-
1164 4980 1248 5040 modi
1276 4997 1341 5040 esse
1365 4978 1509 5053 declarat,
1533 4996 1592 5058 quo
1612 4995 1680 5057 quae
1703 4985 1770 5037 sunt
1791 4975 1932 5057 socienda

346 5069 416 5131 nale
430 5071 536 5147 gratim
559 5072 682 5149 Christi,
696 5073 734 5132 de
754 5072 863 5151 quotis
876 5072 957 5132 inter
971 5072 1113 5150 Augusti·
1164 5069 1301 5149 (ecimus.
1316 5070 1366 5131 Sic
1378 5071 1462 5131 enim
1476 5069 1614 5149 loquitur
1625 5067 1658 5128 in
1671 5067 1751 5128 libro
1764 5065 1799 5127 de
1810 5065 1930 5128 bomn-

289 5192 297 5207 ·
347 5181 436 5237 num,
450 5170 481 5225 et
504 5163 684 5242 Pelagianos
701 5164 771 5228 tuit.
787 5163 910 5224 nullum
933 5163 1017 5225 aliud
1036 5181 1113 5238 esse,
1168 5160 1334 5242 erumpite
1342 5178 1493 5224 cxxxviii.
1510 5160 1625 5221 «Illam
1637 5177 1710 5220 vero
1719 5159 1851 5238 gratiam
1859 5159 1930 5235 Dei,

375 5388 384 5431 t
401 5389 459 5443 ειι.
471 5387 565 5436 oceo.
577 5388 624 5433 ro.
633 5398 653 5431 ι.
665 5385 736 5431 ι.-ε
749 5386 783 5433 u.
795 5386 821 5432 u
832 5362 889 5432 rer.
899 5398 918 5431 ι.
926 5388 1022 5435 ιιι-ε
1032 5387 1081 5434 cin.
1093 5387 1120 5433 aa
1130 5388 1179 5435 va.
1193 5391 1215 5433 a
1225 5388 1286 5433 ont.
1298 5398 1318 5431 ι.
1330 5393 1372 5430 ιιι
1379 5397 1400 5430 ιι
1412 5389 1433 5429 ιι
1443 5395 1484 5428 ιιι
1504 5391 1564 5428 aa
1575 5382 1652 5427 ιιιιιι.
1663 5382 1689 5426 ce
1704 5382 1741 5428 or.
1756 5382 1838 5427 caea.
1848 5393 1935 5427 ιιι.-

348 5453 363 5497 t
376 5453 434 5506 Aug.
443 5452 470 5495 cto
479 5452 527 5496 liat.
542 5451 608 5495 εισι.
618 5462 638 5494 c.
649 5460 732 5493 xiia·
743 5449 756 5491 5
769 5449 831 5493 tom.
843 5448 895 5497 lt.t.
906 5449 933 5499 n.
943 5462 963 5497 c.
975 5461 1018 5501 xri,
1030 5449 1046 5504 ς
1059 5451 1084 5494 tt
1095 5458 1117 5494 ει
1126 5461 1170 5504 seq.
