4036 6162
389 255 450 318 350

895 252 1218 317 rummsluoauu
1245 250 1462 313 manarunt

389 423 449 487 suh
462 425 525 486 Deo
538 426 594 495 est,
608 421 759 500 meq’orem
772 437 838 482 esse
851 437 974 482 necesse
983 424 1046 496 est,
1061 435 1157 499 quam
1206 418 1246 479 de
1259 416 1371 479 Christi
1383 414 1510 492 meritis,
1524 414 1603 475 etde
1616 415 1721 494 peccati
1732 415 1854 491 gravitate
1864 418 1905 478 dis

389 533 484 578 omne
511 513 595 594 quod
619 530 684 574 nou
708 518 755 575 cst
778 514 869 574 Deus.
890 533 906 571 n
927 511 1018 574 Addit
1043 516 1075 573 et
1096 509 1158 571 alia
1205 507 1375 589 putabitur.

390 608 502 672 eodem
508 605 693 688 spectantia,
709 623 748 668 ex
758 604 871 685 quibus
879 609 1004 686 peccato
1014 601 1157 684 quedam

390 701 491 764 inesse
500 698 577 763 nui
588 697 724 761 infinitas
737 698 921 761 ostenditur.

429 792 514 853 VIII.
537 792 636 867 Quam
665 790 792 871 quidem
818 788 1005 851 infinitatem
1031 784 1157 846 aliunde

390 884 527 965 theologi
539 883 713 963 complures
738 899 912 946 marmure
925 879 1043 950 solent,
1061 877 1158 956 magi-

390 981 491 1043 strum
507 974 638 1053 secuti¹;
662 976 718 1056 qui
733 997 749 1034 u
767 979 931 1056 peccatum
942 970 1157 1036 contraDeum

390 1068 607 1145 commissum,
635 1067 804 1148 quomdam
830 1064 1018 1127 infinitatem
1042 1060 1157 1142 habore

388 1161 434 1223 ait
462 1178 500 1222 ex
537 1160 690 1223 infinitate
713 1158 828 1222 meinos
851 1155 1030 1236 maiestatis.
1058 1155 1157 1216 'fanto

390 1253 476 1315 enim
501 1253 618 1315 offensa
638 1261 685 1316 cst
696 1251 830 1332 gravior,
853 1257 969 1330 quanto
990 1247 1090 1328 major
1111 1250 1157 1307 est

389 1345 441 1409 ille
455 1347 488 1407 iu
501 1362 596 1426 quem
604 1344 805 1425 delinquitur.
818 1363 830 1401 ι
841 1343 943 1421 Auget
955 1339 1048 1401 etiam
1062 1337 1158 1399 offen-

389 1437 486 1499 sionis
512 1436 729 1516 indignitatem
762 1433 916 1515 peccantis
942 1430 1052 1492 vilitas.
1077 1431 1157 1491 Nem

389 1528 529 1592 humano
538 1528 674 1609 judicio,
690 1533 723 1591 ct
737 1525 847 1589 meruli
855 1572 863 1604 ,
877 1532 913 1586 ut
925 1526 1055 1594 vocant,
1072 1521 1157 1583 aesti-

389 1622 637 1699 matione,tanto
651 1621 766 1699 major,
782 1624 814 1682 et
826 1615 968 1680 acerbior
976 1620 1023 1677 est
1030 1613 1156 1694 lnjuria,

388 1731 452 1794 quo
466 1720 497 1777 et
506 1714 569 1782 ille,
580 1713 635 1795 qui
647 1713 780 1785 luditur,
789 1708 971 1773 honoratior
984 1719 1041 1784 est,
1057 1711 1088 1768 et
1102 1704 1158 1786 qui

388 1806 488 1886 loedit,
504 1805 725 1886 contemptior:
751 1822 821 1884 quse
843 1802 907 1863 duo
929 1800 963 1862 in
988 1797 1157 1860 offensione

387 1917 519 1962 summe
534 1899 589 1962 Dei
602 1897 770 1977 majestatis
790 1895 822 1957 in
844 1893 1003 1956 infinitum
1028 1891 1155 1953 abeunt.

390 1986 1158 2072 htquehocsuuseuiquecommuuissensustesta·

387 2082 493 2160 bitur;
514 2083 540 2145 si
563 2083 665 2158 hune,
685 2080 832 2160 castigata
844 2076 983 2150 rixandi,
1004 2080 1035 2137 et
1047 2080 1157 2155 argute

387 2174 552 2236 cavillandi
572 2174 696 2236 lascivia
718 2171 867 2234 consulat.
894 2170 976 2230 Beue
997 2173 1103 2229 autem
1125 2172 1157 2228 et

387 2264 464 2327 illud
476 2272 602 2328 sanctus
621 2265 674 2327 ille
686 2265 795 2326 doctor
812 2262 930 2325 ibidem
948 2260 1052 2339 adjicit
1061 2278 1070 2334 ;
1083 2276 1156 2321 eum

387 2355 427 2418 sit
441 2357 557 2436 duplex
569 2355 782 2419 satisfactionis
795 2371 905 2431 genus,
920 2370 1020 2414 unum
1035 2350 1154 2430 perfec-

386 2453 467 2527 tum,
478 2447 542 2511 sivc
551 2447 725 2530 condignum
737 2466 776 2509 ex
785 2446 913 2527 justitiae
922 2445 989 2524 loge
997 2464 1006 2520 3
1022 2443 1155 2505 alterum

387 2539 623 2620 imperfectum,
656 2562 672 2599 a
706 2539 878 2601 secuudum
913 2534 1155 2616 acceptationem

1409 826 1627 916 CAPUT
1664 828 1755 915 XV.
1834 848 1838 857 ·

1207 1161 1236 1221 f.
1246 1157 1290 1220 Dc
1302 1158 1500 1222 conuenientia
1511 1157 1713 1222 incarnationis
1724 1146 1781 1234 fita·
1791 1154 1848 1218 flet:
1859 1158 1882 1217 2.
1890 1178 1914 1218 oc

1243 1251 1378 1333 primum
1404 1270 1459 1313 cur
1484 1249 1587 1332 fitium
1609 1247 1799 1332 praescieris
1813 1248 1915 1328 perunit

1245 1361 1362 1407 cumen
1375 1348 1518 1424 suscipere
1526 1341 1670 1405 demunt:
1684 1345 1761 1423 eujus
1768 1343 1851 1422 prino
1859 1340 1916 1402 cutio

1243 1434 1380 1518 ponitur,
1393 1454 1428 1497 ne
1441 1433 1577 1517 filiorum
1592 1433 1649 1496 Det
1662 1432 1797 1496 nomento
1809 1431 1916 1493 friuitute
1980 1472 1981 1493 i

1247 1526 1515 1608 multfplicoretur.
1549 1528 1581 1589 3.
1603 1525 1673 1588 lton
1698 1528 1764 1608 quta
1779 1543 1828 1605 pec
1844 1523 1915 1603 filcim
1980 1514 1981 1587 Ῡ

1246 1619 1377 1682 recreari
1383 1619 1499 1702 lapsum
1512 1618 1657 1681 domineco
1667 1634 1812 1701 commum
1819 1614 1917 1697 [sitm

1245 1730 1331 1793 quem
1348 1719 1416 1774 crat
1429 1710 1571 1775 emaum
1587 1714 1618 1775 t.
1633 1710 1777 1793 Tanquam
1782 1707 1917 1790 persapien-

1246 1803 1331 1865 tmm.
1353 1805 1383 1865 5.
1400 1810 1493 1885 etpec
1508 1802 1665 1886 imaginem
1688 1819 1797 1878 umam,
1816 1806 1917 1860 umb-
1981 1800 1982 1805 ’

1245 1894 1356 1971 culon,
1376 1894 1456 1978 quod
1473 1905 1515 1958 est
1536 1894 1675 1972 Verbum,
1688 1892 1919 1977 defunutcmino·

1245 1987 1342 2069 qc‘nem
1369 1987 1465 2069 refici.
1492 1987 1555 2051 Nec
1584 1995 1678 2049 tomen
1708 1981 1859 2069 impossibile
1878 1981 1919 2063 suit

1245 2077 1386 2153 Patren,
1403 2087 1456 2141 out
1475 2080 1626 2161 Spfm'tum
1646 2084 1773 2141 sunctum
1795 2076 1918 2139 mosot
1982 2110 1983 2141 r

1245 2173 1275 2233 8.
1288 2169 1450 2253 Utcumque
1461 2190 1527 2234 cero
1536 2169 1669 2233 diuinum
1677 2170 1920 2251 sumamma-u

1245 2261 1434 2345 redemptoris
1449 2271 1549 2346 portes
1569 2282 1655 2346 ogere
1671 2259 1852 2344 congruentius
1866 2258 1920 2337 ftt'b

1244 2373 1333 2436 quum
1353 2364 1501 2419 creoturoc
1521 2354 1663 2419 mundari
1682 2352 1821 2436 simpliei;
1835 2366 1920 2411 acuo·

1237 2446 1308 2528 jore
1326 2448 1464 2511 obstricti
1482 2447 1620 2529 beneficti>
1642 2447 1708 2510 bunc
1724 2462 1843 2519 memus,
1857 2460 1921 2523 quon

1243 2537 1316 2601 Deo.

387 2631 464 2712 ejus,
480 2631 535 2712 qui
549 2637 595 2693 est
613 2649 651 2693 ea
668 2636 842 2705 cantemus,
866 2626 1007 2707 quamvis
1029 2644 1094 2689 non
1115 2626 1155 2688 sit

386 2724 558 2800 condigna:
573 2745 589 2782 n
607 2729 674 2785 tum
691 2738 814 2783 somne
835 2719 1050 2800 imperfectum
1072 2737 1153 2799 prae·
1244 2723 1270 2785 1.
1282 2724 1357 2798 Quas
1370 2723 1404 2787 in
1417 2723 1555 2785 minimis
1570 2723 1742 2804 quibusque
1754 2713 1922 2799 Deiopcribus
1936 2748 1985 2849 ,a

386 2834 559 2898 supponere
574 2814 690 2897 aliquid
707 2813 891 2894 perlectum,
911 2830 930 2874 a
947 2830 1010 2891 quo
1030 2817 1153 2872 susten·
1202 2814 1325 2879 eximiae
1339 2814 1584 2896 sapientiaemtio
1594 2820 1720 2893 constat,
1735 2825 1923 2891 eamuppurett
1951 2852 1985 2900 Μ

387 2916 489 2972 tetur:
515 2931 532 2969 a
562 2927 602 2971 ex
626 2924 689 2988 ‘1¹10
711 2922 903 2985 consequent
929 2908 1033 2983 putat,
1053 2904 1152 2983 “puri
1202 2907 1302 2970 multo
1312 2907 1509 2971 illustriorem
1518 2908 1552 2969 in
1563 2908 1807 2985 maximis,ncmo
1817 2904 1923 2965 hunus
1936 2908 1985 3006 ab}

385 3000 521 3063 hominis
547 2999 785 3062 satisfactionem
813 2995 979 3057 efficaciam
998 2994 1112 3057 habere
1134 3014 1153 3057 a
1202 3006 1371 3079 utcumque
1384 2994 1922 3081 p1·aeditusseusu,nedumGhristiauo‚
1936 3014 1985 3080 „a

386 3092 590 3154 satisfactione
602 3090 819 3169 Christi,nquae
832 3087 944 3149 idcireo
956 3086 1107 3162 absoluta,
1123 3093 1153 3149 et
1202 3091 1367 3154 dubitabit.
1383 3093 1594 3168 Quamobrem
1608 3110 1680 3155 oum
1692 3091 1730 3154 sit
1743 3104 1857 3171 operum
1874 3083 1923 3146 illo·
1937 3070 1986 3125 ’Μ

386 3183 508 3245 infinita
527 3201 592 3244 esse
610 3181 712 3254 debet,
734 3186 771 3242 ut
790 3180 944 3260 condigna
962 3179 1012 3253 sit,
1028 3184 1059 3240 ct
1071 3179 1154 3242 adae-
1201 3183 1520 3266 rumfaoileprinceps
1531 3176 1925 3249 commemicatacumhomiue

385 3276 475 3356 queri
495 3293 568 3338 cum
589 3275 711 3337 infinita
726 3274 847 3353 injurie
866 3272 1026 3334 atrocitate
1046 3273 1151 3352 possit.
1202 3275 1354 3351 diviuitas,
1366 3276 1438 3339 etin
1452 3278 1595 3340 eamdem
1608 3293 1767 3360 personam
1780 3266 1924 3351 assumptio·

386 3370 474 3430 Hanc
486 3369 586 3448 ipsam
604 3365 807 3429 ratiocinandi
831 3364 965 3427 formam
980 3364 1154 3427 Richardus
1202 3386 1392 3449 consequens
1406 3376 1472 3444 est,
1488 3387 1559 3431 eam
1571 3388 1647 3433 eum
1658 3385 1789 3441 summa,
1804 3372 1925 3426 ctmnve

385 3478 511 3540 quoque
524 3458 703 3520 Victorinus
716 3462 859 3538 usurpat,
878 3462 912 3518 ut
926 3455 1152 3536 plenitudinem
1202 3458 1394 3521 nieutissima
1416 3460 1537 3523 ratione
1562 3469 1752 3542 susceptam,
1776 3464 1805 3520 et
1824 3450 1925 3517 aduini·

385 3551 597 3613 satisfactionis
631 3570 696 3613 nou
725 3549 815 3612 aliter
845 3554 986 3610 constare
1021 3547 1151 3629 probet,
1203 3557 1330 3613 stratam
1348 3552 1463 3629 fuisse;
1489 3559 1559 3614 tum
1576 3551 1748 3634 cujusmodi
1766 3550 1815 3611 illa
1831 3548 1864 3608 sit
1880 3549 1927 3603 tau

385 3660 480 3722 quam
493 3650 530 3704 ut
542 3645 623 3706 Deus
636 3642 723 3704 illam
740 3641 918 3721 susciperet.
934 3639 1053 3719 Quippe
1078 3641 1153 3703 uad
1202 3641 1278 3706 utile
1301 3642 1474 3724 patefacere
1496 3649 1542 3706 est
1567 3644 1762 3721 homiuibus,
1783 3654 1864 3722 quam
1879 3633 1929 3714 siut

385 3734 467 3797 hanc
475 3733 700 3816 plenitudinem
709 3733 858 3814 oportuit,
872 3732 1003 3812 inquiet
1019 3737 1054 3792 ut
1067 3738 1152 3794 tanta
1201 3732 1374 3812 inventori,
1389 3740 1420 3797 et
1433 3735 1545 3799 artifici
1558 3738 1624 3799 llec
1639 3735 1811 3817 gloriosum.
1825 3731 1929 3791 Hocnos

385 3836 467 3890 esset
482 3826 656 3889 humiliatio
668 3828 702 3888 in
715 3825 909 3906 expiatione,
924 3829 1040 3904 quauta
1053 3824 1154 3887 fuerat
1201 3824 1306 3905 ipsum
1313 3827 1563 3907 superioribusiu
1575 3828 1738 3910 capitibus,
1749 3822 1866 3903 ethujus
1875 3813 1929 3879 lihlt'

383 3919 586 3998 presumptio
619 3918 653 3980 in
687 3916 949 3998 prevaricatione.
981 3915 1153 3978 Rationalis
1201 3917 1338 3979 maxima
1355 3924 1442 4000 parte
1455 3919 1657 4001 per-fecimus,
1678 3924 1822 4000 quantum
1835 3924 1930 3974 uuum

384 4017 489 4074 autem
497 4011 676 4073 substantia
686 4012 768 4079 Deus
779 4013 864 4070 teum
876 4024 1047 4084 summum,
1057 4007 1152 4069 homo
1201 4008 1274 4084 fuit,
1306 4029 1378 4072 cum
1410 4011 1449 4073 de
1483 4011 1546 4073 fine
1576 4011 1796 4074 lucarnationis
1823 4003 1930 4085 qiman

1957 2696 1984 2761 aa

1953 2764 1962 2796 ll

384 4120 459 4165 vero
474 4102 586 4165 imum.
602 4102 732 4177 Quando
752 4119 826 4179 ergo
843 4101 939 4162 homo
956 4100 1154 4180 praesumpsit
1202 4102 1573 4182 eumqueduoingenera
1581 4106 1689 4186 partiti
1699 4120 1817 4175 sumus3
1827 4106 1932 4178 morum

384 4196 616 4268 mausileum,
630 4193 711 4256 tacta
723 4192 874 4255 estclatio
887 4193 926 4253 de
939 4192 1004 4253 imo
1018 4191 1057 4253 ad
1071 4209 1153 4253 sum·
1201 4194 1333 4256 alterum
1363 4195 1402 4256 ad
1430 4196 1711 4259 commendandam
1739 4193 1791 4257 Dei
1813 4186 1932 4271 gloriam

383 4304 484 4351 mum.
499 4286 644 4368 Oportuit
660 4304 734 4363 ergo
748 4290 786 4347 ut
798 4285 839 4347 ad
857 4284 1042 4366 expiationis
1055 4302 1153 4347 reme·
1202 4286 1346 4364 alterum,
1363 4287 1403 4350 ad
1416 4286 1554 4350 fructum
1562 4289 1695 4350 humani
1701 4286 1824 4369 generis,
1836 4287 1862 4344 ct
1872 4291 1934 4340 oum·

383 4379 471 4443 dium
484 4379 573 4443 lieret
585 4377 761 4441 humiliatio
778 4378 818 4439 de
837 4394 960 4439 summo
982 4376 1021 4437 ad
1039 4376 1151 4438 imum.
1200 4380 1331 4443 modurn
1345 4379 1489 4443 refertur.
1499 4382 1590 4443 Nune
1603 4381 1686 4443 Illius
1698 4373 1859 4462 argumenti
1869 4363 1934 4451 quod

384 4473 446 4535 Sed
463 4471 523 4534 hoc
540 4472 669 4534 omnino
688 4489 755 4533 uon
775 4469 892 4551 potuit,
918 4468 979 4531 nisi
1001 4468 1152 4549 aliquaiu
1200 4471 1356 4551 reliquum
1370 4466 1930 4546 cst‚et1nhancresermtumlocuu‚

383 4562 535 4626 'trinitate
548 4581 763 4644 personarum.
774 4583 789 4621 n
800 4562 878 4623 llino
886 4559 1043 4623 Amoldus
1057 4560 1153 4622 abbas
1200 4568 1324 4644 tempus
1337 4570 1384 4626 cst
1398 4571 1582 4642 annectere3
1603 4583 1642 4628 ac
1660 4565 1699 4628 de
1721 4558 1850 4645 mysterii
1865 4552 1935 4616 istit!

382 4654 614 4716 Bonae-vallis⁸:
638 4656 830 4734 «Desperata
848 4660 940 4728 esset,
958 4653 1077 4732 inquit,
1092 4652 1151 4714 hu·
1200 4656 1355 4735 gestione,
1370 4656 1498 4737 ejusque
1517 4657 1737 4720 convenientia
1748 4670 1839 4737 pauco
1849 4646 1934 4710 saltem

382 4745 468 4807 mani
481 4745 604 4826 generis
615 4763 723 4823 marsa,
741 4764 812 4826 qum
826 4745 915 4807 aliter
926 4744 1071 4825 componi
1086 4762 1151 4806 non
1200 4747 1322 4812 madere
1335 4749 1460 4828 generis
1476 4749 1570 4827 illius,
1598 4750 1684 4830 quod
1710 4766 1769 4811 mu
1789 4746 1935 4807 stantfortun

382 4841 518 4916 poterat,
538 4835 597 4899 uisi
617 4836 811 4900 exolveretur
830 4855 887 4917 pro
901 4855 976 4918 pace
990 4836 1060 4915 ejus
1072 4836 1152 4897 tanti
1200 4838 1343 4909 Petrum,
1359 4839 1585 4904 attrectatione
1598 4841 1786 4922 percrebuit.
1800 4822 1937 4899 Horumltl

381 4928 473 5007 pretii
497 4927 663 5009 quantitus,
685 4928 769 5009 quod
794 4927 992 5008 singulariter
1016 4926 1152 4990 habebat
1198 4930 1260 4994 erit
1272 4932 1423 5013 primum,
1438 4932 1695 5013 quodadillum,
1709 4923 1936 5012 arjuspracfpos

380 5020 464 5101 opud
477 5036 510 5083 se
522 5019 683 5084 humilitas
693 5019 817 5098 Christi,
826 5027 858 5082 et
869 5025 1027 5099 assumpta
1040 5019 1151 5081 huma·
1199 5021 1233 5084 in
1249 5023 1309 5085 huo
1330 5024 1451 5087 actione
1471 5028 1538 5086 tots
1560 5029 1666 5106 partes
1692 5022 1872 5091 excuterent.
1895 5004 1937 5072 Μ

380 5110 504 5175 uitas.»
527 5114 645 5175 Verum
670 5112 765 5192 huius
792 5111 969 5192 argumenti
995 5111 1148 5185 tractatio,
1198 5113 1298 5176 fllium
1312 5106 1935 5197 attinet.Dequojureistuderphcaudtmi

379 5210 416 5267 ut
424 5205 518 5286 paulo
531 5210 604 5269 ante
618 5204 739 5279 monui,
749 5204 876 5266 alterius
888 5210 935 5266 est
947 5200 1017 5279 loci,
1033 5221 1106 5265 cum
1118 5209 1150 5267 et
1199 5224 1255 5268 cur
1272 5208 1311 5269 dc
1325 5208 1427 5270 tribum
1442 5208 1642 5272 sanctissimas
1656 5206 1811 5272 Trinitatis
1824 5191 1937 5284 personis

407 5403 418 5448 ¹
434 5401 499 5449 ticin
508 5412 549 5454 su.
561 5399 650 5448 §tet
664 5398 710 5448 ltu.
722 5398 733 5449 1
746 5401 792 5447 cur
801 5398 938 5454 mmmm,
951 5409 971 5445 o.
983 5399 1078 5446 mre-8
1088 5399 1136 5447 tu.
1150 5397 1206 5456 ll,o.
1221 5411 1251 5445 n.
