4078 6168
544 368 928 449 uetustissimus,
950 370 1025 433 LIB.
1048 372 1074 448 I,
1098 366 1183 434 ule.
1206 374 1244 434 V.
1634 372 1692 438 lit>

101 543 166 603 lum
191 541 391 618 existentem,
420 546 452 607 et
476 540 650 604 effectorem
665 539 816 606 omnium,
843 545 874 600 et
922 536 1052 616 Antiqui
1099 537 1272 599 nominant.
1322 538 1513 619 Augustinus
1562 534 1693 605 tractatu

101 634 299 695 reuimenon
313 633 459 695 salumin
473 634 638 706 muudum,
655 632 708 693 sed
721 632 873 692 etincar-
924 646 1024 691 xxxvr
1060 628 1093 689 in
1119 626 1294 693 loannem:
1328 633 1546 711 «Sabelliani,
1574 636 1691 716 iuquit,

102 744 185 799 nem,
200 730 233 787 et
245 727 311 788 elia
334 727 453 802 omnia,
467 744 537 806 quae
556 744 613 786 uos
633 724 747 785 Filium
770 722 875 784 iecisse
925 721 998 782 dir-tl
1017 729 1089 782 suut
1111 723 1237 801 quidam
1261 723 1409 801 heretici,
1424 726 1478 804 qui
1502 732 1650 787 vocantur
1664 730 1696 789 et

101 819 276 880 diunius.»
295 820 339 880 Ae
358 819 452 900 paulo
471 824 559 898 post:
574 838 590 875 a
610 817 787 880 Secundum
809 832 875 876 car-
924 813 1157 893 Patripassiani,
1183 815 1237 894 qui
1251 816 1357 877 dicunt
1370 817 1473 896 ipsum
1486 818 1610 880 Patrem
1624 838 1694 900 pas-

100 929 173 974 nem
205 929 285 992 ergo
320 911 462 973 Salvator
485 924 591 988 passus
617 915 664 970 est
681 928 689 969 ι
705 909 876 970 secundum
925 914 994 965 sum
1007 904 1143 968 luisse.»
1167 906 1203 966 Et
1218 912 1352 970 tractatu
1366 909 1506 988 sequenti
1523 929 1530 969 :
1550 932 1565 969 <r
1578 912 1696 974 Gratias

101 1003 254 1083 Spiritum
285 1011 393 1065 autem
415 1004 500 1083 quod
525 1008 607 1077 eret,
632 1001 699 1062 siue
723 1001 875 1081 passione.
926 996 1072 1075 Domino,
1088 998 1161 1078 quia
1183 1003 1213 1059 et
1233 1004 1300 1080 ipse
1314 1001 1443 1063 brianus
1456 1003 1578 1064 recessit
1591 1002 1629 1064 ab
1645 1023 1694 1066 er-

104 1096 188 1157 enus
201 1095 311 1157 auffert
320 1102 462 1157 ausuum
474 1096 617 1175 dogmas
630 1092 876 1173 Patripassianis.
926 1104 996 1150 rore
1008 1090 1193 1167 sabelliano,
1217 1097 1248 1153 et
1270 1099 1404 1160 nonest
1426 1092 1694 1175 Petri'pessianus:

103 1189 169 1249 lton
182 1191 275 1251 eninr
291 1189 404 1251 Filium
425 1204 490 1250 esse
508 1187 608 1269 passio
623 1192 680 1263 est,
703 1185 793 1246 sicuti
813 1184 877 1245 die·
927 1196 993 1242 non
1017 1182 1089 1243 dicit
1112 1183 1215 1262 ipsum
1229 1182 1351 1246 Patrem
1364 1184 1508 1246 indutum
1528 1207 1620 1251 carne
1642 1209 1695 1251 ve-

103 1287 183 1356 tam3
200 1299 264 1343 nee
289 1281 389 1343 iacere
419 1279 548 1359 aliquid,
566 1298 624 1340 nec
655 1277 752 1358 loqui.
771 1274 880 1338 Divina
927 1274 1009 1334 nisse
1022 1275 1061 1336 ad
1074 1275 1232 1349 homines,
1245 1278 1347 1357 ipsum
1362 1296 1426 1339 esse
1444 1298 1578 1359 passum,
1595 1281 1696 1362 ipsum

103 1374 183 1434 mim
196 1374 342 1453 potentia
361 1373 428 1434 sine
451 1373 591 1452 passione
614 1370 695 1431 liunt
716 1370 832 1441 omnia,
849 1372 880 1430 et
928 1367 1143 1446 resurrexisse,
1170 1374 1200 1430 et
1227 1371 1458 1450 quodammodo
1475 1371 1514 1432 atl
1542 1390 1574 1434 se
1594 1393 1697 1436 ascen-

104 1466 158 1527 1111
170 1466 277 1545 magis
290 1483 357 1542 sua,
371 1472 402 1527 et
416 1463 633 1540 substantialis,
648 1469 680 1524 et
693 1462 798 1523 diviua
811 1479 879 1521 mo·
929 1457 1020 1519 disse.
1034 1474 1049 1517 o

104 1560 146 1619 tio
167 1565 228 1635 eat,
243 1576 314 1621 non
340 1559 450 1638 passio.
467 1557 583 1618 Deinde
598 1550 637 1617 de
658 1557 717 1616 isto
731 1572 796 1614 non
809 1553 880 1614 fue·
970 1552 1114 1613 Ruffinus
1132 1553 1166 1613 in
1186 1550 1319 1634 symboli
1341 1550 1559 1634 Apostolorum
1573 1576 1700 1621 enarre·

105 1650 427 1732 runtl’atripassiani,
441 1649 545 1711 redde
558 1662 649 1709 cruce
665 1667 673 1708 ι
690 1647 777 1721 Quod
789 1647 882 1706 Pater
930 1640 1025 1716 done,
1042 1643 1141 1722 docet,
1157 1646 1196 1706 ad
1219 1663 1291 1706 eum
1314 1646 1490 1725 articulum,
1519 1669 1581 1729 quo
1602 1650 1698 1714 Deam

105 1744 273 1805 neurus
294 1749 341 1805 est
358 1742 496 1804 dicentes
521 1740 658 1820 sacrilegi
677 1736 882 1818 :lmassibili
930 1734 1051 1796 Putrem
1077 1740 1299 1818 omnipotentem
1322 1738 1513 1818 profitemur,
1533 1741 1604 1803 addi
1624 1743 1700 1805 r'avr'-

106 1836 266 1916 passiones
292 1835 500 1915 implicantes,
524 1840 556 1895 et
574 1850 639 1893 uon
662 1830 879 1910 intelligentes,
930 1826 1045 1888 ubitam
1059 1833 1090 1889 et
1110 1827 1347 1909 impossibilem:
1368 1852 1384 1889 a
1403 1838 1433 1892 et
1450 1833 1619 1903 sciendum,
1643 1835 1696 1912 ait,

106 1929 281 1991 noeeaserio
293 1927 409 2008 aliquid
417 1925 604 2006 impassibile
614 1940 690 1998 esse,
702 1924 727 1984 ai
738 1928 783 1985 est
797 1923 881 1984 aliud
930 1918 1014 1997 quod
1027 1920 1088 1981 duo
1102 1920 1153 1982 isti
1166 1938 1323 1983 sermones
1336 1922 1370 1982 iu
1391 1921 1531 1985 Ecclesiae
1551 1918 1698 1992 Romanae

107 2021 188 2100 quod
210 2024 360 2101 patiatur.
380 2020 443 2080 Nos
461 2023 577 2079 mmem
599 2015 824 2096 impassibilem
851 2020 883 2076 et
930 2012 1072 2091 symbolo
1083 2033 1149 2075 non
1169 2012 1334 2076 habentur.
1357 2016 1602 2079 Constatautem
1616 2022 1700 2101 apud

108 2112 220 2174 lilium
235 2113 384 2187 dicimas;
395 2112 486 2191 juxta
494 2109 578 2190 quod
591 2109 677 2189 logos
690 2113 795 2170 autem
810 2125 881 2169 caro
931 2112 988 2165 bos
1011 2105 1130 2167 additos
1156 2102 1310 2169 hereseos
1338 2124 1430 2169 causa
1457 2104 1593 2185 sabellii,
1617 2112 1700 2176 illius

107 2204 205 2267 laetus
216 2211 276 2282 est,
294 2202 508 2284 passibilem.»
931 2196 1077 2276 prolecto,
1099 2214 1169 2277 que
1189 2218 1208 2259 a
1228 2200 1340 2260 uostris
1354 2198 1577 2281 Patripassiana
1591 2206 1700 2285 appel-

149 2298 194 2359 11.
209 2298 390 2377 Fulgentius
403 2295 557 2358 Arianum
571 2294 739 2374 quemdem
754 2292 881 2354 nomine
932 2289 1024 2363 latur,
1046 2289 1079 2351 id
1100 2295 1156 2367 est,
1186 2309 1255 2369 qua
1276 2295 1307 2352 et
1326 2289 1449 2352 Patrem
1473 2295 1575 2374 ipsum
1598 2298 1649 2359 vel
1664 2316 1702 2359 ex

109 2390 316 2452 Fastidiosam
343 2389 428 2451 idem
450 2387 614 2449 Catholicis
644 2386 883 2467 exprobrantem
932 2382 1062 2461 Virgine
1075 2390 1184 2444 uatum
1199 2380 1287 2457 dixit,
1297 2386 1327 2445 et
1335 2385 1611 2450 visibilemtactum
1624 2409 1699 2466 esse,

109 2482 234 2559 retollit,
263 2488 295 2544 et
316 2481 617 2561 Patripaasiauorum
638 2496 759 2540 venene
781 2479 882 2539 maui-
932 2476 983 2535 vel
998 2494 1122 2555 passum
1136 2476 1270 2536 affirmat
1288 2476 1322 2538 iu
1335 2494 1437 2539 carne.
1454 2478 1495 2540 Ut
1509 2500 1583 2561 ergo
1598 2485 1702 2545 exclu-

109 2574 216 2637 restim
238 2576 351 2655 aperit.
371 2592 383 2631 r
409 2574 554 2634 Nuutota
568 2571 720 2647 Trinitas,
744 2571 846 2650 inquit
859 2569 881 2648 ¹,
933 2568 1058 2628 deretur
1068 2566 1137 2629 talis
1152 2567 1295 2647 impietas
1308 2562 1346 2630 dc
1363 2568 1462 2647 Patre,
1482 2572 1703 2638 videutauheec

110 2686 234 2729 mtrem
248 2668 432 2746 assumpsit3
454 2682 512 2725 nec
528 2669 593 2724 tota
615 2664 749 2724 Trinitas
766 2662 882 2744 passio·
932 2658 1084 2721 addidisse
1113 2660 1254 2739 majoros,
1289 2666 1319 2721 et
1347 2654 1533 2725 invisibilem
1563 2664 1700 2737 Putrem,

111 2776 185 2822 num
210 2761 346 2840 injurias
362 2758 473 2832 seusit3
488 2772 590 2837 neque
612 2761 677 2816 tota
694 2756 827 2817 Trinitas
848 2756 883 2816 iu
934 2750 1390 2832 atqueimpassibilemdixism.
1408 2757 1631 2820 Constatenim
1654 2760 1703 2820 Fi-

111 2853 278 2934 aepulebro
300 2851 414 2930 jacuit3
429 2864 532 2928 neque
553 2854 617 2909 tote
638 2848 771 2908 Trinitas
793 2848 885 2908 infer·
933 2845 1022 2920 liram,
1045 2860 1110 2905 uon
1136 2842 1256 2905 Patrem
1281 2846 1487 2919 incarnatum,
1504 2848 1534 2907 ct
1548 2868 1586 2908 ex
1611 2869 1704 2912 carne

111 2964 187 3007 num
209 2944 389 3026 penetravit
396 2963 404 3019 ;
424 2959 525 3022 neque
547 2946 613 3002 tcta
634 2938 768 3001 Trinitas
793 2940 885 3001 tertio
934 2943 1055 3012 natum,
1072 2940 1101 2997 et
1121 2955 1160 2997 ex
1182 2935 1342 2997 nativitate
1356 2937 1458 2998 carnis
1474 2932 1588 2999 Filium
1601 2940 1705 3002 visibi-

112 3038 189 3100 diee
203 3037 341 3099 mortuis
354 3036 522 3097 resurrexit
540 3053 547 3093 :
564 3038 595 3094 et
609 3033 635 3092 sl
647 3049 710 3112 qua
723 3036 798 3093 sunt
810 3032 883 3109 ella,
934 3030 997 3091 lem
1012 3034 1043 3091 et
1064 3028 1239 3109 passibilem
1264 3028 1392 3091 iactum.
1422 3031 1579 3104 Quantum
1600 3038 1704 3097 autem

113 3150 179 3211 quae
194 3129 424 3192 convincentur
444 3128 478 3187 iu
501 3128 697 3187 Sacramenta
712 3125 764 3185 lllo
786 3126 887 3186 lucar-
935 3124 1050 3202 spectat
1064 3118 1197 3181 edilium
1210 3120 1329 3181 deitatis
1342 3122 1549 3185 immortalem
1563 3125 1706 3189 substau-

114 3224 248 3285 nationis
268 3223 310 3283 ad
332 3220 427 3281 soliers
445 3218 512 3281 Filii
535 3219 688 3299 pertinere
707 3232 883 3298 personam.
934 3215 1022 3289 tiam,
1041 3224 1111 3293 quae
1132 3230 1195 3274 una
1209 3214 1249 3290 ei,
1265 3213 1435 3295 eademque
1449 3233 1521 3277 eum
1533 3214 1623 3280 Patre
1638 3225 1703 3294 est3

116 3317 184 3378 llere
193 3317 295 3388 euim,
313 3330 384 3394 quae
398 3312 561 3373 Catholicae
574 3310 696 3373 veritati
703 3310 887 3372 Fastidiosus
935 3307 979 3366 ibi
993 3325 1094 3385 neque
1110 3308 1208 3381 Peter,
1224 3316 1326 3385 neque
1338 3300 1445 3383 surus,
1461 3318 1563 3388 neque
1573 3310 1706 3392 Spiritus

115 3409 203 3489 plena
216 3406 371 3482 falsitatis,
397 3410 429 3466 et
448 3404 655 3485 perversitatis
672 3403 794 3483 obiecit,
822 3422 886 3465 non
935 3402 1059 3459 sanctus
1076 3397 1205 3458 visibilis
1219 3400 1274 3458 aut
1291 3398 1443 3477 passibilis
1457 3402 1602 3463 creditur.
1618 3425 1633 3462 u
1653 3406 1706 3465 Pa·

116 3502 172 3563 siai
186 3497 386 3574 Sabellianis,
402 3497 434 3559 id
449 3496 887 3576 estPatripassienis,possuut
935 3489 1133 3567 tripassianos
1147 3506 1216 3550 eece
1241 3489 1382 3550 ltufflnus
1401 3490 1493 3553 reiert
1520 3492 1641 3556 Patrem
1653 3516 1708 3578 pe-

118 3594 266 3655 veruciter
281 3591 406 3670 objeci:
429 3589 464 3649 in
477 3589 591 3668 quibus
610 3606 718 3650 revera
745 3588 789 3649 illi
817 3607 889 3650 ron·
936 3580 1027 3644 rinde
1039 3588 1400 3662 natumaepassumesse
1419 3586 1607 3649 credidisse:
1624 3588 1708 3670 quod

1720 951 1868 1050 allitus

1766 1064 1820 1101 suut

1729 1109 1860 1158 Sabelliani.

119 3685 203 3759 uusi,
228 3690 325 3763 etque
350 3682 482 3743 convicti
509 3676 668 3757 deliciunt,
696 3681 751 3760 qui
776 3686 888 3742 sancte
938 3673 1116 3750 Fulgentius
1129 3679 1231 3754 negat.
1248 3675 1331 3736 Tum
1348 3679 1551 3741 memorabile
1565 3682 1708 3762 estquod
1797 3688 1799 3691 '

119 3778 281 3839 Trinitatis
290 3776 369 3837 aaut
380 3788 477 3835 unam
489 3779 646 3849 naturam,
657 3773 701 3833 sic
712 3788 808 3834 uuam
822 3790 890 3853 per·
939 3767 1034 3845 addit,
1051 3768 1179 3829 uomina
1194 3766 1246 3828 illa
1259 3768 1334 3841 duo,
1352 3767 1530 3831 invisibilem
1540 3777 1571 3833 ct
1596 3773 1706 3854 impus-

119 3886 225 3931 musm
246 3868 418 3949 predicare
444 3865 646 3927 mutendunt.
678 3864 736 3926 Ubi
758 3884 811 3926 eos
833 3882 891 3926 sue
938 3858 1068 3937 sibilent,
1081 3861 1120 3921 ad
1133 3859 1311 3941 symbolum
1324 3860 1470 3939 adjuncta
1484 3862 1587 3936 luisse,
1603 3869 1639 3924 ut
1653 3866 1707 3926 Sa-

120 3963 303 4043 perversitas
320 3964 542 4039 consequenter
563 3958 601 4018 ad
621 3958 701 4018 hana
719 3956 891 4017 absurdita-
938 3952 1156 4028 belliauorum,
1185 3953 1235 4014 vel
1260 3951 1557 4033 Patripassianorum
1584 3954 1708 4018 haeresis

122 4060 181 4116 tem
194 4053 381 4135 praecipitat,
397 4058 433 4112 ut
447 4051 639 4111 nativitatem
661 4049 789 4130 quidem
811 4048 890 4109 uiri·
940 4045 1153 4108 excluderetur
1182 4062 1265 4106 :non
1289 4062 1325 4106 eo
1350 4063 1453 4121 sensu,
1483 4064 1576 4125 quem
1604 4044 1709 4110 Ariani

123 4162 194 4208 uam
211 4146 394 4208 nullatenus
418 4143 563 4218 credant3
585 4147 731 4204 naturam
754 4160 828 4203 vero
848 4160 892 4203 se·
942 4154 1006 4219 prae
1020 4152 1052 4200 se
1074 4134 1224 4209 ferebant,
1238 4137 1291 4217 qui
1311 4136 1412 4199 solum
1447 4139 1569 4200 Patrem
1598 4142 1711 4202 natiue

125 4240 257 4301 eundum
279 4254 415 4312 earnem,
434 4236 637 4297 nihilominus
653 4236 839 4315 passionem,
856 4250 891 4295 ac
942 4230 1073 4292 minime
1091 4230 1310 4310 aspectabilem
1326 4244 1391 4291 esse
1412 4230 1554 4292 dicebaut
1570 4253 1578 4293 ε
1594 4232 1710 4294 Filium

126 4338 268 4405 mortem,
291 4328 548 4392 resurrectionem
570 4344 694 4407 quoque
708 4327 748 4388 ab
773 4326 890 4399 inieris,
941 4341 1027 4400 vero,
1052 4322 1158 4402 utpote
1189 4322 1344 4383 brierioris
1371 4310 1570 4401 substantiae,
1598 4330 1710 4387 natura

126 4424 378 4486 sucessionem
391 4422 425 4483 in
441 4420 566 4496 eaelum,
579 4420 728 4481 etomnia
741 4418 804 4490 illa,
821 4436 893 4500 quae
941 4415 1041 4477 videri
1056 4430 1155 4495 posse,
1183 4409 1221 4475 de
1247 4433 1309 4494 quo
1331 4415 1401 4476 vide
1427 4434 1497 4494 quae
1519 4415 1594 4476 alibi
1616 4417 1711 4480 disse-

128 4516 160 4576 in
182 4521 376 4579 memmentc
408 4513 632 4576 iucarnationis
660 4513 700 4573 ad
728 4528 894 4593 personam
942 4508 1096 4570 ruimus'.

129 4612 217 4671 unius
229 4608 301 4670 Filii
314 4607 482 4689 pertinent,
503 4606 587 4666 Petri
601 4612 823 4686 cousequenter
838 4605 893 4666 ad·
983 4604 1046 4663 Leo
1060 4603 1146 4681 Papa
1158 4599 1192 4660 in
1205 4598 1332 4679 epistola
1346 4600 1547 4679 nonagesima
1571 4604 1663 4665 tertia
1674 4601 1714 4665 ad

130 4700 291 4782 signent.»
947 4690 1135 4766 Turitiumi,
1156 4709 1251 4772 quam
1262 4691 1413 4772 superiori
1426 4693 1525 4773 capite
1538 4695 1711 4775 citavimus,

167 4795 223 4857 Hic
236 4792 422 4874 Fulgentius
440 4790 565 4866 indicat,
585 4788 825 4871 Patripassianos
842 4806 896 4849 na·
944 4786 1187 4849 Priscillianistes
1211 4786 1251 4846 ed
1272 4785 1413 4847 eamdem
1442 4786 1568 4849 Sabellii
1593 4790 1713 4869 opinio·

132 4882 278 4949 tititatem
290 4882 526 4947 Deisecundum
539 4900 664 4944 caruem
679 4884 722 4944 ite
745 4878 897 4944 confessos
945 4897 1019 4942 nem
1045 4878 1201 4958 pertinere
1228 4878 1314 4956 dicit,
1339 4877 1465 4958 ejusque
1479 4879 1714 4961 discipulorum,

134 4988 201 5056 este,
221 4984 259 5041 ut
283 4996 391 5041 veram
414 4992 540 5038 earnem
563 4993 639 5050 esse,
670 4992 804 5055 vereque
830 4991 898 5053 pas·
947 4972 1001 5052 qui
1027 4969 1246 5051 Patripassiani
1271 4976 1434 5044 vocentur,
1458 4976 1612 5050 qtratenus
1629 4994 1644 5032 ι
1662 4975 1717 5034 Pa·

134 5087 203 5147 aem,
229 5090 266 5133 ac
287 5076 444 5133 mortuam
471 5086 536 5129 non
558 5073 729 5145 negarent3
745 5085 815 5147 quae
840 5066 899 5126 tuit
947 5064 1013 5137 tris,
1030 5068 1061 5124 et
1074 5062 1153 5138 Filii,
1168 5068 1199 5124 et
1223 5060 1358 5142 Spiritus
1383 5063 1484 5123 saneti
1503 5081 1600 5125 uuam
1623 5069 1715 5143 atque

137 5160 334 5242 Amllitamm
347 5160 502 5224 sententia
513 5160 666 5240 superiori
681 5159 821 5240 exposita
844 5174 896 5219 ea·
948 5156 1091 5218 eamdem
1102 5154 1279 5217 asserebant
1292 5170 1357 5216 esse
1370 5170 1535 5234 personam
1547 5176 1554 5216 ε
1566 5161 1716 5235 tanquam

136 5255 202 5333 pite.
949 5249 1032 5310 idem
1045 5250 1129 5310 Deus
1156 5266 1241 5309 nuuc
1261 5247 1360 5322 Peter,
1384 5264 1469 5307 nunc
1493 5246 1605 5323 Filius,
1631 5264 1717 5307 nune

171 5348 221 5409 111.
237 5350 318 5411 Saue
341 5345 581 5426 Patripassiauos
596 5344 691 5424 vulgo
707 5341 899 5405 sabellianos
951 5342 1084 5421 Spiritus
1097 5339 1292 5415 nominetur;
1308 5356 1366 5399 nec
1379 5336 1457 5398 alius
1474 5338 1514 5398 sit
1526 5337 1580 5416 qui
1595 5337 1714 5417 genuit,

163 5552 173 5593 1
187 5551 249 5608 seta.
261 5553 278 5599 1.
292 5550 432 5608 ωηιξη.
445 5549 526 5596 ratu.
538 5557 558 5594 e.
570 5547 656 5594 xr.-S
669 5547 731 5593 Tem.
744 5546 772 5603 tl,
784 5547 823 5592 lib.
835 5546 854 5591 11
866 5545 893 5593 dc
904 5547 967 5593 tria.
981 5556 1002 5591 e.
1015 5556 1044 5596 rr,
1056 5540 1128 5598 §tet
1139 5542 1155 5585 1.
1167 5539 1226 5591 vill,
1237 5550 1256 5584 e.
1269 5547 1295 5590 rr.
1308 5535 1409 5594 Stet
1422 5534 1474 5591 Gap.
1487 5546 1505 5579 ι.
