4036 6162
526 325 577 387 DE
597 323 900 400 INGARNATIONE,
923 325 995 387 ΗΒ.
1017 327 1056 395 lI,
1083 322 1167 388 GAP.
1190 325 1285 386 XVII.
1639 321 1699 383 365

144 490 189 548 «nt
201 485 363 567 siquidem,
378 485 490 566 inquit,
505 487 643 549 multum
661 487 717 549 tihi
731 487 882 551 debemus
937 489 1064 570 «Atque
1077 490 1137 551 hoc
1151 487 1202 551 ille
1216 486 1346 570 probare
1360 492 1488 549 conatur
1502 504 1541 548 ex
1555 485 1602 547 his
1614 484 1699 546 Salo-

139 597 177 640 nos
191 580 268 640 Deus
281 579 411 656 Christe,
431 579 614 659 quialromo
627 580 724 641 factus
738 597 770 641 es
784 599 791 639 2
804 586 883 641 attu
933 582 1036 643 monis
1063 579 1182 643 uerbi³z
1212 579 1355 643 Dominus
1376 576 1507 658 possedit
1536 595 1582 637 me
1613 576 1700 637 initio

138 676 255 731 econtra
267 670 402 731 multum
417 671 506 732 uobis
524 671 618 733 debes
636 671 731 732 homo
751 672 883 749 Christe,
935 674 1208 747 cinomanorum,
1246 678 1304 733 etc.
1323 690 1392 751 qua
1414 670 1457 731 sic
1473 669 1595 749 accipit,
1628 673 1699 729 tau-

137 761 340 843 quapropter
374 781 431 823 nos
456 763 490 824 iu
513 766 612 825 licum
641 767 818 844 assumptus
840 782 884 826 es.
935 783 1029 846 quam
1043 770 1114 827 ante
1132 763 1237 825 omnia
1253 764 1423 825 destinatus
1440 760 1533 822 fuerit
1549 759 1699 836 Christus,

136 854 196 915 Nam
209 853 269 915 nisi
282 855 445 916 fuissemus
463 860 647 935 peccatores,
670 873 765 916 causa
782 874 838 916 eur
849 861 885 916 tu
935 858 998 920 siue
1013 860 1096 937 Deus
1108 857 1203 917 homo
1217 854 1250 916 in
1266 854 1370 915 divino
1385 852 1523 928 consilio,
1537 870 1573 911 ac
1587 868 1700 931 propo·

136 946 232 1006 assumi
249 947 283 1006 in
307 948 408 1009 Deum
426 946 563 1023 deheres,
583 947 670 1007 nulla
689 946 805 1016 suisset,
826 952 884 1009 etc.
934 950 991 1011 sito
1004 969 1011 1011 :
1024 950 1108 1030 quod
1124 952 1248 1009 utuntac
1262 946 1418 1008 charitatis
1431 943 1623 1025 propositum
1637 960 1701 1002 nou

136 1038 183 1098 Nisi
193 1043 370 1118 peccassent
383 1039 475 1114 servi,
491 1058 549 1101 nee
562 1044 720 1118 assumpta
732 1037 840 1099 fuisset
852 1039 886 1100 in
935 1042 1094 1104 evacuavit
1102 1060 1140 1103 ex
1149 1040 1277 1102 adverso
1287 1038 1415 1101 veniens
1426 1040 1596 1117 peccatum,
1611 1054 1625 1092 o
1641 1038 1698 1094 etc.

136 1130 285 1191 Dominum
299 1131 399 1192 Deum
410 1136 522 1192 natura
531 1131 658 1192 seruilis.
674 1151 685 1188 o
700 1130 785 1190 Idem
792 1129 888 1191 etium
934 1135 1051 1196 Verum
1069 1133 1136 1195 haec
1153 1131 1288 1212 Ruperti
1304 1129 1382 1191 ratio
1403 1129 1494 1190 firma
1514 1130 1650 1197 nonest,
1672 1129 1703 1186 ct

135 1220 296 1283 iudicatlib.
311 1222 383 1283 XIV
408 1221 440 1282 in
464 1220 665 1284 Mortuum.
690 1223 886 1302 Quamquam
934 1226 1010 1287 salsa
1031 1225 1092 1287 loci
1114 1224 1197 1285 illius
1217 1242 1235 1285 c
1256 1220 1424 1284 Proverbiis
1448 1216 1702 1299 interpretatione

136 1312 188 1374 aiibi
211 1315 367 1394 Rupertus
392 1313 581 1375 contrarium
595 1313 696 1376 docet*
714 1313 887 1375 :nimirum
935 1319 1045 1380 nititur
1071 1318 1109 1380 de
1137 1335 1197 1397 quo
1221 1315 1282 1378 ulio
1307 1315 1339 1375 in
1361 1315 1428 1376 loco
1451 1309 1539 1372 dixi‘.
1566 1308 1702 1371 Omnino

137 1424 188 1466 urm
210 1405 303 1467 etium
323 1408 400 1468 eitra
422 1410 586 1487 peccatum
598 1406 721 1468 «saneti
745 1410 776 1467 et
797 1404 887 1467 electi
935 1428 1010 1472 vero
1021 1408 1251 1489 predestinatio
1262 1407 1315 1468 illa
1323 1413 1591 1482 sauctorum,quae
1602 1402 1703 1479 reipsa

138 1498 263 1559 omitum
283 1497 397 1560 fuerint
415 1499 586 1560 secundum
604 1497 799 1578 propositum
817 1497 884 1573 Dei,
935 1502 1016 1565 facta
1027 1509 1072 1565 est
1085 1523 1104 1564 a
1118 1505 1192 1578 Deo,
1202 1519 1267 1562 non
1277 1500 1366 1561 aliter
1375 1497 1532 1574 designata
1540 1501 1596 1571 est,
1608 1509 1703 1573 quam

138 1588 284 1652 curruum
298 1609 364 1653 esse
383 1597 503 1670 putare,
519 1591 603 1671 quod
625 1597 753 1671 propter
771 1609 835 1667 eos,
851 1596 887 1652 ut
935 1584 1703 1677 praeviso‚ordinatoquepecouto;adeoqueChristi

139 1688 326 1755 merentur,
341 1688 503 1764 peccatum
522 1683 729 1745 necessarium
750 1683 853 1743 fuerit·
866 1703 881 1742 t
935 1687 1148 1751 incarnatione
1176 1684 1354 1748 constituta.
1390 1679 1568 1762 Cuiusmodi
1597 1682 1703 1739 eutem

140 1773 297 1841 Quodidcm
307 1775 346 1836 de
357 1774 479 1836 Christo
492 1775 611 1856 ecapiie
622 1781 735 1854 etregc
745 1774 887 1836 omnium
935 1782 1061 1843 alterius
1078 1778 1213 1841 conditio
1232 1777 1338 1838 futura
1352 1780 1442 1847 esset,
1463 1775 1487 1834 si
1501 1790 1567 1834 non
1584 1767 1703 1851 peceati

140 1865 284 1929 neuram
298 1867 501 1946 Angelorum,
523 1875 555 1929 ct
568 1868 735 1929 hominum
749 1866 886 1929 sentien·
935 1874 1019 1935 labes
1029 1871 1257 1945 intercessisset,
1266 1888 1330 1930 non
1342 1873 1388 1929 est
1397 1865 1537 1927 divinare
1548 1868 1701 1925 nostrum.

139 1957 225 2018 dumo
245 1977 310 2021 esse
329 1959 423 2035 dicit3
439 1966 474 2021 ut
491 1959 583 2040 «ipse
605 1959 741 2021 maxime
762 1975 886 2020 oausam
936 1968 1041 2047 Itaque
1060 1965 1186 2026 missum
1204 1963 1291 2025 illam
1308 1960 1438 2022 iacimus
1454 1978 1462 2019 ι
1477 1975 1535 2019 nec
1555 1956 1593 2016 de
1614 1955 1702 2015 inco-

139 2050 317 2112 ramnum
336 2070 402 2113 non
422 2051 566 2114 habuerit
586 2052 689 2130 ipsum
711 2056 884 2131 peecatum,
935 2058 1040 2138 gnus,
1063 2063 1094 2119 et
1118 2055 1244 2117 incertis
1266 2053 1322 2115 uei
1341 2049 1473 2113 consiliis
1494 2047 1645 2109 ludicram
1668 2062 1705 2105 ee

139 2146 166 2200 ut
185 2142 273 2205 homo
294 2143 384 2204 fieret
407 2160 447 2204 ex
469 2141 649 2204 hominibus
672 2142 797 2204 delicias
821 2160 886 2204 suaa
935 2149 1130 2213 temerariam
1142 2147 1326 2211 sententiam
1342 2142 1485 2206 dicimus:

138 2232 274 2297 cuminus
298 2235 463 2297 habiturus
497 2252 569 2297 cum
581 2234 652 2296 filiis
665 2235 840 2296 hominum.
866 2254 882 2292 o

162 2435 234 2491 iiico.
246 2435 321 2485 tit·
331 2436 347 2483 9
357 2436 407 2485 Lib.
416 2436 466 2482 1111
476 2436 503 2482 de
517 2437 576 2483 Gior.
588 2441 609 2482 et
622 2439 674 2484 too.
685 2437 717 2490 or.
730 2437 788 2484 toro.
802 2433 883 2481 tn.-
894 2434 909 2479 8
921 2434 984 2480 Pron
995 2443 1074 2476 urc-
1084 2431 1098 2476 i
1108 2430 1171 2475 Tum.
1183 2429 1212 2482 11.
1224 2429 1240 2474 Ι.
1251 2427 1270 2474 11
1280 2427 1307 2473 de
1322 2427 1382 2472 Mu.
1397 2437 1417 2470 o
1429 2436 1444 2468 r.
