4078 6162
298 320 358 381 tto
815 314 1144 379 renchofflcoauu
1166 315 1387 380 neumausi

340 483 587 553 Additioennes
603 483 821 559 Damascepus,
846 483 940 545 etiam
962 484 1064 547 istud:

299 580 378 641 Cum
400 577 439 638 ad
464 576 622 638 dexteram
636 575 734 637 Patris
762 575 899 638 Christus
923 576 1064 652 assideat,

299 669 377 732 duas
416 667 480 730 illie
519 686 667 749 personas
707 667 937 731 constituendas
976 687 1067 747 esse,

300 761 437 842 adeoque
451 766 586 840 quatuor
608 760 647 822 ab
673 760 852 823 Christianis
877 761 1067 836 adorandes;
1307 739 1528 832 CAPUT
1577 740 1699 828 XII.

300 854 385 936 qnod
397 858 620 934 argumentum
633 859 741 934 postea
758 853 879 916 meliori
889 854 924 917 in
935 851 1003 917 luce
1017 871 1070 935 po

301 952 405 1011 netrrr.

341 1024 429 1101 XIV.
452 1038 559 1100 Tertio
585 1039 629 1101 iia
654 1039 855 1101 ratiocinatur
877 1040 1023 1101 Boetius:
1039 1039 1071 1101 Sl
1121 1047 1296 1112 Illustratur
1313 1048 1403 1123 ratio,
1428 1055 1455 1109 ei
1475 1046 1643 1128 proprietas
1662 1063 1808 1126 persone,
1827 1045 1884 1108 give

302 1134 386 1195 Deus
398 1149 470 1194 cum
483 1131 658 1194 homincer
671 1132 949 1207 accidentesolum,
966 1140 1072 1193 etnon
1162 1141 1325 1224 hypostase
1344 1142 1431 1202 unius
1454 1139 1602 1201 {mammii
1625 1136 1721 1199 Verbi,
1739 1140 1770 1198 ι,
1784 1136 1884 1218 Hypo»

303 1226 415 1283 ‘'Diffi“
428 1224 533 1305 ”EQUO
563 1242 647 1286 ”0¹1¹
681 1224 865 1304 ⁰⁰11i¹111⁰t¹1⁸
898 1232 961 1300 0⁸⁸2
994 1224 1072 1286 nibil
1161 1234 1246 1295 stcsis
1268 1252 1326 1295 voe
1347 1234 1428 1296 ocrs'e
1450 1239 1579 1312 occepta.
1600 1232 1631 1292 2.
1653 1228 1735 1309 Ejus
1753 1228 1842 1304 ratic,
1856 1249 1889 1292 ac
2011 1237 2012 1242 ’

303 1313 472 1379 admodum
492 1317 578 1395 novi,
593 1336 630 1379 ac
654 1318 833 1397 singularis,
848 1317 899 1379 vel
911 1322 1072 1395 tantopere
1161 1321 1298 1394 desistitis
1307 1324 1430 1384 strictim
1440 1320 1604 1402 explicato.
1618 1316 1765 1380 eorem·
1771 1316 1890 1397 oh'eetic

303 1408 478 1471 admirandi
511 1412 570 1471 boc
601 1409 636 1470 in
667 1410 817 1491 mysterio
849 1409 1074 1472 incarnationis
1163 1415 1293 1477 discusso
1312 1414 1493 1497 opponentis,
1508 1410 1688 1473 ridiculeea
1702 1407 1817 1470 mabar
1837 1429 1890 1471 ac·

303 1499 413 1562 inesse.
441 1522 453 1559 s
482 1499 614 1569 Quando
628 1501 713 1563 enim
737 1521 802 1563 non
823 1502 883 1563 fuit
902 1502 1074 1564 Divinitatis
1165 1505 1328 1570 tor-isdum
1351 1515 1477 1567 satores
1498 1502 1597 1585 effici:
1625 1509 1677 1563 cus·
1692 1499 1890 1581 respondam,

305 1592 441 1672 propria,
471 1593 735 1674 humanitatisque
762 1593 922 1673 persona?
948 1594 1073 1674 quando
1165 1618 1255 1663 onem
1268 1598 1448 1682 hypostasim
1461 1595 1529 1678 fieri
1543 1594 1744 1674 compositam.
1770 1596 1799 1654 t.
1814 1592 1893 1654 aas

305 1700 379 1745 vero
394 1703 459 1746 non
469 1687 545 1761 erit;
561 1686 611 1748 vel
620 1686 696 1766 quid
709 1686 841 1767 amplius
853 1688 887 1748 in
899 1687 974 1748 lesu
982 1704 1075 1766 gene·
1163 1700 1232 1753 nota
1245 1691 1377 1773 qaeestio,
1392 1709 1432 1752 ors
1449 1689 1490 1750 sit
1510 1685 1675 1769 hypostasis
1690 1683 1808 1747 Christi
1823 1703 1894 1745 com

305 1777 425 1838 ratione
449 1779 610 1859 contingit,
635 1797 730 1859 quam
755 1781 790 1840 in
814 1779 977 1860 cujuslibet
997 1779 1073 1841 alte·
1160 1788 1279 1866 portic:
1309 1782 1399 1864 idque
1417 1781 1588 1861 affirmator
1605 1796 1642 1839 er
1661 1774 1814 1855 Patribus,
1843 1776 1895 1858 qui

305 1868 422 1931 riusio
445 1871 524 1932 Nam
547 1871 631 1950 quod
656 1872 706 1932 vel
726 1879 852 1953 propter
874 1872 1075 1934 excedentem
1165 1876 1219 1938 hoc
1238 1882 1335 1957 ipsum
1351 1873 1471 1941 driusi,
1493 1869 1673 1952 hypostasim
1690 1865 1809 1929 Christi
1820 1886 1893 1928 rom-

306 1962 474 2039 quamdam
488 1964 770 2043 operationem,ch
783 1964 824 2025 ob
834 1965 980 2026 eximiam
990 1982 1076 2025 sanc·
1164 1967 1291 2049 positam
1315 1985 1392 2041 esse;
1419 1967 1451 2026 s.
1468 1962 1514 2025 uei
1532 1960 1685 2024 Christum
1708 1977 1763 2020 esse
1786 1977 1849 2020 com

305 2052 547 2131 titatem3velob
557 2057 746 2119 extrinsecus
755 2056 1076 2134 affirsamdignitetem
1166 2060 1268 2121 atum.
1283 2061 1314 2121 9.
1327 2056 1483 2139 Daphnem
1498 2073 1554 2117 esse
1568 2052 1719 2117 Christum
1738 2070 1796 2133 quo
1817 2069 1896 2114 seam

306 2148 502 2227 quampiam,
521 2150 616 2209 homo
643 2150 700 2210 iste
725 2151 905 2212 Dominicus
928 2149 1076 2228 singulari
1167 2160 1251 2232 occet
1265 2149 1413 2233 cyrillus.

305 2238 396 2300 titulo
408 2240 536 2302 affectus
547 2241 719 2303 existimari
727 2248 845 2321 potest;
860 2240 1008 2303 hocnihil
1018 2247 1073 2305 est.

307 2330 427 2392 Debent
440 2332 525 2393 enim
534 2337 601 2393 tam
620 2350 693 2394 vere
706 2335 892 2414 proprieque
906 2334 1028 2411 Christi,
1041 2352 1077 2394 ac
1167 2339 1193 2401 I.
1216 2335 1375 2399 Sublatam
1389 2333 1525 2396 arbitror
1536 2333 1724 2413 penitusque
1747 2330 1899 2391 detersam

307 2422 362 2483 Dei
371 2423 528 2485 nominari
534 2424 715 2504 censerique
720 2425 797 2504 justi
807 2443 916 2487 omnes
924 2445 959 2487 ac
967 2426 1074 2500 sancti,
1127 2431 1280 2511 superiori
1294 2427 1502 2509 disputatione
1508 2425 1612 2487 labem
1619 2423 1774 2504 opinionis
1787 2423 1899 2484 utrim-

308 2532 402 2593 quam
410 2515 592 2596 B.V1rginis
601 2516 694 2591 filius,
711 2516 818 2579 etsiab
832 2536 869 2580 eo
878 2518 974 2598 longo
984 2519 1077 2581 inter
1129 2542 1201 2603 qne,
1217 2540 1287 2602 quse
1300 2519 1351 2582 vel
1365 2525 1512 2581 naturam
1535 2534 1574 2579 ex
1602 2515 1725 2578 duabus
1747 2532 1848 2577 unam
1868 2516 1899 2574 in

306 2607 927 2689 vallosuperentnr;quamdiuineodem
936 2612 1074 2689 unitatis,
1129 2613 1333 2690 Chris103vel
1355 2628 1502 2690 personas
1529 2609 1673 2685 totidem,
1697 2618 1774 2686 quot
1801 2607 1900 2667 inesse

307 2704 339 2760 et
361 2701 512 2763 unitionis
534 2719 648 2781 genere
675 2703 873 2778 consistitur;
898 2722 963 2764 uon
990 2721 1079 2765 secus
1129 2715 1250 2770 nature
1273 2705 1454 2781 creduntur,
1478 2700 1606 2764 invexit.
1628 2702 1697 2761 Hoc
1721 2699 1806 2760 enim
1833 2698 1902 2758 aoli-

307 2792 427 2871 acjusti
437 2811 557 2872 omnes,
568 2799 600 2855 et
611 2795 723 2869 sancti,
739 2800 770 2855 et
783 2794 873 2856 amici
887 2795 942 2856 Dei
954 2797 1078 2876 proprie
1130 2798 1261 2860 dissimis
1274 2796 1447 2858 rationibus
1457 2793 1666 2875 approbatum
1675 2797 1734 2867 est,
1750 2809 1855 2852 unum
1867 2806 1903 2851 ex

308 2885 467 2965 dicuntur,
480 2887 605 2949 tametsi
620 2886 789 2967 inequales
802 2888 883 2948 inter
903 2905 936 2949 se
956 2888 1029 2962 sint,
1043 2906 1080 2950 ac
1130 2899 1317 2956 naturarum
1330 2886 1548 2967 conjugatione
1561 2884 1730 2954 Christum,
1741 2890 1773 2944 et
1782 2883 1904 2944 Emma-
2032 2946 2033 2957 ,

308 2976 457 3058 disPires-
1130 2984 1257 3045 nnelem
1271 2981 1431 3053 exstitisse,
1452 2981 1567 3054 Deum,
1583 2976 1799 3050 ethominem,
1815 2992 1903 3036 eum-
2032 2970 2033 2973 ’

349 3071 501 3143 Quartum
526 3089 545 3132 a
572 3072 678 3133 Boetia
701 3072 745 3133 sic
770 3089 808 3133 es
829 3072 1080 3134 antecedentibus
1131 3075 1265 3155 demque
1283 3074 1339 3135 Dei
1357 3073 1392 3134 in
1406 3077 1538 3150 utreque
1557 3074 1670 3131 natura
1685 3067 1906 3128 subsistentem

308 3161 481 3237 colligitur:
512 3163 612 3224 ciam
631 3181 718 3241 vero,
734 3164 848 3243 inquit,
872 3166 1024 3245 sequitur,
1044 3172 1081 3227 nt
1131 3167 1261 3241 Filium3
1275 3165 1359 3245 quod
1369 3179 1551 3244 personam,
1566 3157 1903 3240 hypostasim,subsis-

308 3255 449 3335 personis
462 3254 662 3317 manentibus
674 3256 763 3317 nullo
780 3256 901 3319 modos
914 3258 1079 3320 Divinitate
1130 3259 1273 3333 tentiam,
1289 3256 1485 3337 suppositum
1502 3270 1603 3314 unum
1616 3249 1754 3329 theologi
1778 3267 1907 3311 consue-

308 3347 486 3409 bumenites
500 3349 645 3410 eradatur
657 3354 826 3428 assumpta.
848 3351 982 3412 Omnino
995 3352 1081 3414 enim
1131 3356 1246 3412 verrant
1259 3350 1372 3411 dicere.
1394 3349 1440 3409 Ex
1454 3364 1516 3426 quo
1540 3361 1622 3406 unus
1636 3342 1828 3421 intelligitur
1844 3359 1906 3404 esse

309 3438 462 3518 disjuncta
473 3446 635 3520 suntque
643 3459 732 3520 aeque
742 3443 1080 3524 personis,nat1nisqua
1133 3443 1289 3519 Christus,
1317 3459 1403 3517 vera,
1431 3438 1618 3520 proprieque
1648 3436 1748 3509 dicta,
1774 3435 1839 3496 hoc
1864 3438 1908 3495 est

309 3536 661 3613 separantur:prcrsus,
676 3533 817 3611 inquam,
831 3534 1079 3613 disjunctasunt.
1135 3542 1249 3597 obsides
1262 3539 1294 3595 et
1318 3531 1510 3594 substantiva
1536 3528 1666 3604 unitate,
1700 3544 1765 3587 non
1802 3532 1907 3587 tamen

310 3624 373 3686 Nee
395 3624 495 3704 magis
516 3624 598 3685 inter
623 3642 655 3685 se
677 3624 831 3701 homines,
846 3625 1001 3707 bovesque
1015 3629 1080 3689 dis-
1131 3644 1253 3688 unum:
1285 3625 1358 3705 quia
1392 3641 1456 3685 non
1491 3627 1537 3684 est
1563 3638 1627 3682 una
1653 3624 1782 3681 natura:
1814 3635 1908 3698 qnam

306 3716 419 3795 juncti,
435 3733 531 3796 quam
544 3716 693 3778 Divinitas
717 3717 752 3777 in
777 3718 908 3796 Christo,
935 3719 1081 3781 humani-
1132 3718 1247 3779 similes
1271 3734 1361 3778 voces
1382 3716 1417 3776 in
1436 3718 1548 3776 neutro
1569 3728 1680 3788 genere
1708 3709 1906 3788 significant:

309 3815 417 3889 raeque
430 3808 563 3870 discreta
577 3815 634 3886 est,
649 3810 676 3870 si
689 3826 830 3871 mansere
844 3828 996 3890 persona.
1018 3813 1081 3873 Hc·
1133 3810 1212 3871 sicut
1224 3810 1258 3870 in
1272 3807 1445 3870 masculino
1459 3805 1579 3886 posite,
1595 3804 1633 3865 ad
1647 3819 1819 3882 personam
1831 3801 1910 3864 reie-

311 3903 412 3963 minea
421 3901 548 3982 quippe,
561 3920 597 3963 ac
605 3901 700 3963 boves
712 3920 777 3963 una
788 3901 932 3964 animalis
943 3921 1084 3965 commu·
1132 3908 1263 3965 rantur:
1280 3901 1319 3963 de
1331 3918 1393 3980 quo
1405 3903 1476 3979 post
1488 3898 1548 3959 erit
1561 3895 1682 3957 dicendi
1695 3895 1792 3955 locus.

312 3994 408 4057 nitate
426 3994 616 4073 junguntur.
642 3995 695 4056 Eat
715 3995 800 4056 enim
825 3994 885 4056 illis
910 3995 1084 4057 secundum
1173 3994 1218 4055 hc
1242 3992 1281 4054 de
1301 3989 1463 4072 hypostasi
1484 3989 1615 4050 minime
1626 3992 1672 4049 est
1684 3985 1907 4057 omittendum,
1940 4002 2034 4063 awos

312 4103 412 4165 genos
439 4087 613 4147 communis
638 4085 826 4160 substantia,
854 4088 1025 4167 eademque
1050 4088 1084 4149 in
1133 4076 1912 4166 quodidentidemnecesseestrepeti3ambiguum
1952 4058 2026 4167 ἐξ

313 4178 555 4246 universalitatis
576 4178 755 4240 collectione
772 4184 896 4240 natura.
922 4181 985 4241 Deo
1009 4199 1084 4242 vero
1132 4178 1228 4257 hujus
1241 4194 1306 4238 esse
1320 4173 1457 4237 nominis
1468 4188 1562 4233 usum
1575 4170 1658 4250 apud
1672 4169 1820 4248 antiquos
1828 4170 1913 4231 theo·

314 4275 408 4350 atque
428 4270 548 4332 homini
569 4269 645 4349 quid
665 4288 729 4331 non
753 4273 812 4333 erit
832 4271 952 4333 diversa
964 4272 1084 4335 ratione
1134 4268 1233 4349 logos,
1259 4286 1323 4330 uon
1344 4266 1480 4327 diversos
1507 4264 1678 4338 duntaxat3
1706 4261 1761 4323 scd
1785 4261 1913 4322 eoadem

313 4362 515 4442 disjunmum
539 4362 565 4422 si
590 4360 649 4422 sub
672 4361 849 4425 diversitate
863 4368 993 4437 naturae,
1016 4382 1085 4443 per·
1134 4361 1312 4436 interdum,
1336 4358 1383 4420 nti
1409 4356 1574 4437 cyrillum.
1600 4355 1679 4416 Nam
1710 4371 1769 4433 pro
1795 4360 1913 4414 natura

314 4473 462 4516 sonarum
495 4471 620 4534 quoque
656 4453 801 4516 credatur
837 4455 988 4518 mansisse
1022 4457 1085 4518 dis-
1135 4472 1235 4533 sepe,
1268 4451 1405 4514 maxime
1425 4449 1564 4528 antiqui:
1594 4465 1652 4527 pro
1678 4463 1815 4526 persona
1849 4444 1913 4505 tere

316 4546 462 4608 cretici»
1135 4546 1323 4610 recentiores
1332 4545 1534 4625 usurpammt.
1545 4540 1666 4601 Horum
1680 4543 1912 4599 ncsoonsuetu·

354 4639 449 4701 Plura
471 4640 531 4702 elia
549 4644 698 4719 poterunt
717 4657 757 4700 ex
779 4640 917 4701 adductis
944 4642 1087 4721 superins
1138 4638 1245 4701 dinem
1258 4636 1352 4698 modo
1372 4634 1487 4715 potius,
1512 4649 1609 4713 quam
1629 4629 1843 4709 superiorum,
1869 4646 1914 4689 se

315 4732 447 4793 Petrum
455 4731 639 4793 testimoniis
647 4731 960 4811 argumentacoufici,
972 4732 1088 4812 quibus
1139 4730 1277 4810 quimur,
1293 4728 1377 4807 quod
1390 4727 1425 4787 in
1438 4724 1586 4787 omnibus
1611 4722 1650 4785 de
1677 4721 1791 4783 divinis
1819 4720 1914 4782 rebus

315 4841 455 4904 persone
470 4823 573 4885 unitas
598 4822 638 4883 ab
662 4821 807 4902 theologo
830 4824 892 4901 via,
913 4830 945 4886 et
967 4824 1087 4885 ratione
1138 4820 1287 4903 loquendi
1305 4818 1447 4880 formulis
1472 4816 1645 4879 tenendum
1659 4832 1724 4876 esse
1738 4813 1914 4892 priscorum

315 4916 489 4995 colligatum
514 4915 593 4977 Vide
618 4914 802 4976 Anselmum
822 4915 903 4977 libro
924 4914 959 4978 dc
976 4915 1086 4978 locor·
1141 4916 1271 4978 Petrum
1285 4910 1463 4983 auctoritas,
1480 4914 1511 4970 ct
1530 4906 1711 4986 exemplum
1724 4922 1783 4965 nos
1802 4904 1915 4965 admo·

314 5008 435 5073 notiore
450 5007 574 5085 Christi,
590 5007 689 5090 capite
702 5007 824 5088 quinto.
1137 5018 1207 5069 net:
1225 5004 1280 5084 qui
1295 5004 1359 5064 suis
1371 5002 1481 5063 usitata
1504 4999 1696 5080 temporibus
1708 4995 1875 5073 vocabula,
1885 5001 1917 5056 et

1138 5113 1332 5169 communes,
1348 5114 1384 5156 ac
1396 5099 1535 5173 receptas
1547 5092 1663 5153 horum
1677 5089 1822 5152 notiones
1835 5088 1917 5149 anti·

1138 5190 1219 5271 quis,
1236 5186 1440 5265 obsoletisque
1451 5183 1668 5267 praetulerunt.

1179 5283 1284 5361 ltaque
1298 5296 1372 5341 eum
1399 5276 1438 5339 de
1468 5275 1691 5339 verabidorum
1713 5290 1774 5333 usu
1796 5288 1915 5333 conve·

1138 5375 1221 5446 niat;
1245 5372 1284 5433 de
1305 5370 1423 5432 horum
1446 5368 1573 5450 propria
1596 5364 1832 5445 significatione,
1849 5363 1916 5422 sire

1139 5463 1329 5539 definitione,
1342 5477 1406 5523 non
1420 5459 1526 5523 minus
1542 5457 1732 5521 concordare
1744 5455 1911 5517 debemus.
