4072 6164
521 313 573 373 llll
593 311 891 389 luctuunrtoun,
913 312 987 373 LIB.
1010 311 1068 379 IV,
1091 311 1176 372 GAP.
1198 311 1284 373 XIII.
1639 309 1694 368 ott

128 479 251 553 «Mens,
279 477 389 558 inquit,
418 495 489 539 cum
517 484 622 540 mente
647 478 810 555 miscetur,
846 482 906 541 ut,
931 477 1076 556 synodica
1094 475 1134 537 od
1152 475 1316 556 Sergium:
1337 475 1480 549 «Solam,
1501 473 1611 552 inquit,
1630 491 1697 534 am-

125 570 342 651 propinquiorI,
370 575 401 631 et
426 569 644 647 conjunctiori,
670 589 706 631 ac
731 587 787 649 per
813 587 883 630 eam
931 569 1095 647 plectImur
1107 569 1311 636 inconfusam,
1333 572 1364 628 et
1383 565 1603 645 impartibilem
1616 566 1698 625 divi-

126 662 202 722 carni
214 663 294 722 inter
302 661 493 722 dlvinItatem
503 667 533 722 et
544 661 647 722 carnIs
660 661 776 722 molam
789 661 883 722 inter·
931 660 1035 721 nitatis
1048 668 1080 721 et
1106 660 1309 721 humanitatis
1330 657 1504 718 unitionem
1527 658 1698 718 secundum

125 752 347 814 venientem»
932 752 1097 814 ammam:
1122 770 1217 831 quam
1251 752 1349 811 solam
1379 750 1517 828 agnoscit
1550 738 1700 809 naturalis

160 844 290 923 Denique
301 844 335 905 iu
351 840 635 906 Seooriicadoeroua
646 844 880 925 Apollinarium,
932 845 1102 906 secundum
1112 844 1303 924 hypostasim
1314 842 1489 904 conventio.
1504 843 1603 919 Hujus
1615 841 1699 901 enim

125 936 254 998 eamdem
263 936 447 998 sententiam
460 937 503 997 ita
515 937 692 1017 complexus
705 943 761 998 est.

932 936 1081 998 beneficio
1096 936 1240 997 dividitus
1252 940 1283 996 et
1295 936 1473 996 humandas
1485 934 1568 994 istud
1580 933 1698 994 habue-

225 1083 227 1087 ,
932 1035 1017 1104 mint,
1047 1034 1083 1089 ut
1107 1046 1208 1107 neque
1235 1027 1440 1089 mutationem
1463 1031 1598 1105 expertae
1625 1026 1696 1097 siat,

129 1118 298 1193 «Quoniam
311 1124 417 1181 autem
431 1119 554 1181 misceri
569 1119 678 1199 nequit
697 1135 770 1181 oum
791 1136 883 1180 carne
933 1139 1035 1200 neque
1048 1120 1232 1181 divisionem
1239 1118 1353 1200 passae!
1357 1140 1388 1179 .n
1401 1118 1545 1179 Mirificus
1554 1118 1604 1179 bie
1615 1118 1700 1179 locus

764 1213 857 1289 [Deus
874 1230 882 1272 ι
933 1218 995 1288 est3
1012 1220 1160 1292 tanquam
1175 1212 1234 1272 nisi
1247 1213 1329 1273 Inter
1340 1210 1447 1271 ambas
1456 1218 1583 1270 natruas
1596 1209 1700 1270 anima

127 1301 322 1381 inimarero,
337 1304 559 1366 etmensvclut
571 1303 774 1382 inlaterp'eoto
785 1303 883 1382 spatio
933 1305 1101 1383 spiritualis
1126 1304 1351 1380 intervenisset,
1362 1302 1489 1382 ejusque
1506 1321 1577 1362 cum
1597 1302 1700 1362 Verbo

785 1398 882 1474 leuat,
933 1396 1043 1458 intima
1065 1397 1268 1477 proximaque
1299 1395 1467 1472 copulatio,
1505 1395 1554 1455 vel
1587 1394 1702 1455 mutari

127 1485 222 1547 Carnis
248 1486 376 1566 quidem
401 1488 488 1550 velut
513 1487 769 1549 contubernalis:
791 1494 821 1547 et
848 1494 884 1550 ut
934 1495 1062 1550 naturas
1076 1489 1168 1569 ipsas,
1184 1489 1235 1549 vel
1248 1488 1343 1548 dividi
1363 1506 1398 1548 ac
1418 1486 1554 1565 separari
1570 1504 1701 1552 ,necesse

187 1646 189 1649 .
676 1579 790 1659 [imago
801 1580 882 1640 Dei:
933 1581 1036 1643 luerit.

127 1670 191 1730 Cum
206 1676 337 1750 cognato
351 1672 444 1733 mista
458 1673 646 1748 Deinatnra,
977 1674 1031 1733 IV.
1069 1672 1251 1735 Ambrosius
1294 1677 1428 1734 tractatu
1457 1671 1490 1732 in
1526 1669 1702 1754 Symbolum

127 1761 204 1823 llli11c
214 1762 327 1824 habuit
338 1769 369 1825 et
382 1783 493 1827 crassae
509 1765 601 1826 molis
614 1764 839 1827 societateml.»
933 1764 1154 1846 Apostolorum,
1175 1791 1189 1819 τ
1206 1766 1354 1837 Verbum,
1370 1763 1472 1843 inquit
1486 1762 1509 1840 ¹,
1520 1768 1551 1824 et
1560 1764 1701 1823 substan·

933 1856 977 1917 tia
992 1856 1056 1929 Dei,
1074 1875 1143 1936 quae
1167 1876 1223 1937 per
1242 1857 1348 1919 omnia
1366 1856 1549 1934 Incorporea
1562 1859 1618 1931 est,
1635 1873 1703 1916 cor·

160 1948 210 2008 lli.
228 1950 262 2009 ln
276 1954 364 2011 sexta
375 1950 496 2029 synodo
510 1950 677 2030 probatum
686 1957 731 2012 est
748 1950 884 2011 edictum
933 1950 1150 2028 porihumano
1171 1950 1265 2011 inseri
1285 1968 1350 2010 non
1365 1953 1495 2029 poterat,
1516 1948 1577 2007 nisi
1599 1947 1704 2026 aliqua

125 2039 306 2102 Constantini
334 2042 487 2121 Pogonati
516 2043 729 2124 Imperatoris,
755 2042 789 2102 in
822 2058 884 2121 quo
934 2040 1705 2121 spiritualinaturamediante,idestanima.Anima

126 2129 192 2192 illud
205 2132 308 2212 ipsum
323 2133 509 2207 continetur,
526 2135 638 2196 Filium
653 2136 708 2197 Dei
732 2156 748 2194 a
760 2151 885 2195 carnem
934 2151 1009 2211 ergo
1022 2134 1165 2195 rationali
1177 2134 1332 2195 mediante
1343 2133 1499 2206 ,Verbum
1515 2131 1569 2192 Ilei
1582 2131 1703 2210 opificio

125 2223 279 2305 suscepisse
298 2225 391 2286 nobis
418 2226 735 2288 consubstantialem:
760 2232 792 2287 et
816 2242 885 2286 eam

126 2312 176 2373 sibi
208 2334 262 2393 per
312 2317 528 2378 intermediam
566 2318 704 2379 animam
749 2318 886 2378 rationa-

126 2404 189 2483 lem,
209 2414 239 2469 et
258 2408 488 2489 intelligentem
503 2411 702 2490 compegisse,
718 2414 811 2488 atque
823 2408 885 2468 for·

125 2510 275 2562 masae⁶.n

157 2591 290 2654 loannes
328 2610 452 2672 quoqne
486 2594 693 2653 Damascenus
709 2591 887 2672 plenissime

125 2680 197 2744 istud
209 2691 366 2747 asseverat
378 2685 496 2764 aliquot
508 2685 543 2745 ln
554 2684 628 2745 loeis
641 2686 698 2745 :Ut
711 2703 782 2745 cum
794 2685 886 2744 «uni-

125 2779 186 2837 tum
203 2777 312 2838 scribit
327 2795 392 2838 esse
412 2777 499 2839 carni
512 2777 650 2837 Verbum
674 2777 729 2837 Dei
742 2794 798 2855 per
820 2794 886 2837 me·

125 2866 199 2927 diam
210 2876 363 2943 mentem,
379 2888 449 2949 quae
462 2870 642 2948 interposita
659 2867 718 2928 luit
738 2868 819 2928 inter
830 2866 888 2927 Dei

125 2959 294 3037 puritatem,
308 2967 340 3022 et
351 2961 451 3023 earnis
464 2960 710 3022 crassitudinem.
727 2959 886 3039 Principa-

126 3056 185 3111 tum
198 3054 281 3115 enim
295 3054 423 3130 animae,
434 3059 527 3132 atque
537 3054 638 3113 camis
649 3070 738 3113 mens
751 3051 869 3112 othnet
879 3070 900 3126 :¹

125 3144 281 3220 quainter
296 3146 414 3220 omnia,
435 3162 504 3224 quae
522 3145 629 3205 insunt
647 3146 769 3219 anima,
791 3143 890 3223 puris

126 3234 232 3297 simum
245 3244 293 3299 est
308 3237 458 3317 quiddam
469 3236 495 3297 ί.
511 3257 527 3295 ι)
544 3237 589 3298 Ac
603 3235 744 3296 subinde.
766 3236 887 3311 oMens,

125 3324 228 3407 InquIt,
239 3330 329 3390 locus
342 3330 422 3390 facta
436 3334 482 3390 est
495 3328 675 3404 divinitatis,
688 3346 759 3406 quta
772 3328 888 3407 hypos-

124 3420 207 3481 tatice
227 3422 284 3501 ipsi
310 3426 357 3482 est
380 3421 557 3499 conjuncta.
570 3447 584 3475 ι
613 3422 651 3481 Εί
676 3419 777 3497 capite
797 3436 886 3480 xvnr.

129 3512 245 3588 oldens,
262 3514 379 3593 inquit,
394 3514 497 3575 media
517 3512 656 3575 consistit
674 3512 756 3572 inter
777 3512 887 3587 Deum,

126 3609 153 3664 et
163 3606 389 3682 carnem3hanc
400 3605 629 3685 quidem,velut
644 3603 888 3666 contubernalis:

125 3694 783 3777 illumvero,tanquamimago.Mensigitur
792 3694 891 3757 menti

126 3789 346 3866 commiscetur,
363 3808 397 3851 ac
411 3790 512 3850 media
532 3795 578 3850 est
598 3789 681 3849 inter
702 3786 755 3848 Dei
769 3787 890 3867 purita-

126 3883 192 3956 tem,
207 3886 238 3942 et
251 3881 357 3943 carnis
370 3881 540 3943 crassitiem
553 3891 576 3940 τ.
595 3901 612 3939 u

161 3973 356 4053 Sophronias
379 3973 681 4052 Hierosolymitanus
700 3971 734 4031 in
762 3970 891 4050 epletola

157 4177 176 4217 a
195 4163 259 4219 Nun.
281 4167 352 4218 orni.
362 4178 398 4217 ιι.
419 4158 452 4214 '0
467 4153 523 4223 νοῖις
538 4163 575 4231 τῷ
589 4152 627 4211 vol
642 4158 762 4230 μίγνυται,
777 4156 889 4231 belm·

127 4246 194 4318 τίρῳ,
204 4247 245 4299 καί
254 4244 414 4317 οἰκειωτόριρ,
427 4244 468 4297 καλ
477 4243 518 4296 διὰ
534 4242 620 4297 τοῦτου
635 4241 707 4314 σαρκὶ
723 4240 892 4313 μεσιτεύοντος

126 4329 223 4398 torna,
238 4331 279 4383 καί
293 4328 427 4402 παχῦτητι.

157 4411 174 4468 ό
190 4412 230 4468 ld.
245 4416 280 4469 to
294 4413 396 4467 σαντα.

229 4495 305 4549 Ἐπεί
315 4493 338 4548 δ’
346 4494 447 4566 ἄμικτός
460 4490 512 4547 ίστι
522 4492 615 4564 σαρκίῳ
629 4492 692 4553 θεός.

224 4577 302 4650 Ψυχὴ
318 4575 354 4640 δὲ,
364 4575 405 4629 καί
413 4581 471 4638 νοῦς
479 4569 533 4629 οἷον
544 4573 568 4628 ἐν
580 4574 729 4647 μεταιχμίῳ·

225 4661 320 4732 tapete
334 4658 377 4732 ptr
388 4660 422 4721 όνς
435 4659 554 4721 σύνοικος·
570 4659 604 4719 ὣς
613 4656 637 4711 δ’
649 4655 721 4710 εἰκὼν
736 4656 800 4710 θεοῦ.

226 4745 269 4816 Τῷ
283 4745 397 4815 συγγενεῖ
404 4744 503 4815 μιγεῖσα
514 4741 594 4809 ίηθεοῦ
608 4740 685 4812 ρῦσις.
720 4783 725 4792 .

229 4825 344 4879 Ἐκεῖθεν
362 4825 421 4898 ἔσχε
433 4826 475 4878 καὶ
487 4825 584 4897 πάχους
592 4823 730 4877 κοινωνίαν.

160 4907 222 4964 clu
238 4909 273 4966 Vl
296 4923 358 4978 syn.
375 4912 430 4965 act.
447 4923 524 4963 ινιιι.
543 4907 626 4977 napae
644 4905 753 4958 λαθόντα
765 4902 809 4971 τὴν
831 4899 890 4973 ἡμῖν

128 4987 264 5060 δμοοιίοιον,
273 4990 315 5044 καί
328 4990 416 5059 ταύτην
427 4990 506 5062 ίαοτῷ
515 4989 556 5042 διὰ
568 4989 642 5060 μέσης
651 4988 730 5060 ψυχῆς
744 4986 843 5056 λογικῆς
852 5002 888 5054 τε,

127 5072 164 5124 καί
177 5073 261 5146 νοτρόις
276 5073 479 5146 σνρπόξαντότε,
489 5073 529 5125 καὶ
539 5071 757 5142 διαρορρώσαντα.

160 5154 181 5210 d
198 5156 313 5211 Dtntsc.
329 5155 377 5211 lib.
396 5156 443 5223 lIl,
459 5171 519 5226 cap.
535 5169 572 5209 ιι.
593 5150 709 5205 “Huncin
728 5149 809 5204 τοίνυν
820 5146 892 5220 σαρκί

128 5235 167 5288 td
180 5239 254 5309 ρίοοο
264 5232 331 5293 νοῖιό
344 5239 420 5311 λόγος
434 5242 477 5292 τοῦ
492 5238 547 5291 θεοῦ
566 5234 734 5308 μεσιτεύοντος
749 5234 804 5286 θεοῦ
820 5232 891 5284 καθα-

130 5320 218 5388 ρότητι,
229 5323 271 5375 καί
281 5323 369 5394 σαρκός
384 5321 515 5394 παχότητι.
532 5317 677 5392 ἡγεμονικόν
696 5315 797 5389 μὲνγὰρ
813 5315 893 5388 ψυχῆς

153 5464 226 5521 scip.
239 5475 290 5510 xnr.

935 2225 1066 2306 Spiritus
1080 2227 1177 2287 sancti
1193 2243 1318 2288 carnem
1332 2225 1508 2304 assumpsit.
1523 2246 1538 2282 ν
1552 2226 1592 2286 Ει
1606 2225 1705 2304 capite

935 2335 1025 2377 xnur.
1045 2318 1228 2379 «Mediante
1244 2337 1316 2398 ergo
1337 2319 1453 2393 anima,
1474 2318 1537 2378 Deo
1555 2321 1586 2377 et
1605 2316 1703 2393 carni,

935 2408 995 2476 laic,
1017 2409 1071 2488 qui
1095 2428 1214 2483 omnes,
1239 2412 1316 2472 sicut
1339 2409 1505 2490 Apostolus
1524 2409 1578 2484 ait,
1597 2408 1707 2471 diuites

937 2498 1020 2570 facit,
1033 2519 1152 2581 pauper
1163 2502 1289 2564 effectus
1302 2509 1356 2565 est.
1378 2524 1390 2560 ι

978 2592 1166 2654 luculentus
1177 2595 1235 2655 hac
1249 2595 1288 2656 de
1302 2613 1336 2657 re
1351 2595 1436 2656 locus
1451 2600 1497 2656 est
1511 2596 1595 2675 apud
1609 2595 1708 2655 Rulli·

936 2701 1014 2744 num
1026 2685 1060 2745 in
1073 2684 1252 2765 symbolum
1265 2686 1348 2748 idem
1368 2688 1598 2765 Apostolorum.
1617 2709 1633 2745 a
1647 2687 1708 2748 Sed

937 2794 994 2838 nec
1007 2776 1083 2836 illud
1094 2777 1230 2855 quidem,
1253 2780 1308 2855 ait,
1324 2780 1364 2840 ab
1377 2779 1575 2841 absolutione
1597 2796 1707 2839 vacare

936 2866 1031 2947 hujus
1045 2870 1223 2948 quaestionis
1237 2872 1380 2932 omittam
1398 2892 1405 2931 :
1431 2872 1514 2950 quod
1536 2871 1707 2932 substantia

939 2961 1009 3036 Dei,
1033 2980 1104 3040 quaa
1126 2981 1182 3041 per
1207 2962 1312 3023 omnia
1332 2964 1513 3044 incorporea
1535 2969 1591 3039 est,
1612 2963 1706 3023 Inseri

938 3053 1132 3132 corporibus,
1146 3055 1195 3115 vel
1209 3055 1277 3135 oapi
1298 3055 1337 3116 ab
1356 3055 1400 3116 eis
1419 3055 1629 3135 principaliter
1642 3073 1707 3115 non

938 3149 1048 3222 potest,
1069 3145 1129 3205 nisi
1150 3146 1253 3224 aliqua
1266 3147 1368 3207 media
1383 3147 1424 3207 sit
1435 3146 1605 3208 substantia
1618 3147 1707 3226 spiri-

938 3235 1041 3310 tualis,
1059 3253 1129 3314 quae
1145 3255 1242 3316 capax
1259 3255 1325 3298 esse
1341 3238 1438 3298 divini
1458 3239 1583 3318 spiritus
1599 3240 1705 3318 possit.

938 3327 1031 3387 Verbi
1045 3327 1153 3405 gratia,
1174 3333 1210 3388 ut
1223 3328 1249 3388 si
1263 3328 1414 3400 ditamus,
1431 3329 1497 3388 Lux
1519 3330 1626 3389 omnia
1638 3330 1709 3408 qui-

938 3418 1010 3479 dem
1038 3419 1178 3480 membra
1208 3420 1345 3499 corporis
1378 3420 1533 3481 illustrare
1551 3425 1662 3500 potest,
1690 3440 1710 3481 a

938 3510 1025 3570 nullo
1050 3516 1155 3572 tamen
1178 3530 1287 3573 eorum
1312 3513 1372 3573 nisi
1394 3532 1414 3574 a
1436 3513 1501 3575 solo
1529 3512 1620 3573 oculo
1641 3512 1710 3593 capi

939 3606 1049 3681 potest.
1076 3603 1166 3663 Solus
1186 3605 1271 3665 enim
1295 3603 1471 3683 ooulusest,
1486 3604 1541 3684 qui
1554 3624 1650 3686 capax
1670 3605 1710 3666 sit

940 3694 1027 3755 lucis.
1044 3695 1081 3754 Et
1091 3695 1189 3756 Filius
1203 3714 1278 3774 ergo
1293 3697 1350 3758 Dei
1366 3697 1503 3760 nascitur
1516 3715 1554 3758 ex
1568 3696 1707 3776 Virgine,

939 3804 1004 3846 non
1012 3785 1223 3865 priucipaIIter
1232 3788 1288 3849 soli
1296 3789 1383 3850 carni
1393 3789 1711 3864 sociatns3sedanima

938 3877 1021 3939 inter
1052 3895 1177 3939 carnem
1212 3881 1373 3960 Deumque
1405 3879 1507 3942 media
1531 3886 1706 3958 generatus.

940 3970 1054 4031 Anima
1067 3989 1141 4050 ergo
1165 3972 1277 4047 media,
1294 3978 1325 4033 et
1338 3972 1372 4032 in
1387 3977 1504 4033 secreta
1516 3972 1709 4033 rationabilis

941 4177 967 4212 τε
980 4159 1021 4212 καὶ
1030 4158 1127 4231 σαρκός,
1138 4157 1224 4222 όνοῦς·
1236 4163 1292 4221 νοῦς
1301 4156 1328 4212 bi
1342 4162 1385 4226 τῆς
1397 4158 1477 4232 ψυχῆς
1485 4158 1515 4212 τό
1524 4160 1707 4232 καθαρώτατον.

975 4243 1008 4299 Et
1022 4257 1099 4310 mox,
1123 4241 1243 4314 χωρίονό
1262 4246 1318 4305 νοῦς
1336 4242 1421 4313 γέγονε
1440 4246 1484 4309 τῆς
1503 4243 1555 4295 καθ’
1576 4243 1709 4298 θπόστασιν

940 4324 1007 4397 αῦτῷ
1022 4323 1148 4391 ἓνωθείσης
1161 4324 1285 4392 θεότητος.

975 4423 990 4464 e
1007 4407 1047 4463 Id.
1064 4423 1124 4478 cap.
1140 4423 1216 4462 xvlu.
1237 4408 1302 4470 Νοῦς
1319 4406 1366 4479 γὰρ
1384 4406 1408 4461 ἐν
1418 4408 1557 4480 μεταιχμίῳ
1574 4406 1625 4462 ἐστί
1644 4410 1709 4474 θεοῦ,

939 4492 980 4545 καί
994 4491 1093 4563 σαρκός,
1108 4494 1152 4557 τῆς
1163 4489 1215 4562 μὶν,
1232 4491 1266 4553 ὡς
1275 4491 1395 4556 σόνοικος,
1408 4493 1451 4544 τοῦ
1464 4491 1518 4544 θεοῦ
1531 4489 1568 4557 δὲ,
1584 4493 1618 4554 ὡς
1627 4491 1708 4547 είκιθν·

938 4578 995 4637 νοῦς
1003 4569 1047 4627 οῦν
1058 4570 1098 4627 vol
1106 4574 1228 4645 μίγνυται,
1239 4572 1280 4626 καί
1290 4573 1408 4645 μεσιτεῦει
1421 4577 1478 4635 νοῦς
1487 4573 1541 4627 θεοῦ
1555 4574 1709 4647 καθαρότητι,

939 4657 979 4709 καὶ
988 4656 1077 4728 σαρκὸς
1088 4655 1219 4730 παχύτητι.

975 4739 1147 4813 fSorunon.
1171 4740 1201 4795 in
1223 4745 1279 4795 act.
1305 4755 1333 4809 n,
1358 4754 1422 4810 syn.
1439 4756 1476 4795 ιι.
1497 4740 1584 4810 Μάνην
1604 4739 1629 4795 a
1647 4742 1710 4797 κατὰ

939 4822 1019 4896 ψυχὴν
1033 4822 1191 4895 ἀσπαζόμεθα
1209 4821 1253 4890 τὴν
1275 4821 1415 4895 όοῦγχυτον
1435 4824 1510 4895 όμοῦ,
1525 4825 1567 4877 καὶ
1580 4823 1709 4896 ἀμέριστον

939 4904 1053 4973 θεότητός
1062 4924 1099 4970 τε,
1109 4906 1151 4959 καί
1169 4904 1356 4978 ἀνθρωπότητος
1371 4905 1468 4969 ἕνωσιν,
1483 4909 1513 4974 ἣν
1532 4909 1607 4978 μόνην
1621 4907 1710 4979 γνωρί-

939 4990 988 5049 ζειν
999 4986 1126 5041 ἐπίσταται
1143 4988 1159 5056 ί,
1174 4988 1328 5058 φασικηααθ
1351 4988 1484 5042 ίιπόστασιν
1505 4988 1612 5051 οιίνοδος.
1632 4989 1707 5058 ταύτῃ

938 5069 987 5142 γὰρ
1015 5069 1133 5138 ἀλλήλαις
1156 5070 1283 5144 ίνοθριεναι
1306 5071 1389 5139 θεότης
1416 5090 1457 5134 τε,
1488 5072 1528 5123 καί
1553 5070 1709 5142 ἀνθρωπότης

941 5149 1082 5225 ἐσχήκασιν,
1098 5153 1141 5207 ίνα
1151 5153 1212 5226 μήτε
1225 5153 1317 5226 τροπὴν
1334 5153 1498 5225 θποριείνοιεν,
1519 5156 1579 5225 μήτε
1593 5152 1709 5224 διαίρεσιν

939 5236 1049 5291 πάθοιεν.
1135 5285 1144 5292 .
