<?xml version="1.0" encoding="UTF-8"?>
<!DOCTYPE html PUBLIC "-//W3C//DTD XHTML 1.0 Transitional//EN"
    "http://www.w3.org/TR/xhtml1/DTD/xhtml1-transitional.dtd">
<html xmlns="http://www.w3.org/1999/xhtml" xml:lang="en" lang="en">
 <head>
  <title>
</title>
<meta http-equiv="Content-Type" content="text/html;charset=utf-8" />
  <meta name='ocr-system' content='tesseract 3.04.00' />
  <meta name='ocr-capabilities' content='ocr_page ocr_carea ocr_par ocr_line ocrx_word'/>
</head>
<body>
  <div class='ocr_page' id='page_1' title='image "./dogmatatheologi00unkngoog/dogmatatheologi00unkngoog_0119.png"; bbox 0 0 4078 6168; ppageno 0'>
   <div class='ocr_carea' id='block_1_1' title="bbox 351 327 1362 394">
    <p class='ocr_par' dir='ltr' id='par_1_1' title="bbox 351 327 1362 394">
     <span class='ocr_line' id='line_1_1' title="bbox 351 327 1362 394; baseline -0.001 0"><span class='ocrx_word' id='word_1_1' title='bbox 351 332 391 394; x_wconf 78' lang='lat' dir='ltr'>aa</span> <span class='ocrx_word' id='word_1_2' title='bbox 931 327 1132 390; x_wconf 65' lang='lat' dir='ltr'>meiius</span> <span class='ocrx_word' id='word_1_3' title='bbox 1153 328 1362 392; x_wconf 78' lang='lat' dir='ltr'><strong>THERIAGAE</strong></span> 
     </span>
    </p>
   </div>
   <div class='ocr_carea' id='block_1_2' title="bbox 195 492 1931 605">
    <p class='ocr_par' dir='ltr' id='par_1_2' title="bbox 195 492 1931 605">
     <span class='ocr_line' id='line_1_2' title="bbox 195 492 1931 605; baseline 0.001 -49"><span class='ocrx_word' id='word_1_4' title='bbox 195 502 314 605; x_wconf 49' lang='lat' dir='ltr'>iffi?</span> <span class='ocrx_word' id='word_1_5' title='bbox 352 503 403 558; x_wconf 88' lang='lat' dir='ltr'>tus</span> <span class='ocrx_word' id='word_1_6' title='bbox 416 494 650 574; x_wconf 86' lang='lat' dir='ltr'>nostri,inquit,</span> <span class='ocrx_word' id='word_1_7' title='bbox 671 499 743 554; x_wconf 88' lang='lat' dir='ltr'>sunt</span> <span class='ocrx_word' id='word_1_8' title='bbox 757 492 921 569; x_wconf 85' lang='lat' dir='ltr'>meritorii,</span> <span class='ocrx_word' id='word_1_9' title='bbox 935 492 1123 571; x_wconf 74' lang='lat' dir='ltr'><strong>inquantum</strong></span> <span class='ocrx_word' id='word_1_10' title='bbox 1171 493 1250 568; x_wconf 87' lang='lat' dir='ltr'>leus,</span> <span class='ocrx_word' id='word_1_11' title='bbox 1279 494 1329 556; x_wconf 82' lang='lat' dir='ltr'>rel</span> <span class='ocrx_word' id='word_1_12' title='bbox 1350 493 1549 574; x_wconf 75' lang='lat' dir='ltr'>vituperium,</span> <span class='ocrx_word' id='word_1_13' title='bbox 1572 498 1639 554; x_wconf 82' lang='lat' dir='ltr'>»at</span> <span class='ocrx_word' id='word_1_14' title='bbox 1664 493 1827 556; x_wconf 87' lang='lat' dir='ltr'>brutarum</span> <span class='ocrx_word' id='word_1_15' title='bbox 1852 500 1931 557; x_wconf 82' lang='lat' dir='ltr'>adua</span> 
     </span>
    </p>
   </div>
   <div class='ocr_carea' id='block_1_3' title="bbox 181 585 1929 947">
    <p class='ocr_par' dir='ltr' id='par_1_3' title="bbox 181 585 1929 947">
     <span class='ocr_line' id='line_1_3' title="bbox 181 585 1928 669; baseline -0.005 -12"><span class='ocrx_word' id='word_1_16' title='bbox 181 611 328 657; x_wconf 74' lang='lat' dir='ltr'>curaremur</span> <span class='ocrx_word' id='word_1_17' title='bbox 353 588 535 669; x_wconf 87' lang='lat' dir='ltr'>precedunt,</span> <span class='ocrx_word' id='word_1_18' title='bbox 551 605 590 648; x_wconf 83' lang='lat' dir='ltr'>ex</span> <span class='ocrx_word' id='word_1_19' title='bbox 603 587 701 648; x_wconf 86' lang='lat' dir='ltr'>libero</span> <span class='ocrx_word' id='word_1_20' title='bbox 715 585 844 647; x_wconf 87' lang='lat' dir='ltr'>arbitrio</span> <span class='ocrx_word' id='word_1_21' title='bbox 859 589 945 646; x_wconf 92' lang='lat' dir='ltr'>moto</span> <span class='ocrx_word' id='word_1_22' title='bbox 959 604 978 645; x_wconf 89' lang='lat' dir='ltr'>a</span> <span class='ocrx_word' id='word_1_23' title='bbox 990 585 1053 646; x_wconf 85' lang='lat' dir='ltr'>lieo</span> <span class='ocrx_word' id='word_1_24' title='bbox 1066 603 1122 665; x_wconf 90' lang='lat' dir='ltr'>per</span> <span class='ocrx_word' id='word_1_25' title='bbox 1171 591 1320 648; x_wconf 89' lang='lat' dir='ltr'>neutrum</span> <span class='ocrx_word' id='word_1_26' title='bbox 1333 593 1504 649; x_wconf 88' lang='lat' dir='ltr'>merentur.</span> <span class='ocrx_word' id='word_1_27' title='bbox 1521 585 1598 648; x_wconf 88' lang='lat' dir='ltr'>llaie</span> <span class='ocrx_word' id='word_1_28' title='bbox 1612 602 1686 662; x_wconf 84' lang='lat' dir='ltr'>ergo</span> <span class='ocrx_word' id='word_1_29' title='bbox 1698 588 1741 648; x_wconf 89' lang='lat' dir='ltr'>sie</span> <span class='ocrx_word' id='word_1_30' title='bbox 1754 589 1928 665; x_wconf 60' lang='lat' dir='ltr'>responden</span> 
     </span>
     <span class='ocr_line' id='line_1_4' title="bbox 200 667 1928 760; baseline -0.001 -18"><span class='ocrx_word' id='word_1_31' title='bbox 200 667 313 712; x_wconf 58' lang='lat' dir='ltr'>mmm·</span> <span class='ocrx_word' id='word_1_32' title='bbox 352 680 497 760; x_wconf 73' lang='lat' dir='ltr'>gratim.</span> <span class='ocrx_word' id='word_1_33' title='bbox 521 679 609 742; x_wconf 82' lang='lat' dir='ltr'><strong>Unde</strong></span> <span class='ocrx_word' id='word_1_34' title='bbox 634 679 737 741; x_wconf 90' lang='lat' dir='ltr'>omnis</span> <span class='ocrx_word' id='word_1_35' title='bbox 764 684 849 740; x_wconf 88' lang='lat' dir='ltr'>actus</span> <span class='ocrx_word' id='word_1_36' title='bbox 870 678 1039 750; x_wconf 89' lang='lat' dir='ltr'>humanus,</span> <span class='ocrx_word' id='word_1_37' title='bbox 1067 676 1123 757; x_wconf 87' lang='lat' dir='ltr'>qui</span> <span class='ocrx_word' id='word_1_38' title='bbox 1171 677 1297 741; x_wconf 89' lang='lat' dir='ltr'>laudem</span> <span class='ocrx_word' id='word_1_39' title='bbox 1320 698 1356 741; x_wconf 91' lang='lat' dir='ltr'>ac</span> <span class='ocrx_word' id='word_1_40' title='bbox 1382 679 1570 759; x_wconf 80' lang='lat' dir='ltr'>vituperium</span> <span class='ocrx_word' id='word_1_41' title='bbox 1596 679 1684 757; x_wconf 81' lang='lat' dir='ltr'>sequi</span> <span class='ocrx_word' id='word_1_42' title='bbox 1706 679 1928 748; x_wconf 72' lang='lat' dir='ltr'>voluntarium,</span> 
     </span>
     <span class='ocr_line' id='line_1_5' title="bbox 352 771 1928 853; baseline -0.001 -18"><span class='ocrx_word' id='word_1_43' title='bbox 352 771 1121 852; x_wconf 85' lang='lat' dir='ltr'>subjiciturliberoarbitrio,sisitrelatusinDcum‚</span> <span class='ocrx_word' id='word_1_44' title='bbox 1171 772 1256 849; x_wconf 86' lang='lat' dir='ltr'>quod</span> <span class='ocrx_word' id='word_1_45' title='bbox 1277 773 1445 853; x_wconf 88' lang='lat' dir='ltr'>perfectam</span> <span class='ocrx_word' id='word_1_46' title='bbox 1465 771 1559 833; x_wconf 92' lang='lat' dir='ltr'>habet</span> <span class='ocrx_word' id='word_1_47' title='bbox 1580 771 1734 832; x_wconf 88' lang='lat' dir='ltr'>rationem</span> <span class='ocrx_word' id='word_1_48' title='bbox 1757 771 1928 844; x_wconf 88' lang='lat' dir='ltr'>voluntarii,</span> 
     </span>
     <span class='ocr_line' id='line_1_6' title="bbox 352 862 1929 947; baseline -0.001 -20"><span class='ocrx_word' id='word_1_49' title='bbox 352 872 451 947; x_wconf 87' lang='lat' dir='ltr'>potest</span> <span class='ocrx_word' id='word_1_50' title='bbox 464 865 640 928; x_wconf 86' lang='lat' dir='ltr'>meritorius</span> <span class='ocrx_word' id='word_1_51' title='bbox 652 884 727 926; x_wconf 89' lang='lat' dir='ltr'>esse.</span> <span class='ocrx_word' id='word_1_52' title='bbox 740 892 753 919; x_wconf 68' lang='lat' dir='ltr'>a</span> <span class='ocrx_word' id='word_1_53' title='bbox 774 864 1072 944; x_wconf 81' lang='lat' dir='ltr'>litinresponsione</span> <span class='ocrx_word' id='word_1_54' title='bbox 1081 862 1122 924; x_wconf 91' lang='lat' dir='ltr'>ad</span> <span class='ocrx_word' id='word_1_55' title='bbox 1170 862 1230 924; x_wconf 91' lang='lat' dir='ltr'>hoc</span> <span class='ocrx_word' id='word_1_56' title='bbox 1245 870 1291 926; x_wconf 90' lang='lat' dir='ltr'>est</span> <span class='ocrx_word' id='word_1_57' title='bbox 1304 865 1395 926; x_wconf 88' lang='lat' dir='ltr'>liberi</span> <span class='ocrx_word' id='word_1_58' title='bbox 1408 863 1538 925; x_wconf 89' lang='lat' dir='ltr'>arbitrii.</span> <span class='ocrx_word' id='word_1_59' title='bbox 1556 865 1657 938; x_wconf 88' lang='lat' dir='ltr'>Quare</span> <span class='ocrx_word' id='word_1_60' title='bbox 1679 864 1745 925; x_wconf 88' lang='lat' dir='ltr'>sola</span> <span class='ocrx_word' id='word_1_61' title='bbox 1764 864 1833 925; x_wconf 77' lang='lat' dir='ltr'>hec</span> <span class='ocrx_word' id='word_1_62' title='bbox 1846 862 1929 937; x_wconf 74' lang='lat' dir='ltr'>echo,</span> 
     </span>
    </p>
   </div>
   <div class='ocr_carea' id='block_1_4' title="bbox 291 955 1932 5394">
    <p class='ocr_par' dir='ltr' id='par_1_4' title="bbox 291 955 1932 5394">
     <span class='ocr_line' id='line_1_7' title="bbox 353 955 1929 1039; baseline -0.003 -17"><span class='ocrx_word' id='word_1_63' title='bbox 353 959 524 1022; x_wconf 88' lang='lat' dir='ltr'>secundum</span> <span class='ocrx_word' id='word_1_64' title='bbox 530 965 763 1039; x_wconf 74' lang='lat' dir='ltr'>augumentum,</span> <span class='ocrx_word' id='word_1_65' title='bbox 776 980 791 1016; x_wconf 84' lang='lat' dir='ltr'>u</span> <span class='ocrx_word' id='word_1_66' title='bbox 802 974 961 1019; x_wconf 89' lang='lat' dir='ltr'>assensum</span> <span class='ocrx_word' id='word_1_67' title='bbox 970 957 1015 1017; x_wconf 90' lang='lat' dir='ltr'>ait</span> <span class='ocrx_word' id='word_1_68' title='bbox 1025 956 1122 1017; x_wconf 90' lang='lat' dir='ltr'>scien·</span> <span class='ocrx_word' id='word_1_69' title='bbox 1171 973 1241 1034; x_wconf 79' lang='lat' dir='ltr'>que</span> <span class='ocrx_word' id='word_1_70' title='bbox 1255 956 1294 1017; x_wconf 90' lang='lat' dir='ltr'>ab</span> <span class='ocrx_word' id='word_1_71' title='bbox 1313 956 1412 1018; x_wconf 88' lang='lat' dir='ltr'>libero</span> <span class='ocrx_word' id='word_1_72' title='bbox 1434 956 1562 1017; x_wconf 90' lang='lat' dir='ltr'>arbitrio</span> <span class='ocrx_word' id='word_1_73' title='bbox 1582 955 1717 1036; x_wconf 87' lang='lat' dir='ltr'>proiecta</span> <span class='ocrx_word' id='word_1_74' title='bbox 1730 961 1788 1033; x_wconf 83' lang='lat' dir='ltr'>est,</span> <span class='ocrx_word' id='word_1_75' title='bbox 1803 956 1929 1029; x_wconf 88' lang='lat' dir='ltr'>laudem,</span> 
     </span>
     <span class='ocr_line' id='line_1_8' title="bbox 351 1048 1932 1132; baseline -0.001 -19"><span class='ocrx_word' id='word_1_76' title='bbox 351 1052 404 1115; x_wconf 85' lang='lat' dir='ltr'>tire</span> <span class='ocrx_word' id='word_1_77' title='bbox 423 1071 489 1115; x_wconf 88' lang='lat' dir='ltr'>non</span> <span class='ocrx_word' id='word_1_78' title='bbox 507 1052 618 1132; x_wconf 84' lang='lat' dir='ltr'>subjici</span> <span class='ocrx_word' id='word_1_79' title='bbox 644 1051 742 1112; x_wconf 86' lang='lat' dir='ltr'>libero</span> <span class='ocrx_word' id='word_1_80' title='bbox 765 1050 904 1124; x_wconf 90' lang='lat' dir='ltr'>arbitrio,</span> <span class='ocrx_word' id='word_1_81' title='bbox 927 1048 1002 1128; x_wconf 87' lang='lat' dir='ltr'>quia</span> <span class='ocrx_word' id='word_1_82' title='bbox 1023 1048 1122 1110; x_wconf 89' lang='lat' dir='ltr'>sciens</span> <span class='ocrx_word' id='word_1_83' title='bbox 1170 1055 1224 1110; x_wconf 91' lang='lat' dir='ltr'>aut</span> <span class='ocrx_word' id='word_1_84' title='bbox 1237 1049 1499 1130; x_wconf 86' lang='lat' dir='ltr'>vituperationem</span> <span class='ocrx_word' id='word_1_85' title='bbox 1508 1055 1657 1111; x_wconf 83' lang='lat' dir='ltr'>meretur.</span> <span class='ocrx_word' id='word_1_86' title='bbox 1674 1049 1750 1111; x_wconf 87' lang='lat' dir='ltr'>Vide</span> <span class='ocrx_word' id='word_1_87' title='bbox 1758 1050 1872 1129; x_wconf 75' lang='lat' dir='ltr'>quiade</span> <span class='ocrx_word' id='word_1_88' title='bbox 1880 1048 1932 1111; x_wconf 88' lang='lat' dir='ltr'>hac</span> 
     </span>
     <span class='ocr_line' id='line_1_9' title="bbox 352 1141 1930 1226; baseline -0.003 -19"><span class='ocrx_word' id='word_1_89' title='bbox 352 1146 472 1226; x_wconf 79' lang='lat' dir='ltr'>cogitur</span> <span class='ocrx_word' id='word_1_90' title='bbox 496 1145 536 1207; x_wconf 90' lang='lat' dir='ltr'>ad</span> <span class='ocrx_word' id='word_1_91' title='bbox 555 1144 787 1205; x_wconf 87' lang='lat' dir='ltr'>assentiendum</span> <span class='ocrx_word' id='word_1_92' title='bbox 806 1161 861 1222; x_wconf 88' lang='lat' dir='ltr'>per</span> <span class='ocrx_word' id='word_1_93' title='bbox 884 1141 1053 1203; x_wconf 86' lang='lat' dir='ltr'>efficaciam</span> <span class='ocrx_word' id='word_1_94' title='bbox 1071 1141 1123 1201; x_wconf 89' lang='lat' dir='ltr'>dc·</span> <span class='ocrx_word' id='word_1_95' title='bbox 1170 1160 1215 1210; x_wconf 90' lang='lat' dir='ltr'>re,</span> <span class='ocrx_word' id='word_1_96' title='bbox 1231 1160 1266 1204; x_wconf 91' lang='lat' dir='ltr'>ac</span> <span class='ocrx_word' id='word_1_97' title='bbox 1279 1143 1346 1204; x_wconf 90' lang='lat' dir='ltr'>loco</span> <span class='ocrx_word' id='word_1_98' title='bbox 1371 1142 1564 1211; x_wconf 77' lang='lat' dir='ltr'>Damascum,</span> <span class='ocrx_word' id='word_1_99' title='bbox 1586 1148 1696 1203; x_wconf 86' lang='lat' dir='ltr'>contra</span> <span class='ocrx_word' id='word_1_100' title='bbox 1712 1143 1872 1222; x_wconf 87' lang='lat' dir='ltr'>iprensem</span> <span class='ocrx_word' id='word_1_101' title='bbox 1884 1158 1930 1202; x_wconf 85' lang='lat' dir='ltr'>ca·</span> 
     </span>
     <span class='ocr_line' id='line_1_10' title="bbox 352 1232 1930 1300; baseline -0.003 0"><span class='ocrx_word' id='word_1_102' title='bbox 352 1237 585 1300; x_wconf 83' lang='lat' dir='ltr'>monstrationis</span> <span class='ocrx_word' id='word_1_103' title='bbox 601 1256 608 1297; x_wconf 89' lang='lat'>:</span> <span class='ocrx_word' id='word_1_104' title='bbox 624 1241 656 1297; x_wconf 92' lang='lat' dir='ltr'>et</span> <span class='ocrx_word' id='word_1_105' title='bbox 666 1237 736 1298; x_wconf 89' lang='lat' dir='ltr'>ideo</span> <span class='ocrx_word' id='word_1_106' title='bbox 749 1253 891 1297; x_wconf 85' lang='lat' dir='ltr'>assensus</span> <span class='ocrx_word' id='word_1_107' title='bbox 904 1232 1042 1295; x_wconf 81' lang='lat' dir='ltr'>scientiae</span> <span class='ocrx_word' id='word_1_108' title='bbox 1056 1250 1121 1294; x_wconf 89' lang='lat' dir='ltr'>non</span> <span class='ocrx_word' id='word_1_109' title='bbox 1170 1235 1323 1297; x_wconf 90' lang='lat' dir='ltr'>lumniam</span> <span class='ocrx_word' id='word_1_110' title='bbox 1345 1236 1463 1298; x_wconf 73' lang='lat' dir='ltr'>utiliter</span> <span class='ocrx_word' id='word_1_111' title='bbox 1475 1234 1752 1298; x_wconf 76' lang='lat' dir='ltr'>animadvertimus</span> <span class='ocrx_word' id='word_1_112' title='bbox 1773 1234 1854 1297; x_wconf 89' lang='lat' dir='ltr'>libre</span> <span class='ocrx_word' id='word_1_113' title='bbox 1873 1239 1930 1296; x_wconf 84' lang='lat' dir='ltr'>ter·</span> 
     </span>
     <span class='ocr_line' id='line_1_11' title="bbox 352 1325 1435 1410; baseline -0.003 -17"><span class='ocrx_word' id='word_1_114' title='bbox 352 1334 399 1393; x_wconf 84' lang='lat' dir='ltr'>est</span> <span class='ocrx_word' id='word_1_115' title='bbox 421 1330 607 1392; x_wconf 89' lang='lat' dir='ltr'>meritorius.</span> <span class='ocrx_word' id='word_1_116' title='bbox 627 1328 689 1390; x_wconf 88' lang='lat' dir='ltr'>Sed</span> <span class='ocrx_word' id='word_1_117' title='bbox 707 1326 911 1389; x_wconf 79' lang='lat' dir='ltr'>consideratio</span> <span class='ocrx_word' id='word_1_118' title='bbox 930 1325 1059 1387; x_wconf 88' lang='lat' dir='ltr'>actualis</span> <span class='ocrx_word' id='word_1_119' title='bbox 1075 1326 1122 1387; x_wconf 91' lang='lat' dir='ltr'>rei</span> <span class='ocrx_word' id='word_1_120' title='bbox 1171 1327 1216 1389; x_wconf 91' lang='lat' dir='ltr'>tio</span> <span class='ocrx_word' id='word_1_121' title='bbox 1229 1326 1264 1390; x_wconf 82' lang='lat' dir='ltr'>de</span> <span class='ocrx_word' id='word_1_122' title='bbox 1279 1327 1435 1410; x_wconf 50' lang='lat' dir='ltr'>opificio&amp;</span> 
     </span>
     <span class='ocr_line' id='line_1_12' title="bbox 352 1418 1931 1501; baseline -0.001 -17"><span class='ocrx_word' id='word_1_123' title='bbox 352 1422 436 1484; x_wconf 82' lang='lat' dir='ltr'>scitae</span> <span class='ocrx_word' id='word_1_124' title='bbox 445 1422 584 1501; x_wconf 84' lang='lat' dir='ltr'>suhjacet</span> <span class='ocrx_word' id='word_1_125' title='bbox 595 1421 695 1482; x_wconf 78' lang='lat' dir='ltr'>libero</span> <span class='ocrx_word' id='word_1_126' title='bbox 705 1419 845 1483; x_wconf 89' lang='lat' dir='ltr'>arbitrio.</span> <span class='ocrx_word' id='word_1_127' title='bbox 860 1421 915 1481; x_wconf 87' lang='lat' dir='ltr'>Est</span> <span class='ocrx_word' id='word_1_128' title='bbox 925 1418 1009 1480; x_wconf 89' lang='lat' dir='ltr'>enim</span> <span class='ocrx_word' id='word_1_129' title='bbox 1021 1419 1056 1479; x_wconf 94' lang='lat' dir='ltr'>in</span> <span class='ocrx_word' id='word_1_130' title='bbox 1069 1437 1122 1498; x_wconf 82' lang='lat' dir='ltr'>po</span> <span class='ocrx_word' id='word_1_131' title='bbox 1211 1424 1332 1483; x_wconf 88' lang='lat' dir='ltr'>Rursus</span> <span class='ocrx_word' id='word_1_132' title='bbox 1351 1422 1441 1484; x_wconf 88' lang='lat' dir='ltr'>liberi</span> <span class='ocrx_word' id='word_1_133' title='bbox 1449 1421 1580 1499; x_wconf 87' lang='lat' dir='ltr'>arbitrii,</span> <span class='ocrx_word' id='word_1_134' title='bbox 1595 1421 1681 1501; x_wconf 89' lang='lat' dir='ltr'>quod</span> <span class='ocrx_word' id='word_1_135' title='bbox 1699 1438 1738 1482; x_wconf 87' lang='lat' dir='ltr'>ea</span> <span class='ocrx_word' id='word_1_136' title='bbox 1750 1419 1865 1482; x_wconf 88' lang='lat' dir='ltr'>scilieet</span> <span class='ocrx_word' id='word_1_137' title='bbox 1876 1438 1931 1483; x_wconf 83' lang='lat' dir='ltr'>res·</span> 
     </span>
     <span class='ocr_line' id='line_1_13' title="bbox 352 1511 1931 1596; baseline -0.001 -19"><span class='ocrx_word' id='word_1_138' title='bbox 352 1519 463 1577; x_wconf 83' lang='lat' dir='ltr'>testate</span> <span class='ocrx_word' id='word_1_139' title='bbox 473 1514 611 1575; x_wconf 91' lang='lat' dir='ltr'>hominis</span> <span class='ocrx_word' id='word_1_140' title='bbox 634 1514 839 1586; x_wconf 87' lang='lat' dir='ltr'>considerare,</span> <span class='ocrx_word' id='word_1_141' title='bbox 850 1511 970 1573; x_wconf 89' lang='lat' dir='ltr'>velnon</span> <span class='ocrx_word' id='word_1_142' title='bbox 984 1511 1122 1572; x_wconf 90' lang='lat' dir='ltr'>conside·</span> <span class='ocrx_word' id='word_1_143' title='bbox 1171 1514 1255 1594; x_wconf 82' lang='lat' dir='ltr'>picit,</span> <span class='ocrx_word' id='word_1_144' title='bbox 1271 1534 1341 1596; x_wconf 84' lang='lat' dir='ltr'>quae</span> <span class='ocrx_word' id='word_1_145' title='bbox 1356 1515 1499 1577; x_wconf 87' lang='lat' dir='ltr'>adfinem</span> <span class='ocrx_word' id='word_1_146' title='bbox 1508 1514 1867 1594; x_wconf 86' lang='lat' dir='ltr'>reieruntur‚proprium</span> <span class='ocrx_word' id='word_1_147' title='bbox 1877 1513 1931 1575; x_wconf 86' lang='lat' dir='ltr'>hac</span> 
     </span>
     <span class='ocr_line' id='line_1_14' title="bbox 352 1604 1931 1688; baseline -0.002 -19"><span class='ocrx_word' id='word_1_148' title='bbox 352 1625 422 1669; x_wconf 88' lang='lat' dir='ltr'>rare</span> <span class='ocrx_word' id='word_1_149' title='bbox 434 1613 481 1668; x_wconf 74' lang='lat' dir='ltr'>ret</span> <span class='ocrx_word' id='word_1_150' title='bbox 493 1606 564 1668; x_wconf 91' lang='lat' dir='ltr'>ideo</span> <span class='ocrx_word' id='word_1_151' title='bbox 578 1606 782 1667; x_wconf 81' lang='lat' dir='ltr'>consideratio</span> <span class='ocrx_word' id='word_1_152' title='bbox 792 1604 929 1666; x_wconf 77' lang='lat' dir='ltr'>scientim</span> <span class='ocrx_word' id='word_1_153' title='bbox 942 1610 1042 1684; x_wconf 89' lang='lat' dir='ltr'>potest</span> <span class='ocrx_word' id='word_1_154' title='bbox 1056 1621 1122 1665; x_wconf 86' lang='lat' dir='ltr'>essa</span> <span class='ocrx_word' id='word_1_155' title='bbox 1170 1624 1255 1683; x_wconf 90' lang='lat' dir='ltr'>esse;</span> <span class='ocrx_word' id='word_1_156' title='bbox 1279 1613 1315 1669; x_wconf 90' lang='lat' dir='ltr'>ut</span> <span class='ocrx_word' id='word_1_157' title='bbox 1327 1626 1384 1688; x_wconf 91' lang='lat' dir='ltr'>per</span> <span class='ocrx_word' id='word_1_158' title='bbox 1396 1607 1472 1669; x_wconf 93' lang='lat' dir='ltr'>illud</span> <span class='ocrx_word' id='word_1_159' title='bbox 1486 1624 1611 1669; x_wconf 87' lang='lat' dir='ltr'>movere</span> <span class='ocrx_word' id='word_1_160' title='bbox 1632 1625 1664 1669; x_wconf 89' lang='lat' dir='ltr'>se</span> <span class='ocrx_word' id='word_1_161' title='bbox 1688 1606 1786 1669; x_wconf 81' lang='lat' dir='ltr'>bbere</span> <span class='ocrx_word' id='word_1_162' title='bbox 1798 1606 1931 1667; x_wconf 87' lang='lat' dir='ltr'>voluntas</span> 
     </span>
     <span class='ocr_line' id='line_1_15' title="bbox 351 1696 1656 1769; baseline -0.002 -7"><span class='ocrx_word' id='word_1_163' title='bbox 351 1700 512 1763; x_wconf 85' lang='lat' dir='ltr'>meritoria</span> <span class='ocrx_word' id='word_1_164' title='bbox 525 1699 552 1760; x_wconf 92' lang='lat' dir='ltr'>si</span> <span class='ocrx_word' id='word_1_165' title='bbox 566 1699 718 1761; x_wconf 86' lang='lat' dir='ltr'>referetur</span> <span class='ocrx_word' id='word_1_166' title='bbox 731 1700 771 1760; x_wconf 89' lang='lat' dir='ltr'>ad</span> <span class='ocrx_word' id='word_1_167' title='bbox 784 1699 881 1760; x_wconf 89' lang='lat' dir='ltr'>tinem</span> <span class='ocrx_word' id='word_1_168' title='bbox 894 1697 1050 1758; x_wconf 75' lang='lat' dir='ltr'>mntahs:</span> <span class='ocrx_word' id='word_1_169' title='bbox 1068 1696 1122 1757; x_wconf 90' lang='lat' dir='ltr'>sed</span> <span class='ocrx_word' id='word_1_170' title='bbox 1171 1700 1302 1769; x_wconf 80' lang='lat' dir='ltr'>dicatur,</span> <span class='ocrx_word' id='word_1_171' title='bbox 1319 1701 1426 1762; x_wconf 88' lang='lat' dir='ltr'>asserit</span> <span class='ocrx_word' id='word_1_172' title='bbox 1445 1702 1477 1763; x_wconf 85' lang='lat' dir='ltr'>S.</span> <span class='ocrx_word' id='word_1_173' title='bbox 1494 1697 1656 1761; x_wconf 82' lang='lat' dir='ltr'>Thomas⁸.</span> 
     </span>
     <span class='ocr_line' id='line_1_16' title="bbox 351 1791 1929 1872; baseline -0.002 -17"><span class='ocrx_word' id='word_1_174' title='bbox 351 1792 386 1855; x_wconf 90' lang='lat' dir='ltr'>in</span> <span class='ocrx_word' id='word_1_175' title='bbox 405 1793 466 1854; x_wconf 90' lang='lat' dir='ltr'>fide</span> <span class='ocrx_word' id='word_1_176' title='bbox 477 1798 646 1872; x_wconf 87' lang='lat' dir='ltr'>utrumque</span> <span class='ocrx_word' id='word_1_177' title='bbox 665 1791 806 1871; x_wconf 80' lang='lat' dir='ltr'>subjacet</span> <span class='ocrx_word' id='word_1_178' title='bbox 824 1791 924 1852; x_wconf 89' lang='lat' dir='ltr'>libero</span> <span class='ocrx_word' id='word_1_179' title='bbox 936 1791 1075 1862; x_wconf 89' lang='lat' dir='ltr'>arbitrio,</span> <span class='ocrx_word' id='word_1_180' title='bbox 1092 1795 1123 1851; x_wconf 90' lang='lat' dir='ltr'>et</span> <span class='ocrx_word' id='word_1_181' title='bbox 1211 1794 1292 1854; x_wconf 88' lang='lat' dir='ltr'>Tum</span> <span class='ocrx_word' id='word_1_182' title='bbox 1306 1800 1433 1855; x_wconf 77' lang='lat' dir='ltr'>catenias</span> <span class='ocrx_word' id='word_1_183' title='bbox 1453 1794 1618 1854; x_wconf 90' lang='lat' dir='ltr'>dominum</span> <span class='ocrx_word' id='word_1_184' title='bbox 1636 1811 1701 1854; x_wconf 90' lang='lat' dir='ltr'>esse</span> <span class='ocrx_word' id='word_1_185' title='bbox 1719 1792 1769 1854; x_wconf 90' lang='lat' dir='ltr'>sui</span> <span class='ocrx_word' id='word_1_186' title='bbox 1784 1797 1868 1854; x_wconf 90' lang='lat' dir='ltr'>actus</span> <span class='ocrx_word' id='word_1_187' title='bbox 1879 1791 1929 1852; x_wconf 90' lang='lat' dir='ltr'>ho·</span> 
     </span>
     <span class='ocr_line' id='line_1_17' title="bbox 352 1884 1927 1966; baseline -0.003 -19"><span class='ocrx_word' id='word_1_188' title='bbox 352 1885 422 1948; x_wconf 90' lang='lat' dir='ltr'>ideo</span> <span class='ocrx_word' id='word_1_189' title='bbox 434 1890 588 1966; x_wconf 87' lang='lat' dir='ltr'>quantum</span> <span class='ocrx_word' id='word_1_190' title='bbox 602 1885 642 1946; x_wconf 91' lang='lat' dir='ltr'>ad</span> <span class='ocrx_word' id='word_1_191' title='bbox 653 1891 833 1965; x_wconf 85' lang='lat' dir='ltr'>utrumque,</span> <span class='ocrx_word' id='word_1_192' title='bbox 845 1890 931 1946; x_wconf 85' lang='lat' dir='ltr'>actus</span> <span class='ocrx_word' id='word_1_193' title='bbox 940 1884 1011 1946; x_wconf 86' lang='lat' dir='ltr'>fidei</span> <span class='ocrx_word' id='word_1_194' title='bbox 1022 1888 1123 1965; x_wconf 88' lang='lat' dir='ltr'>potest</span> <span class='ocrx_word' id='word_1_195' title='bbox 1171 1885 1302 1961; x_wconf 89' lang='lat' dir='ltr'>minem,</span> <span class='ocrx_word' id='word_1_196' title='bbox 1318 1892 1348 1949; x_wconf 91' lang='lat' dir='ltr'>et</span> <span class='ocrx_word' id='word_1_197' title='bbox 1362 1886 1476 1948; x_wconf 89' lang='lat' dir='ltr'>habere</span> <span class='ocrx_word' id='word_1_198' title='bbox 1495 1886 1632 1948; x_wconf 88' lang='lat' dir='ltr'>actiones</span> <span class='ocrx_word' id='word_1_199' title='bbox 1645 1903 1716 1947; x_wconf 90' lang='lat' dir='ltr'>suas</span> <span class='ocrx_word' id='word_1_200' title='bbox 1729 1885 1764 1947; x_wconf 92' lang='lat' dir='ltr'>in</span> <span class='ocrx_word' id='word_1_201' title='bbox 1778 1889 1927 1965; x_wconf 74' lang='lat' dir='ltr'>potestate,</span> 
     </span>
     <span class='ocr_line' id='line_1_18' title="bbox 351 1977 1930 2060; baseline -0.003 -19"><span class='ocrx_word' id='word_1_202' title='bbox 351 1996 417 2041; x_wconf 89' lang='lat' dir='ltr'>csse</span> <span class='ocrx_word' id='word_1_203' title='bbox 433 1978 619 2043; x_wconf 84' lang='lat' dir='ltr'>meritorius</span> <span class='ocrx_word' id='word_1_204' title='bbox 643 1998 659 2036; x_wconf 84' lang='grc' dir='ltr'>ι</span> <span class='ocrx_word' id='word_1_205' title='bbox 1171 1981 1254 2059; x_wconf 89' lang='lat' dir='ltr'>quod</span> <span class='ocrx_word' id='word_1_206' title='bbox 1268 1999 1305 2042; x_wconf 84' lang='lat' dir='ltr'>ex</span> <span class='ocrx_word' id='word_1_207' title='bbox 1319 1979 1417 2042; x_wconf 82' lang='lat' dir='ltr'>libem</span> <span class='ocrx_word' id='word_1_208' title='bbox 1428 1986 1576 2060; x_wconf 87' lang='lat' dir='ltr'>operatur</span> <span class='ocrx_word' id='word_1_209' title='bbox 1590 1978 1731 2054; x_wconf 84' lang='lat' dir='ltr'>arbitrio,</span> <span class='ocrx_word' id='word_1_210' title='bbox 1746 1977 1930 2057; x_wconf 83' lang='lat' dir='ltr'>ejusdemcst</span> 
     </span>
     <span class='ocr_line' id='line_1_19' title="bbox 392 2069 1927 2153; baseline -0.003 -20"><span class='ocrx_word' id='word_1_211' title='bbox 392 2072 533 2133; x_wconf 81' lang='lat' dir='ltr'>Eximius</span> <span class='ocrx_word' id='word_1_212' title='bbox 546 2072 597 2132; x_wconf 91' lang='lat' dir='ltr'>hic</span> <span class='ocrx_word' id='word_1_213' title='bbox 611 2070 697 2132; x_wconf 90' lang='lat' dir='ltr'>lacus</span> <span class='ocrx_word' id='word_1_214' title='bbox 711 2076 769 2145; x_wconf 91' lang='lat' dir='ltr'>est,</span> <span class='ocrx_word' id='word_1_215' title='bbox 785 2071 866 2133; x_wconf 90' lang='lat' dir='ltr'>etad</span> <span class='ocrx_word' id='word_1_216' title='bbox 880 2070 994 2132; x_wconf 88' lang='lat' dir='ltr'>multas</span> <span class='ocrx_word' id='word_1_217' title='bbox 1002 2087 1051 2131; x_wconf 88' lang='lat' dir='ltr'>res</span> <span class='ocrx_word' id='word_1_218' title='bbox 1064 2088 1120 2150; x_wconf 93' lang='lat' dir='ltr'>op·</span> <span class='ocrx_word' id='word_1_219' title='bbox 1170 2071 1357 2150; x_wconf 75' lang='lat' dir='ltr'>sententia⁸,</span> <span class='ocrx_word' id='word_1_220' title='bbox 1388 2073 1485 2153; x_wconf 86' lang='lat' dir='ltr'>capite</span> <span class='ocrx_word' id='word_1_221' title='bbox 1506 2073 1598 2135; x_wconf 87' lang='lat' dir='ltr'>tertio</span> <span class='ocrx_word' id='word_1_222' title='bbox 1625 2092 1644 2134; x_wconf 94' lang='lat' dir='ltr'>a</span> <span class='ocrx_word' id='word_1_223' title='bbox 1669 2071 1760 2133; x_wconf 90' lang='lat' dir='ltr'>nobis</span> <span class='ocrx_word' id='word_1_224' title='bbox 1790 2069 1927 2151; x_wconf 79' lang='lat' dir='ltr'>exposita.</span> 
     </span>
     <span class='ocr_line' id='line_1_20' title="bbox 351 2162 1930 2246; baseline -0.002 -21"><span class='ocrx_word' id='word_1_225' title='bbox 351 2169 525 2243; x_wconf 90' lang='lat' dir='ltr'>portunus,</span> <span class='ocrx_word' id='word_1_226' title='bbox 553 2182 593 2226; x_wconf 82' lang='lat' dir='ltr'>ex</span> <span class='ocrx_word' id='word_1_227' title='bbox 620 2163 734 2242; x_wconf 88' lang='lat' dir='ltr'>quibus</span> <span class='ocrx_word' id='word_1_228' title='bbox 767 2182 858 2225; x_wconf 81' lang='lat' dir='ltr'>norae</span> <span class='ocrx_word' id='word_1_229' title='bbox 880 2169 971 2225; x_wconf 78' lang='lat' dir='ltr'>secta</span> <span class='ocrx_word' id='word_1_230' title='bbox 998 2162 1123 2223; x_wconf 90' lang='lat' dir='ltr'>licentia</span> <span class='ocrx_word' id='word_1_231' title='bbox 1171 2167 1247 2239; x_wconf 84' lang='lat' dir='ltr'>Quae</span> <span class='ocrx_word' id='word_1_232' title='bbox 1260 2183 1334 2227; x_wconf 91' lang='lat' dir='ltr'>sane</span> <span class='ocrx_word' id='word_1_233' title='bbox 1349 2166 1455 2227; x_wconf 88' lang='lat' dir='ltr'>omnia</span> <span class='ocrx_word' id='word_1_234' title='bbox 1468 2165 1667 2246; x_wconf 84' lang='lat' dir='ltr'>persuadent,</span> <span class='ocrx_word' id='word_1_235' title='bbox 1687 2180 1808 2237; x_wconf 89' lang='lat' dir='ltr'>veram,</span> <span class='ocrx_word' id='word_1_236' title='bbox 1823 2178 1930 2242; x_wconf 87' lang='lat' dir='ltr'>aepre-</span> 
     </span>
     <span class='ocr_line' id='line_1_21' title="bbox 351 2252 1930 2337; baseline -0.004 -18"><span class='ocrx_word' id='word_1_237' title='bbox 351 2262 523 2319; x_wconf 88' lang='lat' dir='ltr'>eoereetur.</span> <span class='ocrx_word' id='word_1_238' title='bbox 547 2258 584 2317; x_wconf 94' lang='lat' dir='ltr'>In</span> <span class='ocrx_word' id='word_1_239' title='bbox 608 2256 716 2336; x_wconf 90' lang='lat' dir='ltr'>primis</span> <span class='ocrx_word' id='word_1_240' title='bbox 739 2257 825 2318; x_wconf 90' lang='lat' dir='ltr'>enim</span> <span class='ocrx_word' id='word_1_241' title='bbox 847 2256 950 2318; x_wconf 89' lang='lat' dir='ltr'>meriti</span> <span class='ocrx_word' id='word_1_242' title='bbox 971 2255 1049 2316; x_wconf 90' lang='lat' dir='ltr'>ratio</span> <span class='ocrx_word' id='word_1_243' title='bbox 1068 2255 1123 2315; x_wconf 89' lang='lat' dir='ltr'>ilia</span> <span class='ocrx_word' id='word_1_244' title='bbox 1170 2259 1236 2337; x_wconf 80' lang='lat' dir='ltr'>pria</span> <span class='ocrx_word' id='word_1_245' title='bbox 1250 2259 1375 2334; x_wconf 68' lang='lat' dir='ltr'>dicem,</span> <span class='ocrx_word' id='word_1_246' title='bbox 1391 2255 1784 2336; x_wconf 73' lang='lat' dir='ltr'>et,utvccant,sorsaaiem</span> <span class='ocrx_word' id='word_1_247' title='bbox 1792 2252 1930 2317; x_wconf 81' lang='lat' dir='ltr'>libertatis</span> 
     </span>
     <span class='ocr_line' id='line_1_22' title="bbox 351 2346 1929 2429; baseline -0.003 -19"><span class='ocrx_word' id='word_1_248' title='bbox 351 2349 561 2425; x_wconf 86' lang='lat' dir='ltr'>constituitur,</span> <span class='ocrx_word' id='word_1_249' title='bbox 583 2348 708 2429; x_wconf 88' lang='lat' dir='ltr'>qualem</span> <span class='ocrx_word' id='word_1_250' title='bbox 734 2350 895 2424; x_wconf 89' lang='lat' dir='ltr'>volumus;</span> <span class='ocrx_word' id='word_1_251' title='bbox 916 2354 952 2409; x_wconf 86' lang='lat' dir='ltr'>ut</span> <span class='ocrx_word' id='word_1_252' title='bbox 969 2367 1008 2410; x_wconf 82' lang='lat' dir='ltr'>ex</span> <span class='ocrx_word' id='word_1_253' title='bbox 1032 2346 1122 2409; x_wconf 87' lang='lat' dir='ltr'>liberi</span> <span class='ocrx_word' id='word_1_254' title='bbox 1169 2350 1316 2413; x_wconf 77' lang='lat' dir='ltr'>humane</span> <span class='ocrx_word' id='word_1_255' title='bbox 1341 2352 1493 2413; x_wconf 88' lang='lat' dir='ltr'>rationem</span> <span class='ocrx_word' id='word_1_256' title='bbox 1517 2351 1550 2411; x_wconf 90' lang='lat' dir='ltr'>iu</span> <span class='ocrx_word' id='word_1_257' title='bbox 1575 2368 1612 2411; x_wconf 89' lang='lat' dir='ltr'>ea</span> <span class='ocrx_word' id='word_1_258' title='bbox 1638 2346 1929 2411; x_wconf 86' lang='lat' dir='ltr'>voluntatisactione</span> 
     </span>
     <span class='ocr_line' id='line_1_23' title="bbox 352 2437 1930 2523; baseline -0.003 -20"><span class='ocrx_word' id='word_1_259' title='bbox 352 2441 473 2503; x_wconf 87' lang='lat' dir='ltr'>arbitrii</span> <span class='ocrx_word' id='word_1_260' title='bbox 486 2442 755 2523; x_wconf 74' lang='lat' dir='ltr'>aedonaprcprie,</span> <span class='ocrx_word' id='word_1_261' title='bbox 770 2442 803 2503; x_wconf 90' lang='lat' dir='ltr'>id</span> <span class='ocrx_word' id='word_1_262' title='bbox 817 2447 863 2503; x_wconf 86' lang='lat' dir='ltr'>eet</span> <span class='ocrx_word' id='word_1_263' title='bbox 876 2441 1024 2502; x_wconf 87' lang='lat' dir='ltr'>electione</span> <span class='ocrx_word' id='word_1_264' title='bbox 1043 2458 1119 2521; x_wconf 88' lang='lat' dir='ltr'>pea-</span> <span class='ocrx_word' id='word_1_265' title='bbox 1170 2443 1313 2505; x_wconf 87' lang='lat' dir='ltr'>coilccari</span> <span class='ocrx_word' id='word_1_266' title='bbox 1325 2440 1365 2505; x_wconf 92' lang='lat' dir='ltr'>ab</span> <span class='ocrx_word' id='word_1_267' title='bbox 1384 2445 1414 2506; x_wconf 88' lang='lat' dir='ltr'>S.</span> <span class='ocrx_word' id='word_1_268' title='bbox 1437 2442 1567 2519; x_wconf 84' lang='lat' dir='ltr'>Thema,</span> <span class='ocrx_word' id='word_1_269' title='bbox 1587 2461 1658 2522; x_wconf 88' lang='lat' dir='ltr'>quae</span> <span class='ocrx_word' id='word_1_270' title='bbox 1676 2447 1723 2504; x_wconf 89' lang='lat' dir='ltr'>est</span> <span class='ocrx_word' id='word_1_271' title='bbox 1738 2440 1882 2503; x_wconf 83' lang='lat' dir='ltr'>attributa</span> <span class='ocrx_word' id='word_1_272' title='bbox 1898 2437 1930 2499; x_wconf 92' lang='lat' dir='ltr'>li·</span> 
     </span>
     <span class='ocr_line' id='line_1_24' title="bbox 352 2529 1927 2616; baseline -0.003 -21"><span class='ocrx_word' id='word_1_273' title='bbox 352 2532 434 2611; x_wconf 89' lang='lat' dir='ltr'>deat,</span> <span class='ocrx_word' id='word_1_274' title='bbox 445 2553 541 2616; x_wconf 86' lang='lat' dir='ltr'>quem</span> <span class='ocrx_word' id='word_1_275' title='bbox 555 2535 642 2596; x_wconf 86' lang='lat' dir='ltr'>nulla</span> <span class='ocrx_word' id='word_1_276' title='bbox 650 2535 815 2596; x_wconf 88' lang='lat' dir='ltr'>necessitas</span> <span class='ocrx_word' id='word_1_277' title='bbox 827 2534 919 2595; x_wconf 89' lang='lat' dir='ltr'>debet</span> <span class='ocrx_word' id='word_1_278' title='bbox 927 2534 1119 2615; x_wconf 84' lang='lat' dir='ltr'>exprimere:</span> <span class='ocrx_word' id='word_1_279' title='bbox 1170 2536 1244 2598; x_wconf 91' lang='lat' dir='ltr'>bero</span> <span class='ocrx_word' id='word_1_280' title='bbox 1262 2536 1404 2612; x_wconf 85' lang='lat' dir='ltr'>arbitrio,</span> <span class='ocrx_word' id='word_1_281' title='bbox 1420 2542 1450 2597; x_wconf 88' lang='lat' dir='ltr'>et</span> <span class='ocrx_word' id='word_1_282' title='bbox 1463 2537 1544 2598; x_wconf 90' lang='lat' dir='ltr'>circa</span> <span class='ocrx_word' id='word_1_283' title='bbox 1564 2535 1678 2610; x_wconf 88' lang='lat' dir='ltr'>media,</span> <span class='ocrx_word' id='word_1_284' title='bbox 1701 2552 1800 2614; x_wconf 81' lang='lat' dir='ltr'>eaque</span> <span class='ocrx_word' id='word_1_285' title='bbox 1817 2529 1927 2594; x_wconf 73' lang='lat' dir='ltr'>conda</span> 
     </span>
     <span class='ocr_line' id='line_1_25' title="bbox 352 2625 1928 2709; baseline -0.003 -21"><span class='ocrx_word' id='word_1_286' title='bbox 352 2627 406 2688; x_wconf 89' lang='lat' dir='ltr'>sed</span> <span class='ocrx_word' id='word_1_287' title='bbox 424 2628 587 2708; x_wconf 87' lang='lat' dir='ltr'>utriusque</span> <span class='ocrx_word' id='word_1_288' title='bbox 609 2645 674 2689; x_wconf 90' lang='lat' dir='ltr'>esse</span> <span class='ocrx_word' id='word_1_289' title='bbox 687 2627 771 2688; x_wconf 87' lang='lat' dir='ltr'>salva</span> <span class='ocrx_word' id='word_1_290' title='bbox 792 2632 937 2707; x_wconf 88' lang='lat' dir='ltr'>potestas.</span> <span class='ocrx_word' id='word_1_291' title='bbox 961 2627 1119 2706; x_wconf 83' lang='lat' dir='ltr'>Siquidem</span> <span class='ocrx_word' id='word_1_292' title='bbox 1169 2630 1274 2709; x_wconf 82' lang='lat' dir='ltr'>gentis</span> <span class='ocrx_word' id='word_1_293' title='bbox 1304 2635 1461 2703; x_wconf 63' lang='lat' dir='ltr'>versatam</span> <span class='ocrx_word' id='word_1_294' title='bbox 1489 2630 1549 2691; x_wconf 90' lang='lat' dir='ltr'>hoc</span> <span class='ocrx_word' id='word_1_295' title='bbox 1576 2635 1622 2690; x_wconf 90' lang='lat' dir='ltr'>est</span> <span class='ocrx_word' id='word_1_296' title='bbox 1646 2628 1734 2689; x_wconf 90' lang='lat' dir='ltr'>nulle</span> <span class='ocrx_word' id='word_1_297' title='bbox 1761 2625 1928 2690; x_wconf 62' lang='lat' dir='ltr'>nosemiata</span> 
     </span>
     <span class='ocr_line' id='line_1_26' title="bbox 351 2718 1928 2801; baseline -0.003 -20"><span class='ocrx_word' id='word_1_298' title='bbox 351 2718 449 2781; x_wconf 90' lang='lat' dir='ltr'>libero</span> <span class='ocrx_word' id='word_1_299' title='bbox 468 2720 596 2781; x_wconf 88' lang='lat' dir='ltr'>arbitrio</span> <span class='ocrx_word' id='word_1_300' title='bbox 619 2720 784 2782; x_wconf 81' lang='lat' dir='ltr'>necessitas</span> <span class='ocrx_word' id='word_1_301' title='bbox 804 2721 906 2781; x_wconf 90' lang='lat' dir='ltr'>omnis</span> <span class='ocrx_word' id='word_1_302' title='bbox 923 2738 987 2780; x_wconf 91' lang='lat' dir='ltr'>uno</span> <span class='ocrx_word' id='word_1_303' title='bbox 1015 2719 1120 2799; x_wconf 88' lang='lat' dir='ltr'>aliquo</span> <span class='ocrx_word' id='word_1_304' title='bbox 1170 2722 1324 2799; x_wconf 83' lang='lat' dir='ltr'>delinitas,</span> <span class='ocrx_word' id='word_1_305' title='bbox 1340 2722 1394 2784; x_wconf 88' lang='lat' dir='ltr'>sed</span> <span class='ocrx_word' id='word_1_306' title='bbox 1414 2720 1576 2800; x_wconf 73' lang='lat' dir='ltr'>eiusmodi,</span> <span class='ocrx_word' id='word_1_307' title='bbox 1599 2721 1682 2782; x_wconf 89' lang='lat' dir='ltr'>utin</span> <span class='ocrx_word' id='word_1_308' title='bbox 1699 2718 1867 2801; x_wconf 87' lang='lat' dir='ltr'>iisapernri</span> <span class='ocrx_word' id='word_1_309' title='bbox 1878 2734 1928 2797; x_wconf 89' lang='lat' dir='ltr'>pro</span> 
     </span>
     <span class='ocr_line' id='line_1_27' title="bbox 291 2811 1929 2896; baseline -0.002 -23"><span class='ocrx_word' id='word_1_310' title='bbox 291 2813 296 2821; x_wconf 87' lang='lat'>&#39;</span> <span class='ocrx_word' id='word_1_311' title='bbox 351 2812 617 2888; x_wconf 86' lang='lat' dir='ltr'>circumscribens,</span> <span class='ocrx_word' id='word_1_312' title='bbox 642 2832 678 2874; x_wconf 92' lang='lat' dir='ltr'>ac</span> <span class='ocrx_word' id='word_1_313' title='bbox 700 2813 910 2875; x_wconf 88' lang='lat' dir='ltr'>determinans</span> <span class='ocrx_word' id='word_1_314' title='bbox 932 2812 1118 2892; x_wconf 89' lang='lat' dir='ltr'>opponitur;</span> <span class='ocrx_word' id='word_1_315' title='bbox 1169 2815 1298 2878; x_wconf 87' lang='lat' dir='ltr'>arbitrio</span> <span class='ocrx_word' id='word_1_316' title='bbox 1312 2815 1409 2896; x_wconf 89' lang='lat' dir='ltr'>possit</span> <span class='ocrx_word' id='word_1_317' title='bbox 1430 2814 1538 2894; x_wconf 88' lang='lat' dir='ltr'>:quod</span> <span class='ocrx_word' id='word_1_318' title='bbox 1557 2814 1650 2893; x_wconf 81' lang='lat' dir='ltr'>vulgo</span> <span class='ocrx_word' id='word_1_319' title='bbox 1666 2811 1929 2893; x_wconf 71' lang='lat' dir='ltr'>indifferentiam</span> 
     </span>
     <span class='ocr_line' id='line_1_28' title="bbox 350 2903 1926 2988; baseline -0.004 -20"><span class='ocrx_word' id='word_1_320' title='bbox 350 2924 414 2968; x_wconf 91' lang='lat' dir='ltr'>uon</span> <span class='ocrx_word' id='word_1_321' title='bbox 432 2907 567 2968; x_wconf 90' lang='lat' dir='ltr'>violenta</span> <span class='ocrx_word' id='word_1_322' title='bbox 586 2907 756 2983; x_wconf 81' lang='lat' dir='ltr'>duntaxet3</span> <span class='ocrx_word' id='word_1_323' title='bbox 783 2906 941 2967; x_wconf 87' lang='lat' dir='ltr'>sedetiam</span> <span class='ocrx_word' id='word_1_324' title='bbox 965 2905 1120 2966; x_wconf 88' lang='lat' dir='ltr'>voluntati</span> <span class='ocrx_word' id='word_1_325' title='bbox 1170 2909 1291 2981; x_wconf 87' lang='lat' dir='ltr'>cabulo,</span> <span class='ocrx_word' id='word_1_326' title='bbox 1312 2915 1343 2970; x_wconf 89' lang='lat' dir='ltr'>et</span> <span class='ocrx_word' id='word_1_327' title='bbox 1362 2907 1489 2988; x_wconf 88' lang='lat' dir='ltr'>quidem</span> <span class='ocrx_word' id='word_1_328' title='bbox 1502 2914 1595 2983; x_wconf 87' lang='lat' dir='ltr'>recte,</span> <span class='ocrx_word' id='word_1_329' title='bbox 1617 2906 1796 2986; x_wconf 86' lang='lat' dir='ltr'>philosophi</span> <span class='ocrx_word' id='word_1_330' title='bbox 1810 2903 1926 2985; x_wconf 88' lang='lat' dir='ltr'>pariter,</span> 
     </span>
     <span class='ocr_line' id='line_1_29' title="bbox 350 2997 1928 3080; baseline 0.003 -22"><span class='ocrx_word' id='word_1_331' title='bbox 350 2998 523 3075; x_wconf 86' lang='lat' dir='ltr'>blandiens,</span> <span class='ocrx_word' id='word_1_332' title='bbox 546 3005 577 3060; x_wconf 92' lang='lat' dir='ltr'>et</span> <span class='ocrx_word' id='word_1_333' title='bbox 590 2998 657 3078; x_wconf 83' lang='lat' dir='ltr'>ejas</span> <span class='ocrx_word' id='word_1_334' title='bbox 677 2998 877 3079; x_wconf 87' lang='lat' dir='ltr'>propensioni</span> <span class='ocrx_word' id='word_1_335' title='bbox 900 3003 1118 3071; x_wconf 84' lang='lat' dir='ltr'>consentanea,</span> <span class='ocrx_word' id='word_1_336' title='bbox 1168 3021 1205 3064; x_wconf 85' lang='lat' dir='ltr'>aa</span> <span class='ocrx_word' id='word_1_337' title='bbox 1231 3002 1367 3080; x_wconf 86' lang='lat' dir='ltr'>theologi</span> <span class='ocrx_word' id='word_1_338' title='bbox 1389 3002 1545 3063; x_wconf 87' lang='lat' dir='ltr'>declarare</span> <span class='ocrx_word' id='word_1_339' title='bbox 1573 3000 1674 3061; x_wconf 90' lang='lat' dir='ltr'>solent</span> <span class='ocrx_word' id='word_1_340' title='bbox 1691 3005 1801 3060; x_wconf 86' lang='lat' dir='ltr'>cantra</span> <span class='ocrx_word' id='word_1_341' title='bbox 1828 2997 1928 3057; x_wconf 70' lang='lat' dir='ltr'>inanes</span> 
     </span>
     <span class='ocr_line' id='line_1_30' title="bbox 350 3088 1928 3172; baseline -0.005 -13"><span class='ocrx_word' id='word_1_342' title='bbox 350 3098 385 3152; x_wconf 87' lang='lat' dir='ltr'>ut</span> <span class='ocrx_word' id='word_1_343' title='bbox 397 3110 436 3154; x_wconf 85' lang='lat' dir='ltr'>ex</span> <span class='ocrx_word' id='word_1_344' title='bbox 450 3093 484 3154; x_wconf 85' lang='lat' dir='ltr'>S.</span> <span class='ocrx_word' id='word_1_345' title='bbox 499 3092 619 3153; x_wconf 82' lang='lat' dir='ltr'>Thema</span> <span class='ocrx_word' id='word_1_346' title='bbox 630 3093 771 3171; x_wconf 84' lang='lat' dir='ltr'>superius</span> <span class='ocrx_word' id='word_1_347' title='bbox 783 3091 986 3152; x_wconf 76' lang='lat' dir='ltr'>ostendimus·</span> <span class='ocrx_word' id='word_1_348' title='bbox 1001 3091 1120 3152; x_wconf 80' lang='lat' dir='ltr'>Deinde</span> <span class='ocrx_word' id='word_1_349' title='bbox 1168 3114 1258 3158; x_wconf 81' lang='lat' dir='ltr'>nove</span> <span class='ocrx_word' id='word_1_350' title='bbox 1281 3094 1422 3156; x_wconf 77' lang='lat' dir='ltr'>tacueris</span> <span class='ocrx_word' id='word_1_351' title='bbox 1434 3093 1587 3172; x_wconf 84' lang='lat' dir='ltr'>fremitus,</span> <span class='ocrx_word' id='word_1_352' title='bbox 1603 3099 1635 3155; x_wconf 81' lang='lat' dir='ltr'>at</span> <span class='ocrx_word' id='word_1_353' title='bbox 1653 3093 1787 3155; x_wconf 85' lang='lat' dir='ltr'>insultus</span> <span class='ocrx_word' id='word_1_354' title='bbox 1804 3088 1928 3172; x_wconf 84' lang='lat' dir='ltr'>:quibus</span> 
     </span>
     <span class='ocr_line' id='line_1_31' title="bbox 349 3183 1927 3263; baseline -0.001 -19"><span class='ocrx_word' id='word_1_355' title='bbox 349 3200 421 3244; x_wconf 92' lang='lat' dir='ltr'>cum</span> <span class='ocrx_word' id='word_1_356' title='bbox 437 3184 514 3244; x_wconf 88' lang='lat' dir='ltr'>tides</span> <span class='ocrx_word' id='word_1_357' title='bbox 526 3183 652 3244; x_wconf 86' lang='lat' dir='ltr'>initium</span> <span class='ocrx_word' id='word_1_358' title='bbox 667 3184 706 3245; x_wconf 92' lang='lat' dir='ltr'>sit</span> <span class='ocrx_word' id='word_1_359' title='bbox 718 3183 857 3263; x_wconf 83' lang='lat' dir='ltr'>justitiae,</span> <span class='ocrx_word' id='word_1_360' title='bbox 878 3200 914 3243; x_wconf 85' lang='lat' dir='ltr'>aa</span> <span class='ocrx_word' id='word_1_361' title='bbox 934 3183 1035 3263; x_wconf 87' lang='lat' dir='ltr'>prima</span> <span class='ocrx_word' id='word_1_362' title='bbox 1048 3201 1118 3263; x_wconf 80' lang='lat' dir='ltr'>gra·</span> <span class='ocrx_word' id='word_1_363' title='bbox 1169 3187 1338 3249; x_wconf 88' lang='lat' dir='ltr'>innutritus</span> <span class='ocrx_word' id='word_1_364' title='bbox 1360 3187 1551 3260; x_wconf 84' lang='lat' dir='ltr'>Vincentius,</span> <span class='ocrx_word' id='word_1_365' title='bbox 1578 3187 1638 3248; x_wconf 87' lang='lat' dir='ltr'>hoc</span> <span class='ocrx_word' id='word_1_366' title='bbox 1655 3186 1760 3247; x_wconf 76' lang='lat' dir='ltr'>sentit</span> <span class='ocrx_word' id='word_1_367' title='bbox 1785 3204 1823 3248; x_wconf 85' lang='lat' dir='ltr'>ex</span> <span class='ocrx_word' id='word_1_368' title='bbox 1847 3186 1927 3244; x_wconf 79' lang='lat' dir='ltr'>seete</span> 
     </span>
     <span class='ocr_line' id='line_1_32' title="bbox 348 3273 1926 3357; baseline 0 -22"><span class='ocrx_word' id='word_1_369' title='bbox 348 3276 409 3352; x_wconf 90' lang='lat' dir='ltr'>tie;</span> <span class='ocrx_word' id='word_1_370' title='bbox 424 3276 469 3336; x_wconf 91' lang='lat' dir='ltr'>uti</span> <span class='ocrx_word' id='word_1_371' title='bbox 480 3275 512 3337; x_wconf 83' lang='lat' dir='ltr'>S.</span> <span class='ocrx_word' id='word_1_372' title='bbox 521 3275 712 3354; x_wconf 78' lang='lat' dir='ltr'>Augvrstinua</span> <span class='ocrx_word' id='word_1_373' title='bbox 726 3276 840 3356; x_wconf 87' lang='lat' dir='ltr'>passim</span> <span class='ocrx_word' id='word_1_374' title='bbox 849 3274 981 3336; x_wconf 89' lang='lat' dir='ltr'>indicet:</span> <span class='ocrx_word' id='word_1_375' title='bbox 993 3275 1120 3336; x_wconf 87' lang='lat' dir='ltr'>evidens</span> <span class='ocrx_word' id='word_1_376' title='bbox 1168 3283 1283 3357; x_wconf 90' lang='lat' dir='ltr'>indole,</span> <span class='ocrx_word' id='word_1_377' title='bbox 1308 3285 1344 3342; x_wconf 91' lang='lat' dir='ltr'>ut</span> <span class='ocrx_word' id='word_1_378' title='bbox 1356 3280 1538 3342; x_wconf 78' lang='lat' dir='ltr'>catholicam</span> <span class='ocrx_word' id='word_1_379' title='bbox 1560 3279 1717 3341; x_wconf 76' lang='lat' dir='ltr'>alienaret</span> <span class='ocrx_word' id='word_1_380' title='bbox 1728 3280 1843 3341; x_wconf 87' lang='lat' dir='ltr'>iidem:</span> <span class='ocrx_word' id='word_1_381' title='bbox 1859 3273 1926 3338; x_wconf 89' lang='lat' dir='ltr'>illud</span> 
     </span>
     <span class='ocr_line' id='line_1_33' title="bbox 349 3367 1927 3454; baseline 0 -24"><span class='ocrx_word' id='word_1_382' title='bbox 349 3374 395 3430; x_wconf 85' lang='lat' dir='ltr'>ast</span> <span class='ocrx_word' id='word_1_383' title='bbox 407 3368 575 3430; x_wconf 84' lang='lat' dir='ltr'>voluntatis</span> <span class='ocrx_word' id='word_1_384' title='bbox 590 3368 743 3431; x_wconf 88' lang='lat' dir='ltr'>actionem</span> <span class='ocrx_word' id='word_1_385' title='bbox 757 3368 855 3445; x_wconf 90' lang='lat' dir='ltr'>illam,</span> <span class='ocrx_word' id='word_1_386' title='bbox 866 3386 928 3448; x_wconf 86' lang='lat' dir='ltr'>que</span> <span class='ocrx_word' id='word_1_387' title='bbox 936 3367 1044 3447; x_wconf 74' lang='lat' dir='ltr'>gratiae</span> <span class='ocrx_word' id='word_1_388' title='bbox 1058 3367 1117 3428; x_wconf 92' lang='lat' dir='ltr'>ini·</span> <span class='ocrx_word' id='word_1_389' title='bbox 1168 3394 1206 3436; x_wconf 75' lang='lat' dir='ltr'>ex</span> <span class='ocrx_word' id='word_1_390' title='bbox 1220 3374 1331 3452; x_wconf 84' lang='lat' dir='ltr'>seipso,</span> <span class='ocrx_word' id='word_1_391' title='bbox 1343 3379 1374 3434; x_wconf 89' lang='lat' dir='ltr'>et</span> <span class='ocrx_word' id='word_1_392' title='bbox 1385 3373 1511 3450; x_wconf 82' lang='lat' dir='ltr'>ingenio</span> <span class='ocrx_word' id='word_1_393' title='bbox 1521 3391 1576 3433; x_wconf 90' lang='lat' dir='ltr'>suo</span> <span class='ocrx_word' id='word_1_394' title='bbox 1586 3373 1738 3454; x_wconf 87' lang='lat' dir='ltr'>praestitit,</span> <span class='ocrx_word' id='word_1_395' title='bbox 1753 3368 1927 3452; x_wconf 88' lang='lat' dir='ltr'>utei,quam</span> 
     </span>
     <span class='ocr_line' id='line_1_34' title="bbox 347 3459 1925 3547; baseline 0.003 -25"><span class='ocrx_word' id='word_1_396' title='bbox 347 3461 429 3522; x_wconf 91' lang='lat' dir='ltr'>tium</span> <span class='ocrx_word' id='word_1_397' title='bbox 445 3462 622 3546; x_wconf 89' lang='lat' dir='ltr'>arripimus,</span> <span class='ocrx_word' id='word_1_398' title='bbox 639 3463 729 3543; x_wconf 87' lang='lat' dir='ltr'>eique</span> <span class='ocrx_word' id='word_1_399' title='bbox 745 3462 967 3537; x_wconf 89' lang='lat' dir='ltr'>consentimus,</span> <span class='ocrx_word' id='word_1_400' title='bbox 983 3460 1021 3521; x_wconf 90' lang='lat' dir='ltr'>ad</span> <span class='ocrx_word' id='word_1_401' title='bbox 1041 3459 1117 3522; x_wconf 92' lang='lat' dir='ltr'>libe·</span> <span class='ocrx_word' id='word_1_402' title='bbox 1167 3471 1353 3547; x_wconf 88' lang='lat' dir='ltr'>susceperat,</span> <span class='ocrx_word' id='word_1_403' title='bbox 1370 3480 1470 3527; x_wconf 75' lang='lat' dir='ltr'>causae</span> <span class='ocrx_word' id='word_1_404' title='bbox 1485 3465 1653 3526; x_wconf 77' lang='lat' dir='ltr'>maximam</span> <span class='ocrx_word' id='word_1_405' title='bbox 1666 3465 1802 3546; x_wconf 78' lang='lat' dir='ltr'>plagam,</span> <span class='ocrx_word' id='word_1_406' title='bbox 1818 3480 1851 3525; x_wconf 88' lang='lat' dir='ltr'>ac</span> <span class='ocrx_word' id='word_1_407' title='bbox 1863 3478 1925 3542; x_wconf 82' lang='lat' dir='ltr'>per·</span> 
     </span>
     <span class='ocr_line' id='line_1_35' title="bbox 348 3553 1926 3639; baseline 0 -24"><span class='ocrx_word' id='word_1_408' title='bbox 348 3570 421 3615; x_wconf 89' lang='lat' dir='ltr'>rum</span> <span class='ocrx_word' id='word_1_409' title='bbox 443 3554 609 3616; x_wconf 84' lang='lat' dir='ltr'>arbitrium</span> <span class='ocrx_word' id='word_1_410' title='bbox 632 3556 798 3635; x_wconf 88' lang='lat' dir='ltr'>pertinere,</span> <span class='ocrx_word' id='word_1_411' title='bbox 819 3572 855 3615; x_wconf 89' lang='lat' dir='ltr'>ec</span> <span class='ocrx_word' id='word_1_412' title='bbox 877 3572 941 3615; x_wconf 91' lang='lat' dir='ltr'>non</span> <span class='ocrx_word' id='word_1_413' title='bbox 966 3553 1059 3614; x_wconf 88' lang='lat' dir='ltr'>moda</span> <span class='ocrx_word' id='word_1_414' title='bbox 1078 3553 1118 3614; x_wconf 95' lang='lat' dir='ltr'>ab</span> <span class='ocrx_word' id='word_1_415' title='bbox 1167 3560 1284 3621; x_wconf 69' lang='lat' dir='ltr'>niciam</span> <span class='ocrx_word' id='word_1_416' title='bbox 1297 3558 1424 3620; x_wconf 81' lang='lat' dir='ltr'>interret</span> <span class='ocrx_word' id='word_1_417' title='bbox 1441 3577 1448 3619; x_wconf 76' lang='grc' dir='ltr'>ι</span> <span class='ocrx_word' id='word_1_418' title='bbox 1464 3557 1549 3637; x_wconf 87' lang='lat' dir='ltr'>qnod</span> <span class='ocrx_word' id='word_1_419' title='bbox 1567 3559 1731 3639; x_wconf 84' lang='lat' dir='ltr'>explicare,</span> <span class='ocrx_word' id='word_1_420' title='bbox 1748 3578 1785 3620; x_wconf 88' lang='lat' dir='ltr'>ac</span> <span class='ocrx_word' id='word_1_421' title='bbox 1804 3554 1926 3638; x_wconf 88' lang='lat' dir='ltr'>probare</span> 
     </span>
     <span class='ocr_line' id='line_1_36' title="bbox 347 3646 1494 3732; baseline 0.003 -24"><span class='ocrx_word' id='word_1_422' title='bbox 347 3652 489 3727; x_wconf 77' lang='lat' dir='ltr'>cogente,</span> <span class='ocrx_word' id='word_1_423' title='bbox 505 3647 559 3709; x_wconf 91' lang='lat' dir='ltr'>sed</span> <span class='ocrx_word' id='word_1_424' title='bbox 579 3647 674 3708; x_wconf 92' lang='lat' dir='ltr'>etiam</span> <span class='ocrx_word' id='word_1_425' title='bbox 697 3646 925 3709; x_wconf 87' lang='lat' dir='ltr'>determinante</span> <span class='ocrx_word' id='word_1_426' title='bbox 939 3646 1117 3708; x_wconf 85' lang='lat' dir='ltr'>necessitate</span> <span class='ocrx_word' id='word_1_427' title='bbox 1167 3652 1311 3732; x_wconf 89' lang='lat' dir='ltr'>deinceps</span> <span class='ocrx_word' id='word_1_428' title='bbox 1323 3651 1494 3732; x_wconf 79' lang='lat' dir='ltr'>aggrediar.</span> 
     </span>
     <span class='ocr_line' id='line_1_37' title="bbox 347 3738 661 3819; baseline 0.01 -20"><span class='ocrx_word' id='word_1_429' title='bbox 347 3739 470 3819; x_wconf 79' lang='lat' dir='ltr'>longius</span> <span class='ocrx_word' id='word_1_430' title='bbox 484 3738 661 3802; x_wconf 85' lang='lat' dir='ltr'>abhorrere.</span> 
     </span>
     <span class='ocr_line' id='line_1_38' title="bbox 389 3831 1116 3913; baseline 0.003 -22"><span class='ocrx_word' id='word_1_431' title='bbox 389 3834 423 3895; x_wconf 87' lang='lat' dir='ltr'>V.</span> <span class='ocrx_word' id='word_1_432' title='bbox 441 3835 487 3894; x_wconf 91' lang='lat' dir='ltr'>De</span> <span class='ocrx_word' id='word_1_433' title='bbox 508 3832 600 3894; x_wconf 89' lang='lat' dir='ltr'>laude</span> <span class='ocrx_word' id='word_1_434' title='bbox 614 3833 702 3908; x_wconf 90' lang='lat' dir='ltr'>item,</span> <span class='ocrx_word' id='word_1_435' title='bbox 717 3850 754 3893; x_wconf 87' lang='lat' dir='ltr'>ae</span> <span class='ocrx_word' id='word_1_436' title='bbox 771 3831 1009 3913; x_wconf 88' lang='lat' dir='ltr'>vituperatione,</span> <span class='ocrx_word' id='word_1_437' title='bbox 1028 3832 1116 3911; x_wconf 81' lang='lat' dir='ltr'>cujas</span> 
     </span>
     <span class='ocr_line' id='line_1_39' title="bbox 345 3924 1115 4005; baseline -0.001 -19"><span class='ocrx_word' id='word_1_438' title='bbox 345 3925 446 4005; x_wconf 89' lang='lat' dir='ltr'>stirps,</span> <span class='ocrx_word' id='word_1_439' title='bbox 463 3931 496 3986; x_wconf 88' lang='lat' dir='ltr'>et</span> <span class='ocrx_word' id='word_1_440' title='bbox 511 3925 601 3987; x_wconf 83' lang='lat' dir='ltr'>radix</span> <span class='ocrx_word' id='word_1_441' title='bbox 622 3929 668 3987; x_wconf 88' lang='lat' dir='ltr'>est</span> <span class='ocrx_word' id='word_1_442' title='bbox 690 3924 790 3986; x_wconf 89' lang='lat' dir='ltr'>libere</span> <span class='ocrx_word' id='word_1_443' title='bbox 813 3925 967 3999; x_wconf 87' lang='lat' dir='ltr'>voluntas,</span> <span class='ocrx_word' id='word_1_444' title='bbox 992 3940 1057 3985; x_wconf 92' lang='lat' dir='ltr'>non</span> <span class='ocrx_word' id='word_1_445' title='bbox 1070 3929 1115 3985; x_wconf 89' lang='lat' dir='ltr'>est</span> 
     </span>
     <span class='ocr_line' id='line_1_40' title="bbox 344 3994 1708 4089; baseline -0.001 -11"><span class='ocrx_word' id='word_1_446' title='bbox 344 4018 475 4089; x_wconf 82' lang='lat' dir='ltr'>obscura</span> <span class='ocrx_word' id='word_1_447' title='bbox 492 4018 524 4079; x_wconf 86' lang='lat' dir='ltr'>S.</span> <span class='ocrx_word' id='word_1_448' title='bbox 547 4016 676 4079; x_wconf 83' lang='lat' dir='ltr'>Thomae</span> <span class='ocrx_word' id='word_1_449' title='bbox 688 4018 849 4079; x_wconf 88' lang='lat' dir='ltr'>sententia.</span> <span class='ocrx_word' id='word_1_450' title='bbox 866 4017 946 4078; x_wconf 89' lang='lat' dir='ltr'>Nem</span> <span class='ocrx_word' id='word_1_451' title='bbox 960 4031 1115 4078; x_wconf 90' lang='lat' dir='ltr'>eumeam</span> <span class='ocrx_word' id='word_1_452' title='bbox 1376 3994 1584 4080; x_wconf 76' lang='lat' dir='ltr'><strong>CAPUT</strong></span> <span class='ocrx_word' id='word_1_453' title='bbox 1634 3996 1708 4078; x_wconf 75' lang='lat' dir='ltr'>Vl.</span> 
     </span>
     <span class='ocr_line' id='line_1_41' title="bbox 345 4107 1113 4189; baseline -0.001 -18"><span class='ocrx_word' id='word_1_454' title='bbox 345 4109 405 4171; x_wconf 87' lang='lat' dir='ltr'>sibi</span> <span class='ocrx_word' id='word_1_455' title='bbox 419 4110 622 4189; x_wconf 74' lang='lat' dir='ltr'>questionem</span> <span class='ocrx_word' id='word_1_456' title='bbox 631 4107 894 4189; x_wconf 77' lang='lat' dir='ltr'>praescripsisset&#39;,</span> <span class='ocrx_word' id='word_1_457' title='bbox 912 4133 926 4161; x_wconf 75' lang='grc' dir='ltr'>ι</span> <span class='ocrx_word' id='word_1_458' title='bbox 939 4113 1047 4169; x_wconf 87' lang='lat' dir='ltr'>utrum</span> <span class='ocrx_word' id='word_1_459' title='bbox 1058 4127 1113 4170; x_wconf 91' lang='lat' dir='ltr'>vo-</span> 
     </span>
     <span class='ocr_line' id='line_1_42' title="bbox 343 4199 1113 4264; baseline -0.003 0"><span class='ocrx_word' id='word_1_460' title='bbox 343 4202 517 4264; x_wconf 89' lang='lat' dir='ltr'>luntarium</span> <span class='ocrx_word' id='word_1_461' title='bbox 543 4203 584 4264; x_wconf 91' lang='lat' dir='ltr'>sit</span> <span class='ocrx_word' id='word_1_462' title='bbox 610 4202 644 4262; x_wconf 94' lang='lat' dir='ltr'>in</span> <span class='ocrx_word' id='word_1_463' title='bbox 671 4199 858 4263; x_wconf 84' lang='lat' dir='ltr'>animalibus</span> <span class='ocrx_word' id='word_1_464' title='bbox 884 4200 1006 4262; x_wconf 89' lang='lat' dir='ltr'>brutis:</span> <span class='ocrx_word' id='word_1_465' title='bbox 1029 4221 1045 4259; x_wconf 83' lang='lat' dir='ltr'>a</span> <span class='ocrx_word' id='word_1_466' title='bbox 1075 4202 1113 4262; x_wconf 90' lang='lat' dir='ltr'>ad</span> 
     </span>
     <span class='ocr_line' id='line_1_43' title="bbox 343 4292 1922 4375; baseline -0.001 -19"><span class='ocrx_word' id='word_1_467' title='bbox 343 4294 429 4357; x_wconf 90' lang='lat' dir='ltr'>illam</span> <span class='ocrx_word' id='word_1_468' title='bbox 442 4294 655 4368; x_wconf 89' lang='lat' dir='ltr'>decidendam,</span> <span class='ocrx_word' id='word_1_469' title='bbox 678 4294 795 4373; x_wconf 77' lang='lat' dir='ltr'>duplex</span> <span class='ocrx_word' id='word_1_470' title='bbox 815 4293 1026 4356; x_wconf 90' lang='lat' dir='ltr'>voluntarium</span> <span class='ocrx_word' id='word_1_471' title='bbox 1050 4293 1112 4354; x_wconf 89' lang='lat' dir='ltr'>dis·</span> <span class='ocrx_word' id='word_1_472' title='bbox 1163 4299 1188 4359; x_wconf 90' lang='lat'>1.</span> <span class='ocrx_word' id='word_1_473' title='bbox 1218 4294 1407 4358; x_wconf 81' lang='lat' dir='ltr'>Vincentiaae</span> <span class='ocrx_word' id='word_1_474' title='bbox 1426 4292 1462 4356; x_wconf 85' lang='lat' dir='ltr'>de</span> <span class='ocrx_word' id='word_1_475' title='bbox 1476 4292 1613 4356; x_wconf 78' lang='lat' dir='ltr'>libertate</span> <span class='ocrx_word' id='word_1_476' title='bbox 1633 4303 1735 4357; x_wconf 75' lang='lat' dir='ltr'>matra</span> <span class='ocrx_word' id='word_1_477' title='bbox 1751 4297 1922 4375; x_wconf 75' lang='lat' dir='ltr'>repertorem</span> 
     </span>
     <span class='ocr_line' id='line_1_44' title="bbox 342 4384 1922 4470; baseline -0.002 -20"><span class='ocrx_word' id='word_1_478' title='bbox 342 4389 442 4451; x_wconf 85' lang='lat' dir='ltr'>carnit</span> <span class='ocrx_word' id='word_1_479' title='bbox 451 4408 460 4464; x_wconf 95' lang='lat'>;</span> <span class='ocrx_word' id='word_1_480' title='bbox 477 4404 577 4449; x_wconf 88' lang='lat' dir='ltr'>unum</span> <span class='ocrx_word' id='word_1_481' title='bbox 592 4385 808 4468; x_wconf 73' lang='lat' dir='ltr'>imperfectum</span> <span class='ocrx_word' id='word_1_482' title='bbox 825 4407 832 4447; x_wconf 92' lang='lat'>:</span> <span class='ocrx_word' id='word_1_483' title='bbox 848 4387 981 4449; x_wconf 87' lang='lat' dir='ltr'>alterum</span> <span class='ocrx_word' id='word_1_484' title='bbox 1000 4385 1111 4466; x_wconf 79' lang='lat' dir='ltr'>perfec</span> <span class='ocrx_word' id='word_1_485' title='bbox 1201 4389 1236 4451; x_wconf 85' lang='lat' dir='ltr'>S.</span> <span class='ocrx_word' id='word_1_486' title='bbox 1255 4385 1727 4468; x_wconf 75' lang='lat' dir='ltr'>Tiomoedocm‘namdepateoe.</span> <span class='ocrx_word' id='word_1_487' title='bbox 1744 4389 1776 4450; x_wconf 68' lang='lat' dir='ltr'>i.</span> <span class='ocrx_word' id='word_1_488' title='bbox 1787 4384 1922 4470; x_wconf 77' lang='lat' dir='ltr'>Ejusdem</span> 
     </span>
     <span class='ocr_line' id='line_1_45' title="bbox 341 4477 1923 4563; baseline -0.003 -22"><span class='ocrx_word' id='word_1_489' title='bbox 341 4485 422 4558; x_wconf 87' lang='lat' dir='ltr'>tam,</span> <span class='ocrx_word' id='word_1_490' title='bbox 441 4487 589 4561; x_wconf 81' lang='lat' dir='ltr'>utsupra</span> <span class='ocrx_word' id='word_1_491' title='bbox 606 4482 705 4561; x_wconf 88' lang='lat' dir='ltr'>capite</span> <span class='ocrx_word' id='word_1_492' title='bbox 725 4481 818 4542; x_wconf 84' lang='lat' dir='ltr'>tertio</span> <span class='ocrx_word' id='word_1_493' title='bbox 843 4480 1109 4542; x_wconf 89' lang='lat' dir='ltr'>memoravimus:</span> <span class='ocrx_word' id='word_1_494' title='bbox 1200 4480 1280 4563; x_wconf 73' lang='lat' dir='ltr'>faico</span> <span class='ocrx_word' id='word_1_495' title='bbox 1291 4480 1497 4562; x_wconf 77' lang='lat' dir='ltr'>interpretatio</span> <span class='ocrx_word' id='word_1_496' title='bbox 1510 4479 1546 4542; x_wconf 85' lang='lat' dir='ltr'>S.</span> <span class='ocrx_word' id='word_1_497' title='bbox 1565 4479 1694 4542; x_wconf 82' lang='lat' dir='ltr'>Taomoe.</span> <span class='ocrx_word' id='word_1_498' title='bbox 1718 4484 1748 4542; x_wconf 80' lang='lat'>3.</span> <span class='ocrx_word' id='word_1_499' title='bbox 1765 4477 1923 4561; x_wconf 68' lang='lat' dir='ltr'>Reteiiitar</span> 
     </span>
     <span class='ocr_line' id='line_1_46' title="bbox 341 4566 1920 4653; baseline -0.004 -19"><span class='ocrx_word' id='word_1_500' title='bbox 341 4572 457 4634; x_wconf 86' lang='lat' dir='ltr'>horum</span> <span class='ocrx_word' id='word_1_501' title='bbox 482 4574 568 4652; x_wconf 88' lang='lat' dir='ltr'>prius</span> <span class='ocrx_word' id='word_1_502' title='bbox 591 4573 692 4635; x_wconf 86' lang='lat' dir='ltr'>inesse</span> <span class='ocrx_word' id='word_1_503' title='bbox 718 4574 823 4636; x_wconf 86' lang='lat' dir='ltr'>bestiis</span> <span class='ocrx_word' id='word_1_504' title='bbox 849 4573 1000 4646; x_wconf 83' lang='lat' dir='ltr'>affirmet3</span> <span class='ocrx_word' id='word_1_505' title='bbox 1027 4573 1111 4653; x_wconf 85' lang='lat' dir='ltr'>quod</span> <span class='ocrx_word' id='word_1_506' title='bbox 1201 4594 1237 4635; x_wconf 79' lang='lat' dir='ltr'>ee</span> <span class='ocrx_word' id='word_1_507' title='bbox 1258 4571 1356 4635; x_wconf 80' lang='lat' dir='ltr'>eodem</span> <span class='ocrx_word' id='word_1_508' title='bbox 1369 4573 1404 4635; x_wconf 90' lang='lat' dir='ltr'>S.</span> <span class='ocrx_word' id='word_1_509' title='bbox 1425 4571 1453 4634; x_wconf 83' lang='lat' dir='ltr'><em>T</em></span> <span class='ocrx_word' id='word_1_510' title='bbox 1449 4571 1546 4634; x_wconf 74' lang='grc' dir='ltr'>Ιιοιιια.</span> <span class='ocrx_word' id='word_1_511' title='bbox 1564 4575 1595 4634; x_wconf 74' lang='lat' dir='ltr'>d.</span> <span class='ocrx_word' id='word_1_512' title='bbox 1626 4573 1670 4634; x_wconf 83' lang='lat' dir='ltr'>De</span> <span class='ocrx_word' id='word_1_513' title='bbox 1689 4572 1779 4634; x_wconf 73' lang='lat' dir='ltr'>ties</span> <span class='ocrx_word' id='word_1_514' title='bbox 1798 4566 1920 4634; x_wconf 77' lang='lat' dir='ltr'>arbitrio</span> 
     </span>
     <span class='ocr_line' id='line_1_47' title="bbox 341 4659 1922 4747; baseline -0.003 -22"><span class='ocrx_word' id='word_1_515' title='bbox 341 4665 420 4726; x_wconf 90' lang='lat' dir='ltr'>nihil</span> <span class='ocrx_word' id='word_1_516' title='bbox 431 4665 516 4726; x_wconf 90' lang='lat' dir='ltr'>aliud</span> <span class='ocrx_word' id='word_1_517' title='bbox 531 4671 588 4741; x_wconf 90' lang='lat' dir='ltr'>est,</span> <span class='ocrx_word' id='word_1_518' title='bbox 600 4683 694 4745; x_wconf 89' lang='lat' dir='ltr'>quam</span> <span class='ocrx_word' id='word_1_519' title='bbox 712 4674 742 4728; x_wconf 72' lang='lat' dir='ltr'>rt</span> <span class='ocrx_word' id='word_1_520' title='bbox 756 4673 876 4744; x_wconf 70' lang='grc' dir='ltr'>ἑκούσιον,</span> <span class='ocrx_word' id='word_1_521' title='bbox 893 4665 925 4727; x_wconf 93' lang='lat' dir='ltr'>id</span> <span class='ocrx_word' id='word_1_522' title='bbox 939 4670 985 4726; x_wconf 88' lang='lat' dir='ltr'>est</span> <span class='ocrx_word' id='word_1_523' title='bbox 997 4673 1112 4745; x_wconf 75' lang='lat' dir='ltr'>sponte</span> <span class='ocrx_word' id='word_1_524' title='bbox 1202 4675 1263 4728; x_wconf 85' lang='lat' dir='ltr'>tote</span> <span class='ocrx_word' id='word_1_525' title='bbox 1281 4674 1323 4728; x_wconf 86' lang='lat' dir='ltr'>est</span> <span class='ocrx_word' id='word_1_526' title='bbox 1350 4665 1480 4747; x_wconf 76' lang='lat' dir='ltr'>paestrh,</span> <span class='ocrx_word' id='word_1_527' title='bbox 1501 4682 1558 4727; x_wconf 83' lang='lat' dir='ltr'>aaa</span> <span class='ocrx_word' id='word_1_528' title='bbox 1577 4663 1613 4728; x_wconf 86' lang='lat' dir='ltr'>de</span> <span class='ocrx_word' id='word_1_529' title='bbox 1636 4665 1799 4729; x_wconf 68' lang='lat' dir='ltr'>valeatne.</span> <span class='ocrx_word' id='word_1_530' title='bbox 1826 4664 1863 4726; x_wconf 83' lang='grc' dir='ltr'>Ιιι</span> <span class='ocrx_word' id='word_1_531' title='bbox 1876 4659 1922 4722; x_wconf 69' lang='lat' dir='ltr'>aa</span> 
     </span>
     <span class='ocr_line' id='line_1_48' title="bbox 341 4752 1921 4839; baseline -0.002 -21"><span class='ocrx_word' id='word_1_532' title='bbox 341 4770 439 4821; x_wconf 79' lang='lat' dir='ltr'>seam.</span> <span class='ocrx_word' id='word_1_533' title='bbox 456 4757 610 4819; x_wconf 85' lang='lat' dir='ltr'>Posterius</span> <span class='ocrx_word' id='word_1_534' title='bbox 624 4776 710 4831; x_wconf 85' lang='lat' dir='ltr'>vero,</span> <span class='ocrx_word' id='word_1_535' title='bbox 726 4758 811 4837; x_wconf 85' lang='lat' dir='ltr'>quod</span> <span class='ocrx_word' id='word_1_536' title='bbox 828 4756 1020 4820; x_wconf 79' lang='lat' dir='ltr'>estliberum</span> <span class='ocrx_word' id='word_1_537' title='bbox 1033 4757 1112 4819; x_wconf 88' lang='lat' dir='ltr'>arbi·</span> <span class='ocrx_word' id='word_1_538' title='bbox 1200 4778 1279 4836; x_wconf 78' lang='lat' dir='ltr'>aare,</span> <span class='ocrx_word' id='word_1_539' title='bbox 1300 4766 1328 4821; x_wconf 86' lang='lat' dir='ltr'>et</span> <span class='ocrx_word' id='word_1_540' title='bbox 1339 4757 1478 4838; x_wconf 78' lang='lat' dir='ltr'>formalia</span> <span class='ocrx_word' id='word_1_541' title='bbox 1492 4764 1533 4820; x_wconf 83' lang='lat' dir='ltr'>ert</span> <span class='ocrx_word' id='word_1_542' title='bbox 1548 4757 1749 4834; x_wconf 63' lang='lat' dir='ltr'>tiberianam</span> <span class='ocrx_word' id='word_1_543' title='bbox 1772 4759 1805 4821; x_wconf 82' lang='grc' dir='ltr'>ιἰι</span> <span class='ocrx_word' id='word_1_544' title='bbox 1825 4752 1921 4839; x_wconf 75' lang='lat' dir='ltr'>pravis</span> 
     </span>
     <span class='ocr_line' id='line_1_49' title="bbox 340 4848 1920 4933; baseline -0.001 -23"><span class='ocrx_word' id='word_1_545' title='bbox 340 4849 449 4927; x_wconf 76' lang='lat' dir='ltr'>nium,</span> <span class='ocrx_word' id='word_1_546' title='bbox 470 4855 502 4911; x_wconf 91' lang='lat' dir='ltr'>et</span> <span class='ocrx_word' id='word_1_547' title='bbox 523 4849 557 4909; x_wconf 92' lang='lat' dir='ltr'>in</span> <span class='ocrx_word' id='word_1_548' title='bbox 580 4848 639 4923; x_wconf 90' lang='lat' dir='ltr'>his,</span> <span class='ocrx_word' id='word_1_549' title='bbox 664 4866 734 4929; x_wconf 84' lang='lat' dir='ltr'>quse</span> <span class='ocrx_word' id='word_1_550' title='bbox 754 4849 791 4911; x_wconf 92' lang='lat' dir='ltr'>ad</span> <span class='ocrx_word' id='word_1_551' title='bbox 811 4849 906 4911; x_wconf 63' lang='lat' dir='ltr'>mem</span> <span class='ocrx_word' id='word_1_552' title='bbox 920 4850 1108 4926; x_wconf 89' lang='lat' dir='ltr'>conducunt,</span> <span class='ocrx_word' id='word_1_553' title='bbox 1200 4851 1324 4913; x_wconf 83' lang='lat' dir='ltr'>motione</span> <span class='ocrx_word' id='word_1_554' title='bbox 1345 4851 1504 4914; x_wconf 79' lang='lat' dir='ltr'>solveretis</span> <span class='ocrx_word' id='word_1_555' title='bbox 1525 4850 1627 4933; x_wconf 75' lang='lat' dir='ltr'>:prad</span> <span class='ocrx_word' id='word_1_556' title='bbox 1646 4848 1764 4913; x_wconf 70' lang='lat' dir='ltr'>ataias</span> <span class='ocrx_word' id='word_1_557' title='bbox 1791 4848 1920 4912; x_wconf 82' lang='lat' dir='ltr'>dertare·</span> 
     </span>
     <span class='ocr_line' id='line_1_50' title="bbox 341 4934 1919 5022; baseline -0.003 -19"><span class='ocrx_word' id='word_1_558' title='bbox 341 4941 492 5022; x_wconf 81' lang='lat' dir='ltr'>eligendis</span> <span class='ocrx_word' id='word_1_559' title='bbox 505 4941 642 5022; x_wconf 76' lang='lat' dir='ltr'>posituim</span> <span class='ocrx_word' id='word_1_560' title='bbox 661 4947 718 5016; x_wconf 88' lang='lat' dir='ltr'>est‚</span> <span class='ocrx_word' id='word_1_561' title='bbox 740 4940 796 5002; x_wconf 91' lang='lat' dir='ltr'>soli</span> <span class='ocrx_word' id='word_1_562' title='bbox 810 4942 931 5003; x_wconf 90' lang='lat' dir='ltr'>homini</span> <span class='ocrx_word' id='word_1_563' title='bbox 943 4942 1109 5004; x_wconf 86' lang='lat' dir='ltr'>tributum.</span> <span class='ocrx_word' id='word_1_564' title='bbox 1200 4954 1260 5005; x_wconf 84' lang='lat' dir='ltr'>tur.</span> <span class='ocrx_word' id='word_1_565' title='bbox 1288 4946 1318 5006; x_wconf 83' lang='lat' dir='ltr'>a.</span> <span class='ocrx_word' id='word_1_566' title='bbox 1345 4941 1490 5020; x_wconf 81' lang='lat' dir='ltr'>Quomodo</span> <span class='ocrx_word' id='word_1_567' title='bbox 1505 4943 1538 5004; x_wconf 85' lang='grc' dir='ltr'>ιἰι</span> <span class='ocrx_word' id='word_1_568' title='bbox 1551 4942 1621 5004; x_wconf 76' lang='lat' dir='ltr'>atie</span> <span class='ocrx_word' id='word_1_569' title='bbox 1635 4942 1791 5007; x_wconf 71' lang='lat' dir='ltr'>colummis</span> <span class='ocrx_word' id='word_1_570' title='bbox 1803 4934 1919 5006; x_wconf 71' lang='grc' dir='ltr'>αιιὶοιιί-</span> 
     </span>
     <span class='ocr_line' id='line_1_51' title="bbox 340 5033 1813 5115; baseline 0.001 -19"><span class='ocrx_word' id='word_1_571' title='bbox 340 5034 386 5096; x_wconf 82' lang='lat' dir='ltr'>Ex</span> <span class='ocrx_word' id='word_1_572' title='bbox 399 5052 462 5115; x_wconf 88' lang='lat' dir='ltr'>quo</span> <span class='ocrx_word' id='word_1_573' title='bbox 476 5033 613 5111; x_wconf 86' lang='lat' dir='ltr'>tertium,</span> <span class='ocrx_word' id='word_1_574' title='bbox 628 5034 712 5114; x_wconf 85' lang='lat' dir='ltr'>quod</span> <span class='ocrx_word' id='word_1_575' title='bbox 726 5035 881 5114; x_wconf 77' lang='lat' dir='ltr'>obiecerat</span> <span class='ocrx_word' id='word_1_576' title='bbox 892 5033 961 5112; x_wconf 87' lang='lat' dir='ltr'>sibi,</span> <span class='ocrx_word' id='word_1_577' title='bbox 975 5035 1112 5098; x_wconf 89' lang='lat' dir='ltr'>dissolvit</span> <span class='ocrx_word' id='word_1_578' title='bbox 1202 5036 1253 5099; x_wconf 80' lang='lat' dir='ltr'>dua</span> <span class='ocrx_word' id='word_1_579' title='bbox 1268 5037 1379 5099; x_wconf 63' lang='lat' dir='ltr'>ariete</span> <span class='ocrx_word' id='word_1_580' title='bbox 1392 5036 1579 5099; x_wconf 80' lang='lat' dir='ltr'>contineatur</span> <span class='ocrx_word' id='word_1_581' title='bbox 1593 5036 1688 5101; x_wconf 76' lang='lat' dir='ltr'>litere</span> <span class='ocrx_word' id='word_1_582' title='bbox 1701 5035 1813 5099; x_wconf 77' lang='lat' dir='ltr'>eiectio.</span> 
     </span>
     <span class='ocr_line' id='line_1_52' title="bbox 338 5127 1111 5208; baseline 0.004 -20"><span class='ocrx_word' id='word_1_583' title='bbox 338 5133 583 5208; x_wconf 77' lang='lat' dir='ltr'>argumentum:</span> <span class='ocrx_word' id='word_1_584' title='bbox 600 5144 712 5207; x_wconf 88' lang='lat' dir='ltr'>nempe</span> <span class='ocrx_word' id='word_1_585' title='bbox 722 5146 785 5188; x_wconf 92' lang='lat' dir='ltr'>non</span> <span class='ocrx_word' id='word_1_586' title='bbox 796 5127 895 5189; x_wconf 87' lang='lat' dir='ltr'>videri</span> <span class='ocrx_word' id='word_1_587' title='bbox 903 5127 1003 5189; x_wconf 92' lang='lat' dir='ltr'>brutis</span> <span class='ocrx_word' id='word_1_588' title='bbox 1010 5129 1111 5191; x_wconf 89' lang='lat' dir='ltr'>inesse</span> 
     </span>
     <span class='ocr_line' id='line_1_53' title="bbox 338 5214 1920 5302; baseline -0.004 -19"><span class='ocrx_word' id='word_1_589' title='bbox 338 5219 563 5293; x_wconf 84' lang='lat' dir='ltr'>voluntariam,</span> <span class='ocrx_word' id='word_1_590' title='bbox 580 5221 741 5300; x_wconf 75' lang='lat' dir='ltr'>quonim,</span> <span class='ocrx_word' id='word_1_591' title='bbox 755 5226 908 5281; x_wconf 85' lang='lat' dir='ltr'>etauctcr</span> <span class='ocrx_word' id='word_1_592' title='bbox 921 5222 1111 5283; x_wconf 80' lang='lat' dir='ltr'>estioaunes</span> <span class='ocrx_word' id='word_1_593' title='bbox 1200 5222 1225 5282; x_wconf 90' lang='lat' dir='ltr'>l.</span> <span class='ocrx_word' id='word_1_594' title='bbox 1242 5223 1284 5283; x_wconf 76' lang='lat' dir='ltr'>ile</span> <span class='ocrx_word' id='word_1_595' title='bbox 1297 5222 1396 5284; x_wconf 89' lang='lat' dir='ltr'>libero</span> <span class='ocrx_word' id='word_1_596' title='bbox 1412 5220 1538 5283; x_wconf 89' lang='lat' dir='ltr'>arbitrio</span> <span class='ocrx_word' id='word_1_597' title='bbox 1552 5222 1596 5283; x_wconf 83' lang='lat' dir='ltr'>ita</span> <span class='ocrx_word' id='word_1_598' title='bbox 1615 5221 1735 5302; x_wconf 83' lang='lat' dir='ltr'>scripsit</span> <span class='ocrx_word' id='word_1_599' title='bbox 1748 5214 1920 5282; x_wconf 85' lang='lat' dir='ltr'>Vincentius</span> 
     </span>
     <span class='ocr_line' id='line_1_54' title="bbox 340 5310 1919 5394; baseline 0 -21"><span class='ocrx_word' id='word_1_600' title='bbox 340 5314 562 5389; x_wconf 85' lang='lat' dir='ltr'>Damascenus,</span> <span class='ocrx_word' id='word_1_601' title='bbox 599 5336 613 5365; x_wconf 73' lang='grc' dir='ltr'>ι</span> <span class='ocrx_word' id='word_1_602' title='bbox 639 5312 829 5374; x_wconf 90' lang='lat' dir='ltr'>voluntarios</span> <span class='ocrx_word' id='word_1_603' title='bbox 856 5320 943 5375; x_wconf 90' lang='lat' dir='ltr'>actus</span> <span class='ocrx_word' id='word_1_604' title='bbox 970 5314 1110 5394; x_wconf 88' lang='lat' dir='ltr'>sequitur</span> <span class='ocrx_word' id='word_1_605' title='bbox 1160 5313 1194 5373; x_wconf 91' lang='lat' dir='ltr'>in</span> <span class='ocrx_word' id='word_1_606' title='bbox 1209 5312 1363 5393; x_wconf 72' lang='lat' dir='ltr'>Taenara,</span> <span class='ocrx_word' id='word_1_607' title='bbox 1378 5320 1414 5375; x_wconf 90' lang='lat' dir='ltr'>ut</span> <span class='ocrx_word' id='word_1_608' title='bbox 1439 5314 1466 5376; x_wconf 90' lang='lat' dir='ltr'>si</span> <span class='ocrx_word' id='word_1_609' title='bbox 1491 5314 1615 5377; x_wconf 88' lang='lat' dir='ltr'>decreta</span> <span class='ocrx_word' id='word_1_610' title='bbox 1641 5314 1696 5378; x_wconf 89' lang='lat' dir='ltr'>illa</span> <span class='ocrx_word' id='word_1_611' title='bbox 1717 5310 1919 5394; x_wconf 66' lang='lat' dir='ltr'>Peripatetico</span> 
     </span>
    </p>
   </div>
   <div class='ocr_carea' id='block_1_5' title="bbox 368 5512 1670 5573">
    <p class='ocr_par' dir='ltr' id='par_1_5' title="bbox 368 5512 1670 5573">
     <span class='ocr_line' id='line_1_55' title="bbox 368 5512 1670 5573; baseline 0.003 -15"><span class='ocrx_word' id='word_1_612' title='bbox 368 5516 377 5558; x_wconf 92' lang='lat' dir='ltr'>i</span> <span class='ocrx_word' id='word_1_613' title='bbox 393 5514 418 5559; x_wconf 87' lang='lat' dir='ltr'>la</span> <span class='ocrx_word' id='word_1_614' title='bbox 429 5514 447 5569; x_wconf 93' lang='lat' dir='ltr'>l,</span> <span class='ocrx_word' id='word_1_615' title='bbox 460 5513 488 5567; x_wconf 93' lang='lat' dir='ltr'>li,</span> <span class='ocrx_word' id='word_1_616' title='bbox 498 5526 518 5569; x_wconf 81' lang='lat' dir='ltr'>q.</span> <span class='ocrx_word' id='word_1_617' title='bbox 527 5522 558 5564; x_wconf 88' lang='grc' dir='ltr'>ιι,</span> <span class='ocrx_word' id='word_1_618' title='bbox 570 5525 590 5561; x_wconf 83' lang='lat' dir='ltr'>a.</span> <span class='ocrx_word' id='word_1_619' title='bbox 604 5514 626 5566; x_wconf 75' lang='lat' dir='ltr'>i,</span> <span class='ocrx_word' id='word_1_620' title='bbox 638 5513 666 5558; x_wconf 84' lang='lat' dir='ltr'>ad</span> <span class='ocrx_word' id='word_1_621' title='bbox 678 5514 747 5560; x_wconf 54' lang='lat' dir='ltr'>liei</span> <span class='ocrx_word' id='word_1_622' title='bbox 761 5515 812 5571; x_wconf 81' lang='lat' dir='ltr'>Gap.</span> <span class='ocrx_word' id='word_1_623' title='bbox 820 5512 908 5572; x_wconf 71' lang='lat' dir='ltr'>¹1¹‚Sii</span> <span class='ocrx_word' id='word_1_624' title='bbox 918 5521 940 5560; x_wconf 87' lang='lat' dir='ltr'>ct</span> <span class='ocrx_word' id='word_1_625' title='bbox 952 5526 1019 5573; x_wconf 82' lang='lat' dir='ltr'>seq.-</span> <span class='ocrx_word' id='word_1_626' title='bbox 1037 5513 1093 5563; x_wconf 78' lang='lat' dir='ltr'>itia</span> <span class='ocrx_word' id='word_1_627' title='bbox 1104 5514 1121 5570; x_wconf 82' lang='lat' dir='ltr'>i,</span> <span class='ocrx_word' id='word_1_628' title='bbox 1134 5514 1164 5570; x_wconf 89' lang='lat' dir='ltr'>ii,</span> <span class='ocrx_word' id='word_1_629' title='bbox 1175 5526 1233 5572; x_wconf 71' lang='lat' dir='ltr'>ars,</span> <span class='ocrx_word' id='word_1_630' title='bbox 1245 5516 1344 5562; x_wconf 73' lang='lat' dir='ltr'>ati-i</span> <span class='ocrx_word' id='word_1_631' title='bbox 1360 5517 1385 5563; x_wconf 90' lang='lat' dir='ltr'>in</span> <span class='ocrx_word' id='word_1_632' title='bbox 1398 5513 1415 5569; x_wconf 91' lang='lat' dir='ltr'>i,</span> <span class='ocrx_word' id='word_1_633' title='bbox 1427 5514 1456 5572; x_wconf 90' lang='lat' dir='ltr'>ll,</span> <span class='ocrx_word' id='word_1_634' title='bbox 1468 5527 1490 5573; x_wconf 85' lang='lat' dir='ltr'>q.</span> <span class='ocrx_word' id='word_1_635' title='bbox 1503 5527 1533 5569; x_wconf 87' lang='grc' dir='ltr'>ιι,</span> <span class='ocrx_word' id='word_1_636' title='bbox 1544 5516 1597 5570; x_wconf 73' lang='lat' dir='ltr'>ai,</span> <span class='ocrx_word' id='word_1_637' title='bbox 1611 5515 1638 5561; x_wconf 83' lang='lat' dir='ltr'>ad</span> <span class='ocrx_word' id='word_1_638' title='bbox 1648 5517 1670 5562; x_wconf 75' lang='lat' dir='ltr'>i.</span> 
     </span>
    </p>
   </div>
   <div class='ocr_carea' id='block_1_6' title="bbox 0 0 2044 6168">
    <p class='ocr_par' dir='ltr' id='par_1_6' title="bbox 0 0 2044 6168">
     <span class='ocr_line' id='line_1_56' title="bbox 0 0 2044 6168; baseline 0 0"><span class='ocrx_word' id='word_1_639' title='bbox 0 0 2044 6168; x_wconf 95' lang='lat' dir='ltr'> </span> 
     </span>
    </p>
   </div>
  </div>
 </body>
</html>
