4078 6168
146 1864 263 1909 Marcionis

150 1918 261 1974 dogmata.

302 308 360 369 {72

301 476 531 555 inperpetuum
544 473 705 536 dissidium
716 473 853 553 relegati,
869 489 990 534 venena
1000 470 1072 530 doc·

302 565 455 627 trinarum
468 585 596 628 suarum
609 566 859 628 disseminarunt.
871 561 1070 641 Postmodum

303 659 453 731 Marcion,
469 659 581 739 inquit,
594 658 807 738 paenitentiam
818 658 984 731 cantemus,
999 672 1070 715 cum

304 750 472 829 conffltioni
487 751 566 812 datu
589 752 647 812 sihi
675 751 817 827 occurrit,
833 749 877 810 ita
899 766 1007 828 pacem
1020 765 1069 808 re·

303 848 459 922 neptunus,
475 844 500 903 si
515 850 641 905 caeteros
654 861 789 923 quoque,
803 860 882 922 quos
903 839 1070 922 perditioni

304 934 463 1010 erudisset,
492 935 635 997 Ecclesiae
663 935 845 1002 restitueret,
874 938 974 995 morte
989 950 1070 1013 prae·

303 1031 415 1086 ventus
428 1031 482 1088 est.
499 1049 514 1084 a
532 1029 634 1108 Ooepit
653 1033 758 1088 autem
779 1027 962 1089 Eleutherna
990 1027 1072 1105 Papa

303 1117 361 1177 sub
381 1118 424 1179 M.
447 1119 574 1179 Aurelio
588 1119 734 1180 Antonio.
752 1121 871 1198 ltaque,
896 1119 924 1179 si
949 1116 1071 1179 Tertul-

303 1204 388 1269 liano
415 1210 580 1287 oredimus,
605 1229 670 1271 non
691 1229 817 1290 prorsus
831 1230 850 1271 a
863 1229 917 1291 spe
942 1228 1069 1291 recupe-

303 1302 408 1362 rande
433 1303 661 1367 communionis
686 1302 829 1364 exclusus
848 1308 894 1364 est
920 1303 1068 1380 Marcion,

247 1417 251 1425 ·
303 1395 357 1455 sed
370 1394 440 1474 plus
453 1394 549 1456 semel
562 1396 732 1472 restitutus,
750 1400 907 1476 postremo
931 1395 1023 1457 etiam
1036 1395 1070 1455 in

303 1487 485 1566 paenitentia
498 1489 564 1566 ipsa
574 1488 713 1549 decessit.
730 1489 859 1567 Optatus
877 1487 1072 1548 Milevitanus

305 1594 343 1637 ex
357 1578 625 1658 episcopoiactam
643 1585 813 1660 apostatam
836 1577 961 1646 scribiti.
987 1579 1071 1659 qaod

305 1668 389 1729 haud
408 1670 470 1732 seio
495 1690 534 1732 an
561 1672 643 1761 alius
666 1671 843 1752 prodiderit.
869 1671 1010 1733 lustinus
1038 1672 1071 1731 ia

305 1760 492 1842 Apologetr'co
513 1765 647 1825 secundo
660 1764 744 1825 illius
767 1765 958 1825 mentionem
984 1764 1068 1832 facit,

345 1854 401 1914 Xl.
426 1855 589 1916 Marcionis
613 1857 759 1936 dogmata
780 1874 819 1916 ex
841 1857 972 1931 Irenaeo,
995 1858 1070 1917 Ter-

304 1945 453 2023 tulliano,
485 1948 677 2028 Epiphanio,
706 1949 919 2023 Theodoram,
942 1949 1070 2029 aliisque

303 2039 378 2095 nota
398 2043 480 2096 sunt.
506 2038 713 2099 Tertullianus
724 2039 849 2119 quidem
864 2038 1002 2119 quinque
1016 2039 1070 2100 ad-

303 2145 410 2189 versus
422 2129 512 2190 illum
525 2130 620 2191 lihros
629 2131 734 2192 edidit.
752 2132 834 2192 Duos
846 2149 919 2192 cum
931 2132 1070 2193 Cerdone

303 2220 439 2299 ponebat
462 2223 554 2298 Deos,
575 2222 650 2283 boni
663 2223 795 2284 alterum
808 2230 978 2300 auctorem,
992 2225 1068 2286 alte-

302 2329 374 2372 rum
394 2312 478 2372 mali.
501 2314 546 2373 Ex
571 2314 631 2388 his,
656 2314 699 2375 ait
723 2315 842 2395 primas
865 2316 943 2377 liber
969 2326 1070 2378 contro

302 2402 485 2465 Marcionem
504 2405 643 2467 versibus
661 2408 791 2488 scriptus
808 2408 989 2471 Tertulliani
1015 2427 1071 2470 no·

302 2495 387 2555 mine
402 2494 426 2556 ¹:

306 2701 322 2738 a
336 2681 426 2742 Hunc
440 2688 532 2762 negat
544 2701 608 2746 ease
621 2683 752 2763 bonum,
758 2686 879 2766 justum
888 2692 994 2748 nmen
1006 2704 1071 2749 esse

301 2865 473 2943 Crudelem,
489 2868 615 2946 duram,
630 2868 704 2929 belli
718 2870 768 2930 cui
781 2888 863 2931 saeva
876 2779 1068 2952 roldfpiffi?r¹

301 2958 423 3020 iudicio
449 2959 659 3045 horrendum,
684 2963 826 3043 precibus
858 2982 1071 3029 mansuescere

302 3144 484 3206 Essealium
497 3145 640 3222 suadeas,
660 3145 738 3207 nulli
764 3148 817 3227 qui
842 3059 1070 3229 ιοιςιιίιιΙιῐιωιιΙιιιῗΞ

303 3327 360 3402 Qui
380 3347 446 3389 non
472 3334 517 3391 est
542 3348 690 3411 usquam,
717 3332 830 3395 falsum
854 3336 921 3396 sine
944 3246 1071 3399 dalmatiis

389 3496 392 3501 ,
928 3432 1069 3508 tuamen,

302 3512 495 3576 Constituens
509 3516 597 3593 nihil,
619 3522 650 3577 et
668 3518 753 3579 nulla
775 3526 928 3600 precepta
949 3522 1070 3584 loeutus

303 3605 392 3667 Hunc
412 3607 455 3669 ait
488 3626 552 3670 esse
584 3608 714 3685 bonum,
750 3611 874 3673 nullum
908 3614 963 3694 qui
984 3615 1068 3692 judi-

893 3708 962 3784 [eui,
976 3728 991 3764 t)
1010 3714 1068 3769 ete.

342 3871 429 3934 Idem
440 3874 675 3954 veramnegavit
687 3874 800 3936 Christi
814 3894 950 3947 earnem,
966 3878 1071 3940 etidco

307 3968 459 4045 anegavit
477 3968 570 4028 etiam
583 3969 786 4043 nativitatem,
807 3975 861 4031 aut
880 3976 916 4031 ut
934 3971 1071 4032 nativita-

803 302 1128 369 THEOhOGlGORUM
1154 300 1372 364 DOGMATUM

1119 468 1340 546 Evangelium,
1361 472 1510 548 quantam
1522 467 1605 530 inter
1629 465 1855 545 ludaismum,
1876 475 1905 530 et

1120 558 1399 621 Christianismum.
1428 581 1443 619 a
1470 561 1611 641 Denique
1635 560 1907 622 resurrectionem

1120 650 1273 732 negavit⁸3
1303 653 1429 733 nuptias
1452 653 1633 729 damnavit,
1659 651 1906 733 adbaptismum

1119 745 1199 806 solas
1209 745 1354 824 virgines,
1370 750 1425 806 aut
1438 745 1560 807 coelihes
1571 745 1718 806 admisit.

1163 837 1316 898 «Exstitit
1341 842 1410 916 post
1442 837 1544 911 hanc,
1573 834 1779 898 Tertulliani
1813 837 1906 898 verba

1119 927 1222 999 sunt⁷,
1250 930 1390 990 Lucanus
1407 930 1535 1009 quidam
1563 929 1714 1007 nomine,
1740 928 1906 990 Marcionis

1119 1026 1261 1097 sectator,
1278 1027 1370 1102 atque
1387 1021 1565 1101 discipulus,
1587 1027 1620 1083 et
1635 1021 1691 1082 hic
1711 1039 1771 1101 per
1796 1021 1904 1083 eadem

1119 1112 1234 1174 vadens
1261 1113 1459 1194 blasphemie
1486 1132 1613 1194 genera,
1652 1114 1771 1175 eadem
1805 1114 1901 1190 docet,

1120 1223 1190 1284 quae
1204 1206 1351 1281 Marcion,
1368 1211 1399 1267 et
1412 1208 1532 1268 Cerdon
1546 1207 1739 1268 docuerant.
1757 1227 1773 1264 a
1792 1204 1901 1267 Memi-

1119 1297 1167 1357 nit
1183 1305 1215 1359 et
1228 1298 1419 1372 Philastrius,
1446 1299 1653 1379 Epiphanius,
1682 1304 1717 1360 et
1740 1300 1902 1381 Damasce-

1121 1391 1367 1450 nus.Lucianum
1381 1389 1471 1451 illum
1483 1397 1606 1455 vocant.

1159 1483 1232 1543 XII.
1251 1482 1399 1563 Sequitur
1413 1484 1557 1544 omnium
1571 1484 1747 1564 pessimus,
1776 1503 1813 1545 ac
1830 1501 1901 1564 pes-

1119 1573 1334 1635 tilentissimus
1345 1575 1562 1636 haereticorum
1576 1577 1708 1651 Manes,
1724 1575 1792 1637 sive
1808 1576 1902 1638 Mani-

1119 1664 1241 1743 chaaus,
1266 1668 1448 1745 «magister
1483 1667 1625 1729 falsitatis
1657 1667 1844 1743 Diabolieae,
1873 1674 1902 1730 et

1119 1758 1259 1818 conditor
1272 1760 1495 1837 superstitionis
1508 1759 1664 1837 obscenae,
1678 1782 1690 1817 ι
1710 1761 1756 1820 ait
1766 1759 1801 1820 S.
1817 1757 1897 1822 Led.

1120 1850 1218 1923 Quam
1242 1851 1355 1912 merito
1372 1852 1529 1929 «cariem,
1555 1851 1605 1912 vel
1618 1852 1793 1932 putridum
1816 1851 1900 1912 ulcus

1119 1942 1324 2004 Ecclesiarum
1336 1944 1485 2023 appellari
1503 1954 1620 2024 posse,
1634 1967 1651 2003 ι)
1677 1944 1897 2006 Basiliusafflr·

1119 2040 1194 2096 mat.
1221 2036 1320 2114 Hujus
1348 2036 1512 2098 historiam
1533 2042 1597 2098 tam
1620 2038 1782 2111 auctoris,
1808 2054 1899 2116 qrrsm

1119 2131 1211 2188 secta
1238 2129 1412 2207 complures
1431 2134 1573 2190 scemate
1600 2130 1850 2209 descripserunt,
1865 2134 1898 2189 ut

1121 2218 1254 2299 Cyrillus
1291 2219 1627 2300 Hierosolymitanus⁹,
1659 2219 1896 2302 Epiphanius¹⁰,

1120 2311 1375 2385 Theodoretus¹¹,
1394 2312 1576 2388 Socrates¹¹‚
1587 2315 1788 2394 Augustinus
1796 2312 1896 2374 multis

1119 2404 1154 2464 in
1165 2403 1261 2477 libris,
1275 2409 1306 2464 et
1320 2404 1565 2466 innumerabiles
1586 2407 1652 2467 alii.
1677 2407 1814 2482 Horum,
1829 2423 1895 2484 qua

1119 2495 1164 2555 illi
1195 2495 1344 2572 referunt,
1375 2514 1498 2558 samma
1522 2498 1591 2559 haec
1615 2504 1676 2560 est.
1708 2498 1893 2578 scythianus

1120 2588 1248 2667 quidam
1263 2589 1435 2650 Saracenas
1448 2608 1573 2670 genere,
1596 2591 1632 2651 in
1657 2592 1778 2653 Arabia
1798 2589 1893 2651 nutri·

1119 2685 1187 2756 tus,
1211 2690 1417 2743 mercaturam
1443 2683 1601 2755 exercuit,
1632 2702 1761 2763 exque
1788 2683 1893 2761 ingens

1120 2774 1339 2853 compendium
1354 2780 1475 2850 nactus,
1498 2782 1605 2854 postea
1618 2774 1654 2836 in
1669 2777 1842 2856 AEgyptum
1862 2790 1892 2834 se

1120 2865 1263 2943 contulit,
1288 2871 1319 2926 et
1345 2865 1542 2928 Alexandriae
1567 2869 1713 2928 Graecam
1735 2866 1888 2945 linguam,

1120 2958 1302 3037 Graecaeque
1311 2958 1487 3038 disciplinas
1500 2958 1626 3034 didicit;
1643 2957 1891 3040 praesertimphi·

1119 3049 1302 3127 losophiam‚
1318 3055 1387 3112 tum
1398 3051 1579 3121 Aristotelis,
1591 3060 1663 3112 tum
1678 3050 1885 3131 Empedoclis,

1120 3160 1155 3203 ac
1167 3142 1375 3222 Pythagorae3
1400 3143 1485 3204 unde
1505 3143 1747 3223 principiorum,
1762 3142 1846 3216 honi,
1858 3158 1891 3201 ao

1120 3233 1209 3307 mali,
1224 3235 1336 3313 dogma
1355 3234 1527 3295 transtulit.
1549 3235 1637 3295 Idem
1662 3235 1696 3295 in
1721 3233 1888 3308 Thebaide,

1120 3325 1247 3405 AEgypti
1260 3326 1426 3405 provincia,
1437 3325 1520 3404 apud
1546 3326 1706 3406 Hypselen
1732 3325 1887 3406 oppidum,

1120 3423 1256 3479 scortum
1273 3417 1397 3499 elegans
1426 3436 1443 3478 e
1461 3417 1606 3496 lupanari
1624 3418 1826 3480 matrimonio
1837 3414 1889 3476 sihi
1991 3488 1995 3501 ι

1120 3509 1285 3590 copularit.
1313 3511 1393 3570 Tum
1418 3509 1514 3570 libros
1543 3511 1726 3591 mnscripsit
1750 3515 1887 3589 quatuor,

1120 3619 1221 3662 unam
1242 3600 1461 3682 Mystcriorum,
1477 3602 1650 3663 secundum
1679 3599 1887 3683 Capitaloram,

1119 3694 1259 3767 tertium,
1282 3693 1366 3772 quod
1388 3692 1587 3774 Evangeliam
1609 3693 1785 3775 inscripsit3
1800 3707 1887 3771 quar-

1119 3791 1200 3863 tam,
1218 3784 1442 3847 Tlesaaroram.
1457 3785 1529 3846 Post
1544 3785 1612 3847 haee
1622 3786 1658 3846 in
1670 3785 1813 3848 Judaeam
1825 3798 1890 3862 pro

1119 3878 1311 3940 lestussum
1335 3876 1505 3939 Terhintho
1527 3878 1691 3958 discipulo,
1720 3894 1792 3940 cum
1817 3870 1888 3935 nihil

1120 3971 1267 4032 adversus
1290 3969 1495 4031 Christianam
1513 3969 1607 4031 fidem
1643 3970 1709 4031 suis
1735 3965 1888 4031 conadbus

304 4064 368 4121 tem
380 4066 517 4138 negaret,
528 4061 654 4139 negavit
667 4060 895 4123 etcmnem³.a
914 4063 1072 4125 Passiones
1120 4062 1302 4143 proficeret,
1328 4063 1368 4123 ad
1390 4061 1526 4140 magicas
1547 4061 1688 4141 conngu
1713 4057 1885 4142 praestigias,

304 4157 410 4212 tamen
433 4152 535 4231 specie
549 4151 614 4212 sola
633 4151 732 4214 obitas
746 4155 874 4231 agnovit
894 4175 902 4215 ε
923 4155 1007 4235 quia,
1036 4161 1072 4231 ut
1121 4155 1234 4235 quibus
1256 4154 1332 4214 dum
1358 4154 1393 4214 in
1416 4171 1540 4215 summo
1564 4153 1681 4216 edium
1701 4158 1783 4215 tecto
1809 4149 1888 4210 duat

304 4243 499 4324 phantasma,
523 4244 651 4305 vacabat
664 4263 682 4305 a
702 4264 794 4307 sensu
808 4246 941 4308 earnm‘.
953 4269 968 4305 ι)
988 4250 1071 4310 Duos
1121 4265 1259 4327 operam,
1272 4245 1345 4307 inde
1359 4246 1463 4326 lapsus
1478 4246 1512 4305 iu
1528 4263 1665 4326 preceps
1689 4244 1791 4326 periit.
1818 4240 1885 4300 Ter·

303 4336 387 4397 idem
398 4336 534 4397 Christos
551 4337 718 4407 mustituit,
735 4339 869 4401 alterum
879 4338 902 4414 ⁸,
922 4340 1006 4421 aqui
1019 4341 1071 4400 Ti·
1120 4339 1261 4415 hinthus,
1276 4354 1371 4417 quem
1394 4337 1585 4419 Epiphanius
1600 4337 1784 4399 Terhithum
1796 4327 1887 4394 nomi·

303 4428 437 4489 barianis
448 4429 894 4511 temporihusaoeoquondam
908 4433 1014 4508 ignoto
1026 4450 1074 4494 re
1122 4436 1187 4506 nat,
1202 4449 1274 4492 cum
1287 4430 1400 4511 opibus
1409 4429 1583 4491 omnibusa
1598 4431 1767 4510 scythiano
1781 4418 1885 4486 relictis

304 4520 423 4581 velatus
432 4521 471 4580 sit
482 4522 516 4581 in
526 4522 656 4584 salutem
665 4525 807 4585 omnium
819 4528 960 4604 gentium
976 4546 983 4586 ε
1000 4526 1074 4587 alte·
1122 4524 1156 4584 in
1168 4523 1327 4583 Persidem
1341 4521 1470 4601 aufugit,
1491 4540 1525 4583 aa
1538 4527 1670 4597 mutato,
1695 4539 1736 4583 ne
1749 4530 1884 4597 agnosoe·

305 4630 377 4673 rum
391 4615 443 4692 qui
459 4631 477 4673 a
491 4614 556 4674 Deo
570 4623 707 4677 creatore
729 4614 910 4697 (eodemque
930 4616 1023 4698 malo)
1040 4617 1073 4677 in
1122 4620 1220 4689 retur,
1237 4615 1377 4687 nomine,
1395 4614 1538 4676 Buddam
1558 4632 1591 4676 se
1603 4617 1735 4675 vocavit.
1750 4610 1795 4672 Ibi
1808 4602 1884 4687 apud

305 4705 531 4766 restitutionem
560 4706 682 4769 Judaici
711 4714 808 4769 status
838 4710 878 4771 sit
906 4711 1075 4772 destinatus
1123 4724 1220 4768 anum
1241 4706 1409 4787 quamdam
1422 4706 1551 4767 viduam
1575 4706 1738 4782 habitavit,
1763 4720 1797 4763 aa
1820 4699 1884 4778 posi

307 4797 495 4877 quandoque
513 4805 673 4861 venturus.
698 4801 781 4862 luter
800 4801 857 4861 hos
870 4820 1029 4881 magnam,
1045 4806 1076 4864 et
1125 4799 1239 4860 multas
1257 4817 1329 4862 cum
1353 4798 1449 4877 Magis
1472 4798 1705 4880 disputationes,
1733 4785 1881 4875 Scythieni

308 4907 434 4951 omnem
457 4889 663 4953 differentiam
677 4893 800 4969 scindit,
825 4901 975 4973 quantam
994 4895 1077 4955 inter
1125 4892 1277 4972 exemplo,
1294 4892 1329 4953 in
1350 4908 1508 4952 summum
1528 4896 1645 4953 tectum
1666 4886 1836 4952 mcendena
1850 4895 1882 4938 ⁸0

304 4981 425 5059 justum
439 4989 470 5043 et
485 4982 616 5053 honum,
640 4991 789 5064 quantam
813 4985 895 5047 inter
909 4986 1021 5065 legem,
1046 4990 1077 5047 et
1124 4984 1286 5047 maleficiis
1300 4989 1456 5066 operatus,
1467 4983 1607 5046 indidem
1622 4978 1769 5045 nvinavi
1785 4976 1880 5038 detur·

344 5175 365 5216 a
384 5160 470 5218 Basra.
498 5159 509 5216 l
537 5161 567 5218 in
594 5167 736 5221 Heraean.
759 5161 812 5217 “lla
833 5163 952 5232 οηπεὲόνα
972 5182 1009 5225 τις
1026 5167 1076 5217 τῶν
1126 5161 1260 5233 ἐκκλησιῶν
1275 5167 1415 5236 προσειπὼν
1435 5160 1485 5236 οὐχ
1501 5160 1637 5235 ἁμαρτήσει
1659 5153 1876 5231 τοῦπροσήκονῐθί.

335 5324 345 5368 t
361 5326 411 5380 opt.
428 5325 467 5371 tih.
478 5327 563 5372 iven
577 5326 629 5383 Gap.
643 5340 701 5372 ra-
711 5330 726 5372 a
738 5329 799 5372 Part.
814 5328 840 5372 dc
854 5328 906 5372 Gar.
919 5328 1032 5373 disicite.
1043 5339 1050 5371 ι
1063 5331 1269 5373 criticorum.
1282 5338 1302 5371 e.
1314 5338 1345 5370 rx.
1358 5334 1432 5381 etseq.
1442 5325 1524 5371 Athen.
1542 5327 1569 5370 de
1587 5327 1702 5370 troam·
1712 5322 1725 5367 l
1737 5320 1793 5365 Terl·
1803 5311 1838 5358 ΗΒ·
1851 5304 1876 5351 ¹¹¹

307 5392 365 5431 orat.
377 5391 444 5432 Marc.
456 5400 504 5444 asp.
513 5401 556 5431 a·
568 5389 582 5431 ts
595 5390 692 5438 Tertutl.
704 5393 730 5437 ltt
739 5396 796 5436 cord.
809 5394 877 5435 Marc.
888 5401 936 5446 cap.
948 5391 1028 5435 aa-tt
1037 5391 1096 5435 'l'art
1113 5392 1121 5435 t
1135 5395 1192 5435 caat
1210 5393 1276 5435 lore.
1297 5400 1347 5444 esp.
1362 5401 1412 5433 rrrr
1431 5396 1453 5433 et
1465 5400 1540 5445 saq.-
1554 5392 1567 5432 't
1584 5387 1630 5434 trs.
1644 5389 1671 5434 de
1682 5389 1757 5434 ΡΜ.
1768 5389 1812 5435 ⁰⁸1¹·
1825 5384 1874 5418 ¹¹³*

308 5450 322 5492 a
335 5449 390 5503 leo,
400 5463 443 5495 sor.
455 5462 473 5494 ιι
483 5453 509 5497 cle
519 5453 624 5497 Pan-tt
635 5454 681 5498 Cat.
696 5466 756 5499 ιη.-
769 5454 794 5498 to
806 5453 862 5498 liar.
871 5465 957 5497 ι.ιιι.-
969 5454 992 5497 tl
1008 5452 1054 5497 tta.
1064 5453 1073 5497 l
1084 5455 1110 5497 dc
1121 5455 1206 5499 lisere·
1217 5453 1243 5496 ti
1257 5452 1303 5501 tta.
1316 5454 1388 5508 ttcsp.
1398 5463 1451 5497 xxti.
