4078 6162
595 335 646 396 on
663 332 968 413 nonsummum
989 330 1062 396 nte.
1084 331 1138 403 ιιι,
1160 330 1244 398 cae.
1266 336 1335 397 xu.
1694 330 1754 396 iso

163 506 304 567 humana
325 501 530 581 compositum
545 500 738 562 voluntatem
760 501 796 561 in
815 500 937 562 Christo
986 501 1114 562 ademar
1146 501 1224 563 illud
1257 500 1297 563 ah
1329 501 1454 563 literana
1488 496 1620 562 coneilio
1646 506 1755 562 cosme

162 597 272 658 itidem
285 611 352 656 essa
366 593 518 669 dicabunt,
534 599 570 655 ut
583 598 630 654 est
639 593 815 673 hypostasis
826 608 888 654 unu
898 610 937 653 ex
986 594 1119 655 Paulum
1140 592 1379 655 Samosatenum
1398 594 1437 654 de
1451 594 1570 654 dhdsto
1583 593 1753 673 proditum.

161 687 285 751 dnobus
296 686 419 748 naturis
434 687 614 766 composito.
646 685 732 746 Idem
755 686 846 747 docet
859 689 890 745 et
903 684 937 744 in
990 688 1121 748 «Unam
1133 702 1311 767 personam,
1328 687 1529 766 compositam
1543 702 1582 746 ex
1595 686 1756 749 divinitate

161 782 244 844 libro
267 784 392 858 quarto,
417 780 514 859 capite
536 778 668 857 quinto:
691 782 722 839 et
746 776 779 839 in
801 777 881 838 libro
903 775 938 837 do
985 778 1114 856 coelesti,
1127 784 1158 840 et
1169 779 1308 840 humone
1321 789 1479 840 cannono

161 872 275 935 duodus
291 869 407 933 struo
426 869 843 935 uoluntatibus.'l¹heodo1ns
863 870 938 930 ltem
1030 872 1079 933 vl.
1100 872 1172 933 Jam
1186 889 1260 933 vero
1279 872 1455 951 complures
1474 870 1633 932 Christum
1653 870 1757 950 ipsum

162 966 316 1040 thocari,
332 985 349 1023 α
363 963 567 1039 orthodoxos,
583 964 637 1038 ait,
653 980 750 1025 uuam
763 976 938 1023 asseveme
987 964 1194 1043 compositum
1213 980 1251 1025 ex
1276 963 1395 1024 duabus
1416 978 1482 1025 esso
1501 964 1622 1025 naturis
1643 963 1756 1025 diserte

161 1056 275 1119 Christi
301 1056 505 1135 compositum
529 1054 743 1135 hypostosim‘
757 1072 797 1116 :o
822 1055 938 1134 dequo
986 1056 1173 1135 significant.
1198 1056 1331 1136 Gyrillus
1349 1056 1383 1117 in
1402 1056 1482 1117 libro
1495 1054 1531 1117 de
1548 1063 1629 1117 recto
1641 1052 1700 1137 fide
1714 1053 1755 1116 ud

161 1162 270 1212 rursus
282 1162 412 1227 agemus
435 1151 550 1227 postea.
988 1149 1180 1211 Theodosium
1196 1149 1422 1229 Imperatorem
1441 1148 1669 1209 «Mediatorem
1688 1146 1754 1224 Dei,

202 1240 323 1303 Psellus
342 1256 469 1319 quoque
488 1238 523 1298 in
544 1237 683 1301 Politiris
708 1236 838 1299 uersibus
858 1237 939 1299 hanc
987 1242 1214 1321 hominumque
1226 1241 1301 1302 dicit
1311 1241 1641 1320 compositumcsseax
1649 1239 1759 1300 huma-

161 1350 248 1395 osseo
259 1332 335 1393 fidei
349 1330 563 1392 definitionem
574 1331 692 1404 emerit,
703 1330 939 1391 utunudiastur
987 1334 1085 1395 nitate
1103 1339 1220 1410 nostra,
1236 1333 1407 1394 secundum
1429 1333 1588 1412 propriam
1605 1333 1757 1396 rationem

161 1442 199 1487 ex
225 1424 351 1485 duabus
378 1441 443 1484 esse
470 1422 590 1484 namins
616 1422 791 1502 hypostasis
811 1440 937 1501 compo·
987 1426 1131 1506 perfectu,
1154 1431 1186 1486 et
1205 1443 1244 1487 ex
1258 1443 1305 1498 ao,
1322 1425 1375 1503 qui
1390 1442 1427 1485 ex
1445 1426 1510 1485 Deo
1525 1425 1617 1485 Patre
1629 1426 1754 1504 prodiit,

162 1514 254 1579 stat.
269 1519 361 1578 itaet
376 1515 628 1595 'theophylactus
649 1515 688 1575 ud
706 1518 799 1594 ceput
812 1515 939 1576 tertium
988 1519 1160 1580 secundum
1172 1523 1319 1578 naturam
1335 1516 1429 1592 filius,
1448 1518 1507 1577 hoc
1529 1518 1574 1577 est
1590 1530 1629 1577 ex
1644 1517 1758 1597 Unige-

162 1609 307 1685 Joamiis‚
325 1608 452 1687 ejusque
473 1624 597 1669 comma
610 1606 916 1667 decimum-tertium.
988 1610 1082 1671 nitor.
1100 1630 1116 1668 ν
1134 1611 1209 1683 Qum
1220 1610 1351 1670 totidem
1363 1609 1467 1671 uerbis
1483 1609 1631 1688 leguntur
1643 1606 1758 1670 iuDie-

202 1701 322 1763 Εοθοω
341 1702 461 1777 spectat
481 1704 513 1761 et
534 1699 619 1779 quod
644 1698 836 1777 Augustinus
857 1698 900 1759 eit
915 1697 938 1775 ¹,
988 1700 1104 1781 logode
1117 1700 1332 1763 Iacumotiooe.
1345 1700 1426 1763 Hinc
1439 1701 1525 1762 enim
1539 1716 1666 1780 prorsus
1676 1701 1760 1763 idem

167 1808 362 1874 «perronem
372 1792 486 1854 Christi
497 1791 661 1854 misturam
673 1806 739 1852 esse
751 1790 897 1860 homnis,
910 1795 940 1852 et
989 1800 1036 1856 est
1048 1810 1121 1855 cum
1142 1793 1373 1873 Prosphonetico
1387 1794 1425 1853 ad
1439 1792 1659 1853 Theodosium

166 1886 263 1948 licitu
1029 1886 1197 1966 Dionysius
1206 1883 1454 1947 librodediuiats
1466 1884 1646 1961 nominihus,
1661 1885 1762 1963 capite

205 1977 333 2040 herodii
342 1982 373 2038 et
382 1977 491 2057 quinto
504 1975 642 2055 synodus
655 1973 858 2051 (eromenion,
870 1992 940 2054 qum
990 1980 1104 2060 primo,
1130 1998 1145 2036 ι
1164 1979 1277 2050 Deum,
1299 1976 1416 2052 scribit,
1441 1987 1513 2037 aum
1534 1976 1648 2037 nostris
1669 1976 1763 2037 rebus

166 2072 200 2131 in
211 2087 343 2144 canone,
360 2069 425 2130 sive
437 2068 696 2130 anathematismo
705 2079 829 2145 quarto,
845 2066 942 2127 cuni·
990 2088 1075 2144 vere‚
1088 2075 1120 2131 et
1131 2088 1170 2130 ex
1183 2074 1248 2130 toto
1258 2069 1501 2129 communicasse
1513 2067 1547 2128 in
1557 2084 1621 2127 unu
1634 2084 1762 2128 suarum

165 2162 287 2223 donem
305 2161 435 2239 neganti
448 2160 545 2221 Verbi
560 2177 634 2220 oum
654 2159 793 2219 humans
815 2163 938 2235 natura,
990 2162 1208 2241 hypostaseon,
1232 2165 1431 2222 revocantem
1456 2160 1496 2220 ad
1518 2174 1596 2235 sese,
1618 2159 1761 2220 adaden-

168 2252 342 2315 meuudum
355 2252 621 2332 compositionem,
637 2251 697 2311 hoo
710 2258 756 2312 est
770 2251 941 2312 secundum
990 2260 1116 2332 temque
1143 2254 1317 2314 humanum
1343 2242 1571 2314 extremitatem
1589 2270 1597 2311 ε
1624 2268 1664 2312 ex
1686 2269 1759 2331 qua,

170 2345 386 2425 hypostasim,
401 2345 588 2405 »anathema
600 2343 684 2416 dicit,
694 2360 824 2422 eamque
833 2354 941 2404 vocem
989 2345 1200 2425 inexplicabili
1208 2346 1313 2418 modo,
1325 2344 1457 2425 simplex
1470 2345 1487 2405 J
1489 2360 1560 2404 esus
1573 2344 1763 2422 compositus

53 2473 114 2514 Μ,
171 2437 286 2517 soepiufl
301 2436 431 2517 repetit,
446 2446 532 2507 θνωσις
545 2444 609 2497 κατὰ
620 2443 728 2497 σόνθεσιν
741 2476 748 2495 .
762 2436 845 2513 Ergo
859 2436 942 2496 idem
991 2444 1102 2500 wiht

24 2526 138 2630 m
168 2532 216 2590 est
231 2528 414 2609 compositio
428 2528 491 2604 illa,
506 2544 577 2608 quse
589 2527 626 2589 lit
638 2545 678 2589 cx
689 2527 807 2588 naturis
820 2528 942 2588 duabus
1033 2531 1228 2593 lastinianus
1247 2529 1418 2610 imperator
1440 2528 1475 2589 in
1497 2526 1680 2607 Proscsohue
1691 2525 1765 2608 fidei

59 2641 109 2674 να
168 2622 413 2701 cumhypostosi
430 2620 555 2682 Christi.
991 2628 1098 2686 contro
1122 2623 1183 2684 tria
1205 2622 1349 2702 capitula,
1371 2639 1443 2700 quae
1459 2620 1494 2681 in
1514 2620 1634 2700 synodo
1655 2619 1763 2699 quinta

208 2713 448 2793 Adstipuleutur
463 2719 494 2773 et
514 2713 560 2773 illi
580 2713 699 2788 Patres,
716 2711 770 2790 qui
781 2728 871 2773 unam
882 2710 942 2793 ty·
991 2716 1177 2792 oonlinatnr,
1194 2713 1380 2775 aGhristum
1394 2730 1495 2774 imum
1511 2730 1550 2773 ex
1562 2717 1694 2790 utraque
1707 2728 1762 2771 na-

163 2804 311 2886 postaeim
334 2798 521 2866 r‘r'tromatom
546 2822 611 2866 esse
631 2804 787 2865 Christum
809 2804 939 2865 docent:
992 2801 1760 2885 turmdirinaethumuna,oompositumvooatha

167 2897 342 2978 dequibus
354 2902 472 2977 postea.
492 2898 571 2958 Nam
590 2897 764 2977 hypostasis
785 2896 943 2957 incarnata
991 2900 1133 2980 Etpsulo
1146 2903 1234 2978 post:
1253 2897 1487 2976 «dompositum
1498 2893 1656 2957 Christum
1668 2893 1762 2972 proii-

168 2990 281 3068 utique
292 2989 441 3066 dimnam,
457 2994 488 3050 et
506 2991 678 3050 humanam
697 2994 844 3049 naturam
857 3005 941 3049 com·
991 3000 1107 3065 tumor,
1119 2996 1298 3053 sanctorum
1315 2989 1445 3049 Petrum
1462 2987 1635 3066 docuinam
1653 2984 1762 3047 secuti.

170 3081 328 3162 plectitur.
994 3083 1156 3164 Siquidem
1168 3083 1201 3143 in
1211 3081 1326 3143 Christi
1335 3078 1601 3161 mysteriounitio‚
1613 3077 1678 3153 illa,
1692 3094 1764 3157 quse

208 3173 258 3235 Ad
271 3173 330 3234 hos
341 3172 562 3234 adscribendus
575 3179 621 3235 est
634 3172 799 3250 Gregorius
812 3172 941 3233 Nazlau-
992 3176 1215 3257 compositione
1228 3174 1275 3250 fit,
1292 3174 1516 3246 confessionem,
1534 3176 1566 3232 et
1579 3169 1765 3232 dimdonem

168 3282 275 3341 renus,
304 3263 381 3326 dum
403 3266 447 3326 ito
466 3266 581 3339 scribit,
601 3286 614 3322 ι
632 3265 692 3339 Qui
715 3264 770 3326 abs
794 3271 824 3327 te
848 3264 942 3326 modo
992 3266 1284 3340 exclamationis
1309 3264 1477 3326 iustiniani
1499 3262 1596 3324 verba
1616 3274 1765 3340 magnam

167 3357 400 3430 contemnitur,
426 3356 594 3437 aliquando
614 3375 708 3437 supro
732 3363 763 3418 te
786 3357 857 3418 init.
882 3358 943 3431 Qui
992 3360 1084 3422 nobis
1110 3358 1237 3419 testium
1264 3358 1384 3435 mptum
1412 3354 1628 3435 suppeditant,
1653 3364 1764 3413 eorum

169 3466 255 3511 nunc
267 3446 364 3510 homo
378 3454 435 3523 est,
451 3448 682 3530 compositionis
693 3464 803 3529 expers
812 3447 939 3511 emtas
991 3451 1134 3513 videlicet
1146 3447 1321 3524 omnium'‚
1336 3448 1393 3527 qui¹
1405 3447 1580 3508 unitionem
1588 3445 1686 3519 illam,
1702 3464 1765 3525 qua

169 3542 348 3603 cumcuim
362 3540 567 3620 sicloquitun
582 3541 670 3617 huno,
691 3542 747 3621 qui
766 3540 849 3602 tomo
866 3558 944 3602 runc
993 3545 1064 3605 duae
1080 3551 1201 3603 naturae
1215 3541 1414 3620 copulantur,
1429 3548 1537 3602 matam
1551 3539 1611 3599 hoo
1629 3541 1675 3600 est
1686 3555 1764 3598 rom·

168 3643 222 3706 ert,
252 3638 338 3694 notra
365 3648 423 3694 noo
446 3633 540 3714 (trisse
562 3633 762 3714 compositum,
792 3632 943 3712 signifieat
989 3632 1346 3718 positioncmappellant,
1362 3637 1417 3693 ant
1430 3631 1577 3693 affinibus
1595 3631 1763 3708 vocubulis,

170 3726 318 3787 eumdem
339 3725 433 3785 modo
456 3742 521 3786 esse
548 3725 757 3804 compositum
780 3740 819 3786 ex
839 3725 944 3786 divina
992 3729 1032 3789 de
1055 3727 1168 3806 quibus
1187 3725 1305 3787 dictum
1325 3730 1374 3786 est
1392 3742 1496 3804 supra.
1518 3725 1561 3785 Ao
1579 3738 1652 3784 cum
1665 3722 1764 3783 unitio

167 3818 370 3896 humanaque
383 3822 507 3879 neturus
525 3819 562 3878 ln
573 3818 647 3877 actis
657 3816 817 3896 Ephesium
831 3818 944 3897 synodi
992 3818 1046 3880 illo
1072 3817 1258 3901 hypostatica
1286 3817 1346 3893 sit3
1376 3832 1503 3896 prorsus
1529 3815 1585 3893 qui
1609 3813 1762 3890 eumdem,

168 4010 312 4081 όποσιθστι,
329 4012 386 4084 μίαν
409 4011 544 4066 θπόστασιν
568 4010 680 4066 σύνθετον
704 4010 818 4084 ἔχουσαι.
834 4011 903 4069 Vide
915 4017 944 4067 et
992 4010 1171 4083 θρώπων,κατθ
1184 4012 1228 4074 τὰς
1239 4012 1331 4084 γραρθς
1344 4011 1482 4083 συγκεῖσθαι
1492 4010 1571 4082 φάμεν
1586 4007 1698 4075 όιιτττῆς
1710 4008 1766 4061 καθ’

168 4112 231 4169 cup.
247 4112 265 4153 v
280 4102 309 4152 ot
324 4110 373 4151 ιἰι.
991 4094 1056 4166 ἡμεῖς
1069 4094 1360 4166 όνθρωπότητοςτελιόως
1370 4090 1666 4167 ἐγγοόσηςεατὰτθνθδιον
1676 4092 1763 4163 λόγον,

206 4197 227 4236 a
240 4181 348 4236 Τιιιοιι.
364 4180 446 4235 Δανα.
462 4192 591 4249 opusc-11
607 4180 675 4234 tom.
691 4177 714 4231 ll
725 4176 800 4233 Bitt.
821 4174 863 4238 Ὧς
873 4176 944 4248 ἡμεῖς
992 4179 1033 4231 καὶ
1048 4175 1074 4231 ἐκ
1088 4181 1132 4232 τοῦ
1150 4180 1287 4251 πεφηνότος
1306 4177 1332 4232 ἐκ
1344 4179 1399 4232 θεοῦ
1413 4176 1477 4232 κστθ
1490 4176 1561 4248 ρόσιν
1575 4173 1641 4242 υἱοῦ,
1654 4175 1765 4230 τουτόατι

170 4263 194 4318 οἱ
204 4261 332 4335 όρθόῦοξοι
344 4262 386 4316 τόν
400 4261 506 4334 Χριστόν
524 4261 581 4333 μίαν
600 4253 663 4315 εἶναι
682 4260 795 4315 σύνθετον
810 4259 943 4317 ὑπόστασιν
992 4264 1037 4315 τοῦ
1049 4265 1207 4334 μονογενοῦς.

170 4348 297 4419 hirenes·
1029 4346 1146 4416 phion.
1171 4361 1231 4416 cap.
1255 4361 1264 4400 1
1288 4344 1325 4401 de
1352 4347 1418 4400 Dio.
1443 4359 1520 4399 nmo.
1541 4341 1719 4413 Φιλάνθρωπον
1739 4340 1766 4394 ot

114 4478 134 4497 ,
206 4430 223 4487 b
242 4429 373 4485 Potitus.
388 4428 437 4482 Ἐκ
449 4427 475 4481 δὲ
484 4433 533 4482 τῶν
542 4427 585 4480 tto
594 4426 688 4499 φύσεων
698 4427 756 4498 μίαν
765 4425 943 4491 ἀποτελεῖσθαι,
994 4429 1167 4500 διαφερόντως,
1190 4429 1228 4481 ότι
1240 4430 1291 4489 τοῖς
1315 4426 1370 4481 καθ’
1383 4424 1447 4498 ἡμᾶς
1467 4426 1528 4498 πρὸς
1549 4423 1662 4495 ἀλήθειαν
1677 4423 1766 4485 όλικῶς

367 4512 483 4565 Σόνθετον
492 4510 535 4580 τὴν
543 4509 759 4566 tatarum-otro
765 4510 868 4572 πίστεως
876 4512 942 4583 ὅρος.
995 4507 1019 4564 ἐν
1032 4513 1076 4582 μιᾷ
1084 4516 1134 4564 τῶν
1148 4510 1221 4578 αότῆς
1230 4508 1388 4564 θποστάσεων
1399 4507 1567 4575 ἐκοινώνησεν,
1583 4506 1767 4579 ἀνακαλουμένη

206 4598 310 4666 csyn.
327 4595 460 4658 fficollal.
474 4597 500 4650 8.
525 4582 594 4646 ’Ait’
606 4592 655 4665 οὔχ
668 4592 790 4664 ὁμολογεῖ
801 4592 844 4659 τὴν
858 4592 944 4646 ἕνωσιν
994 4594 1054 4665 πρθς
1066 4592 1163 4661 ἑαυτὴν,
1178 4592 1218 4646 καλ
1238 4592 1378 4646 dissaisiret
1398 4591 1441 4660 τὴν
1466 4588 1617 4664 ἀνθρωπίνην
1638 4588 1766 4664 ἐσχατιάν·

172 4684 215 4733 τοῦ
229 4680 286 4733 θεοῦ
300 4678 377 4749 λόγου
391 4678 451 4750 πρθς
470 4678 548 4748 σάρκα
571 4675 747 4749 ἔρψιχωμόνην
761 4675 827 4748 ψυχῇ
846 4676 944 4748 λογικῇ,
996 4676 1019 4739 ἐξ
1032 4674 1061 4746 ἧς
1074 4676 1184 4748 ἀῤῥητως
1198 4681 1212 4729 ὁ
1227 4676 1319 4738 ἁπλοῦς
1338 4676 1436 4744 Ἰησοῦς
1451 4676 1574 4743 συνετέθη.

171 4764 210 4816 καὶ
224 4764 303 4834 νοερᾷ
314 4760 378 4815 κατὰ
395 4760 515 4825 σόνθεσιν,
539 4760 614 4830 ἤγουν
630 4756 684 4811 καθ’
697 4758 842 4824 θπόατασιν,
861 4774 944 4831 γεγεν-
1031 4759 1174 4815 diuortii.
1203 4759 1233 4814 in
1257 4766 1324 4815 tom·
1350 4760 1372 4814 ll
1397 4760 1479 4814 Gonu.
1506 4754 1579 4812 Ὅθεν
1603 4755 1627 4819 ἔξ
1654 4755 1767 4828 θκατέρας

172 4847 268 4913 νῆσθαι.
995 4843 1098 4915 ρόσεως,
1124 4843 1248 4897 τουτέστιν
1274 4840 1300 4895 ἔκ
1322 4843 1438 4910 θεότητος
1458 4841 1500 4894 ’καὶ
1513 4841 1709 4913 θνθρωπότητυς,
1724 4840 1767 4892 θνα

207 4928 231 4984 d
250 4927 378 4983 Nititur.
402 4929 471 4981 oreis
487 4936 569 4981 xxxv.
590 4920 667 4987 θθτος
679 4925 750 4996 γθρό
766 4929 809 4978 νῦν
820 4940 860 4978 σαι
872 4940 947 4980 κατα·
995 4927 1102 4999 Χριστόν
1112 4926 1224 4981 σύνθετον
1233 4926 1355 4998 λέγοντες.

174 5007 390 5083 ρρονοόρενοςῆν,
405 5011 446 5063 hm
460 5009 502 5061 καλ
514 5008 575 5080 oso
588 5025 616 5062 σε
625 5002 665 5078 ἢν·
680 5009 748 5061 όνῦν
762 5002 896 5079 ἅνθρωπος,
907 5009 947 5063 καὶ
1032 5015 1044 5066 i
1061 5009 1130 5066 ibid.
1151 5009 1266 5064 historus
1280 5008 1307 5062 ot
1318 5008 1360 5062 τόν
1376 5006 1484 5080 Χριστόν
1495 5004 1707 5080 όμολαγοῦμιντῇ
1715 5010 1764 5059 τῶν

175 5089 369 5159 Μετῦςθθῗ
997 5094 1074 5166 θγόων
1093 5094 1204 5165 πατέρων
1220 5093 1409 5154 ἀκολουθοῦντες
1426 5091 1580 5162 διδασκαλίᾳ.
1596 5088 1636 5142 lttl
1657 5087 1705 5161 γὰρ
1721 5094 1764 5141 τοῦ

211 5178 317 5231 eloh*
339 5173 368 5230 θ,
383 5182 445 5244 syri.
464 5172 511 5229 Gr.
527 5175 631 5231 adom.
648 5174 731 5231 editas
753 5175 802 5229 Ἓν
816 5176 947 5248 πρόσωπον
997 5177 1060 5231 κατὰ
1080 5174 1187 5248 Χριστόν
1209 5177 1341 5248 μυστηρίου
1361 5172 1378 5242 ἢ
1398 5175 1462 5228 κατὰ
1484 5173 1592 5227 σόνθισιν
1618 5170 1703 5233 Ινοισις
1723 5169 1766 5236 τὴν

178 5256 291 5311 donov
341 5257 454 5324 θεότητος
468 5246 581 5329 utpotae
594 5258 635 5310 κοιλ
649 5256 800 5330 ἀνθρωπείας
813 5258 911 5329 σαρκός.
998 5262 1125 5334 σύγχυσιν,
1139 5261 1180 5313 καὶ
1194 5260 1310 5332 διαθρεσιν
1325 5258 1504 5325 exstitisses.
1673 5271 1678 5281 ·

215 5339 236 5415 s
250 5341 318 5395 Cre.
334 5341 367 5395 io
375 5338 452 5410 Epic.
468 5348 531 5410 syo.
550 5340 599 5393 Τόν
613 5336 670 5393 θεοῦ
682 5342 835 5412 protrusus„
850 5340 892 5393 uri
907 5334 949 5392 dv-

208 5507 218 5549 l
234 5507 273 5563 Ep.
286 5506 374 5553 rie-i
385 5507 439 5553 lide
452 5520 472 5553 σ.
486 5519 502 5559 ι,
512 5519 529 5551 ιι
543 5512 564 5553 ct
575 5519 622 5564 seq.
