3994 6164
507 299 557 360 oa
576 294 885 376 morasmoras,
906 297 979 359 nra.
1004 298 1028 375 ι,
1050 295 1134 360 cnr.
1157 299 1227 360 vn.
1599 298 1653 359 aar

93 468 160 532 illud
183 480 271 529 suum
295 465 419 547 publiea
450 465 625 527 revocando
652 464 840 544 corrigeret,
893 462 960 544 ipsa
974 465 1115 544 genitum
1129 481 1206 542 esse,
1223 480 1379 545 nusquam
1394 464 1519 526 edoctus
1532 464 1656 529 sumto

93 560 563 642 eoquehctoinvidiamcmnem,
579 558 844 637 offensionemque
897 559 939 619 lta
953 558 1110 619 Christum
1124 557 1157 618 in
1175 557 1253 620 duos
1266 557 1421 619 dividebat
1434 558 1525 635 filios,
1545 579 1581 621 ac
1590 560 1661 621 toti-

92 651 726 734 tolleratQuamepistolaaioannispartcm
735 650 845 711 Latine
894 650 965 713 dem
979 651 1056 713 adeo
1076 669 1233 733 personas,
1254 658 1285 713 et
1308 651 1508 732 hypostases3
1539 652 1663 715 mmetsi

92 747 229 809 redditam
255 747 376 808 decimo
403 762 460 806 suo
479 744 558 805 libro
576 744 739 805 Facundus
764 742 844 803 Her·
893 744 952 805 hoe
965 743 1064 806 videri
1081 744 1182 806 facere
1202 744 1311 818 nollet,
1331 764 1465 826 quorum
1480 764 1561 807 unus
1579 748 1664 808 Deus

92 837 411 901 ntumsistnrexuitt
426 835 846 912 ilincveroconatat,Nest0·
894 841 991 915 asset,
1017 844 1047 899 et
1074 854 1113 899 cx
1140 840 1202 900 Deo
1225 839 1368 919 genitus,
1396 838 1474 900 altar
1502 836 1597 900 homo
1625 858 1664 901 cx

92 935 163 996 rium
176 933 336 995 Theodoro
347 932 563 1013 Mopsuesteno
574 929 612 991 de
627 928 740 991 divinis
753 926 847 990 rebus
893 929 1031 1008 homine,
1048 930 1080 992 id
1090 936 1135 992 est
1142 930 1271 1011 Virgine
1285 938 1384 993 matre
1394 938 1575 1013 prognatus,
1590 953 1665 1014 quo

94 1027 384 1109 dispmtiopcram
397 1024 526 1101 dedisse,
542 1020 717 1102 cujusmodi
729 1020 847 1101 Grego·
895 1024 1665 1106 cumDeusnonsuhstantivaveraqueunionecon-

95 1120 331 1183 nohanlnnzano
353 1117 561 1198 Hieronymus
579 1114 732 1177 adhibuit.
754 1114 794 1194 dc
808 1113 847 1176 de
892 1116 1663 1202 iunctusessetineamdempersonamoedogaaxp,

95 1213 240 1276 theodoro
253 1211 431 1293 paulopost
444 1210 600 1290 agendum
621 1208 679 1270 erit
691 1207 846 1288 pluribus.
895 1211 981 1272 idest
992 1204 1183 1278 habitudinis,
1193 1215 1224 1272 et
1234 1216 1362 1272 esterna
1374 1210 1580 1291 copulatione,
1595 1230 1666 1292 quae

96 1307 171 1368 liuns
181 1306 257 1368 illud
269 1303 527 1385 exsuperioribus
540 1301 723 1381 colligimus,
735 1301 847 1362 Nesto-
896 1316 1065 1365 nonunum
1073 1302 1208 1383 aliquem
1223 1322 1261 1364 ex
1270 1303 1420 1365 ambabus
1433 1304 1552 1366 naturis
1565 1304 1665 1366 effice·

95 1397 166 1461 rium
186 1399 226 1461 ab
249 1396 415 1459 Theodoro
439 1395 499 1459 istc
525 1412 653 1476 pravam
676 1394 715 1455 de
737 1391 849 1455 Christi
896 1395 1394 1476 ret,propriequedictumfilium,
1407 1399 1459 1458 sed
1473 1397 1668 1459 duosrevera

96 1493 295 1554 hcamatione
308 1487 494 1552 sententiam
509 1486 703 1567 expressisse.
898 1488 964 1551 solo
985 1487 1066 1549 inter
1089 1506 1121 1549 se
1139 1488 1311 1568 dignitatis,
1326 1493 1358 1550 et
1375 1486 1501 1565 amoris,
1522 1509 1558 1552 ac
1572 1491 1668 1553 benc·

127 1585 187 1652 Qua
211 1584 253 1646 de
276 1600 370 1646 causa
396 1579 548 1643 Theodori
573 1579 667 1654 filius,
695 1592 731 1639 ac
759 1574 848 1640 Pauli
896 1580 1051 1655 volentia,
1064 1580 1666 1664 valtvepqatar,idcatesficieotioevinculo,

98 1677 280 1742 Samosatam
304 1690 447 1756 neposa
476 1670 638 1734 Theodoro
667 1666 849 1753 presbytero
898 1692 1043 1754 nexuque
1066 1674 1213 1751 sociatos3
1239 1674 1503 1754 quemadmodum
1527 1694 1668 1737 commu-

97 1771 260 1835 liaitbuensi
286 1768 469 1831 nominatur
491 1766 526 1827 in
543 1763 696 1827 libello'dc
707 1763 851 1826 Incurua—
899 1785 954 1830 nes
970 1766 1129 1851 homines,
1151 1767 1175 1828 si
1191 1766 1280 1845 justi,
1299 1785 1335 1829 ac
1349 1769 1447 1829 sancti
1470 1773 1553 1845 sunt,
1567 1786 1669 1830 unum

97 1865 179 1941 θἀννες
204 1864 295 1943 eujus
318 1859 414 1923 verba
438 1860 472 1920 in
500 1858 721 1920 dictionarium
756 1874 850 1920 suum
899 1879 969 1923 cum
992 1860 1058 1922 Deo
1076 1879 1141 1922 esse
1154 1860 1313 1938 dicuntur,
1326 1860 1388 1921 nisi
1406 1862 1489 1941 quod
1508 1880 1667 1941 praeroga-

97 1956 238 2019 transtulit
248 1955 392 2017 Suidast.
407 1952 523 2013 Eadem
538 1966 609 2013 vero
619 1951 662 2012 sic
675 1950 709 2011 in
722 1947 851 2012 Annali·
899 1954 963 2015 tiva
975 1954 1110 2034 quadam
1123 1953 1302 2022 sanctitatis,
1319 1959 1351 2015 et
1362 1951 1466 2027 officii,
1482 1953 1623 2015 Christus
1634 1955 1669 2016 in

98 2049 271 2131 heswepta
284 2050 367 2122 sunt,
383 2050 583 2125 tanquamex
603 2041 694 2104 Pauli
710 2043 850 2104 Samosa·
900 2048 1010 2109 eodem
1036 2065 1149 2127 genere
1177 2045 1405 2126 conjunctionis
1431 2045 1523 2108 altius
1550 2047 1669 2109 caeteris

97 2145 153 2205 teni
163 2142 266 2224 stirpe,
283 2141 412 2221 eiusque
426 2154 523 2219 nepos
534 2137 628 2199 foisse
642 2136 761 2197 dicatur
773 2134 850 2197 Nes·
901 2138 1049 2201 ascendit.

98 2237 195 2298 torius.
218 2234 305 2309 Quod
330 2232 430 2295 nihilo
458 2233 539 2292 certe
562 2230 661 2310 magis
686 2228 849 2309 procedit,
942 2232 1021 2293 ilinc
1038 2240 1162 2309 νεοτόκον,
1183 2231 1243 2293 hoc
1256 2236 1302 2294 est
1321 2229 1494 2313 Derporam,
1511 2231 1670 2312 appellan—
1704 2227 1832 2335 lgm·

98 2324 389 2408 quamutl'heodori
403 2341 526 2404 quoque
540 2322 849 2403 Mopsuestenifilius,
903 2324 976 2387 dam
999 2342 1065 2385 asse
1092 2324 1318 2386 sanctissimam
1343 2324 1503 2403 Virginem
1529 2324 1672 2405 impurus
1704 2334 1828 2390 summm.

99 2422 242 2483 hcceueo
251 2425 338 2501 patre
346 2417 471 2498 genitus
478 2414 585 2477 iisdem
597 2432 635 2476 cx
644 2414 745 2477 verbis
758 2412 852 2476 tuisse
902 2418 998 2479 homo
1012 2416 1155 2495 negabat,
1172 2436 1290 2499 proque
1302 2417 1432 2477 nominc
1445 2416 1515 2494 isto,
1527 2427 1669 2499 χριστόααν,

99 2515 239 2577 credatur.
262 2515 370 2592 ltaque
391 2528 456 2572 non
477 2508 662 2590 geneciaco
681 2507 850 2589 sanguinis,
886 2506 963 2571 noe
981 2514 1027 2571 est
1051 2507 1272 2590 Cirr‘stiporom
1302 2511 1446 2590 usurpari
1471 2509 1604 2572 volebat.
1628 2511 1673 2572 Ac

99 2606 307 2682 addocffinae,
319 2605 495 2683 errorisque
507 2603 649 2682 cognatio
657 2602 785 2663 vocibus
793 2602 854 2667 illis
904 2608 1049 2683 proptera
1066 2606 1151 2663 totus
1164 2602 1247 2664 illius
1259 2601 1346 2665 luror
1361 2602 1396 2663 in
1421 2620 1501 2679 eam,
1518 2605 1544 2663 si
1558 2608 1670 2683 posset,

100 2699 281 2781 exprimitur,
296 2697 427 2758 ntidem
437 2696 475 2756 sit
492 2696 576 2775 qaod
592 2682 709 2775 μαθητὴς,
725 2693 810 2777 fitius
824 2700 855 2755 et
905 2695 1091 2758 eradendam
1102 2694 1245 2757 voculam
1255 2713 1420 2757 conversus
1428 2701 1484 2771 ast,
1496 2712 1590 2774 quam
1604 2695 1674 2756 illu·

100 2811 181 2874 nepos,
211 2792 320 2873 μαθητοῦ
337 2798 458 2871 μαθητής.
477 2787 527 2850 Sic
546 2787 672 2849 Diodori
697 2787 855 2849 Tarsensis
904 2787 1143 2864 deralacerara,
1154 2807 1189 2849 ae
1196 2786 1385 2868 proscribere
1394 2778 1558 2868 nunquam
1571 2787 1671 2849 desiit.

10 2880 74 2939 ffl-
100 2884 193 2946 adem
215 2901 288 2945 cum
313 2880 477 2943 Theodoro
491 2880 601 2942 haeresi
621 2880 720 2940 notati
749 2886 857 2961 μαθητὴς
904 2882 952 2943 Ab
966 2881 1025 2942 hac
1040 2878 1135 2960 igitur
1152 2878 1341 2956 insectanda,
1362 2885 1393 2940 ct
1410 2879 1585 2940 damnanda
1603 2879 1673 2939 Vir-

101 2977 150 3038 luit
163 2976 332 3051 Nestorius,
352 2974 391 3034 de
409 2992 483 3052 quo,
498 2979 535 3033 ut
553 2979 585 3034 et
597 2973 771 3046 Theodoro,
784 2990 856 3054 pos·
905 2972 986 3056 ginis
1014 2972 1238 3054 appellatione,
1271 2970 1371 3054 prima
1390 2972 1469 3033 iacta
1495 2977 1541 3032 est
1565 2972 1673 3033 netan-

101 3072 156 3142 toe3
168 3063 434 3146 quemadmodum
449 3060 584 3142 Gyrillus
602 3062 715 3143 prioris
723 3059 763 3122 ad
777 3060 855 3123 Suc·
906 3067 954 3128 dae
968 3066 1039 3128 illus
1060 3065 1185 3128 haeresis
1201 3066 1333 3146 eruptio.
1356 3064 1392 3126 Id
1414 3082 1476 3144 quc
1499 3070 1589 3144 pacto
1610 3084 1676 3144 ges·

101 3176 193 3219 cuum
210 3156 349 3237 epistolae
361 3154 451 3216 initio
463 3153 570 3216 scribit
579 3153 601 3215 ¹.
617 3152 667 3214 Sic
681 3154 715 3214 in
729 3153 858 3234 epistola
907 3164 975 3220 tum
989 3159 1038 3229 sit,
1053 3159 1185 3238 repetito
1199 3157 1385 3219 narrationis
1405 3156 1559 3218 historicas
1569 3175 1673 3233 cursu,

102 3248 136 3313 ad
148 3247 335 3313 Theodosium
350 3246 653 3329 imperatoremque
668 3247 797 3308 recitata
813 3251 859 3308 est
908 3257 1000 3331 atque
1014 3251 1122 3312 ordine
1132 3257 1302 3330 pertexam.

102 3340 258 3422 inquinta
280 3340 412 3421 synodo,
429 3338 591 3401 collatione
609 3338 660 3416 v⁸,
686 3340 859 3401 Diodorum
948 3345 985 3404 V.
1002 3343 1152 3405 Vixhene
1169 3341 1510 3421 Constantinopolitano
1523 3343 1676 3404 inthrono
1721 3339 1834 3447 “witi

103 3435 288 3508 Tuscum,
317 3439 350 3495 et
377 3433 576 3495 Theodorum
608 3432 860 3513 Mopsuestenum
909 3437 1013 3498 sedem
1027 3435 1137 3496 fixerat
1150 3435 1319 3511 Nestorius,
1330 3451 1401 3495 cum
1413 3435 1553 3495 tentandi
1566 3435 1675 3514 gratia,
1702 3445 1849 3491 αρααααααιαα

103 3534 180 3589 vocat
191 3525 329 3590 Nestorii
350 3525 512 3606 impietatis
526 3532 638 3606 potres,
655 3525 714 3586 hoc
728 3530 775 3586 cst
787 3544 859 3588 auc-
911 3528 1020 3609 ecquid
1041 3546 1132 3603 nova,
1156 3545 1250 3607 quam
1269 3534 1451 3607 conceperat
1472 3527 1588 3600 animo,
1605 3547 1677 3608 prc-
1701 3501 1849 3597 ,uffli'iiup

104 3627 193 3697 tores;
207 3621 267 3682 hos
279 3619 366 3681 enim
379 3626 485 3698 πατέρας
498 3618 597 3680 Graeci
609 3619 785 3680 nominant.
910 3622 979 3683 bari
993 3618 1027 3681 in
1037 3618 1148 3698 vulgus
1161 3625 1264 3701 posset
1280 3619 1418 3692 haeresis,
1432 3619 1536 3697 palam
1548 3639 1676 3681 ereren·
1722 3612 1827 3705 αρξξζω,

136 3714 185 3774 IV.
200 3712 298 3789 Quale
310 3730 387 3773 vero
400 3711 532 3772 Nestorii
548 3710 662 3790 dogma
675 3712 778 3787 fuerit,
797 3730 861 3772 non
912 3714 960 3776 dae
972 3713 1055 3774 illius
1069 3719 1172 3793 partes
1186 3712 1309 3779 cuidam
1323 3731 1361 3774 ex
1374 3712 1493 3773 asseclis
1508 3713 1676 3787 mandavit,

105 3807 201 3869 csthic
213 3805 390 3868 accuratius
409 3803 639 3885 explicandum,
654 3822 695 3865 ne
711 3804 862 3867 inchoatae
911 3806 1033 3868 homini
1055 3806 1200 3886 impuro,
1228 3810 1259 3866 et
1287 3805 1326 3866 ad
1353 3804 1473 3882 quidvis
1500 3804 1679 3865 audendum

103 3898 459 3976 jamhistoriaatilum,ac
472 3896 863 3977 seriemcogarinterrum-
913 3900 1060 3980 projecto.
1083 3900 1175 3960 Hunc
1189 3897 1384 3960 hneuasium
1406 3895 1498 3956 hrisse
1516 3896 1678 3977 presbyte-

106 4008 177 4070 pere.
201 3992 269 4053 Hoc
292 3992 399 4071 itaque
413 3992 447 4051 in
470 3994 563 4071 caput
589 4006 710 4051 nonum
735 3992 863 4072 rejecto,·
912 3992 1124 4053 rumafflrmat
1133 3992 1283 4066 Socrates,
1297 4007 1391 4068 quem
1401 3987 1564 4050 Antiochia
1573 4004 1680 4050 secum

106 4085 187 4146 nodo
209 4084 384 4166 perpaucis,
406 4086 438 4144 et
456 4089 609 4163 quantum
626 4084 666 4144 ad
686 4082 864 4146 historicam
913 4084 1080 4146 adductum
1094 4100 1280 4145 arcanorum
1299 4081 1451 4158 omnium,
1467 4082 1682 4144 consiliorum-

108 4176 237 4239 nctitiam
250 4178 326 4238 satis
338 4181 396 4253 sat,
406 4177 623 4256 perstringam.
914 4195 974 4257 que
1000 4176 1128 4253 socium,
1153 4194 1189 4237 ac
1208 4174 1389 4255 participem
1418 4173 1594 4235 adhibebat.
1624 4174 1682 4234 Hic

18 4262 69 4331 ¹¹¹⁸!
142 4269 251 4332 lilium
262 4270 320 4331 Dei
331 4268 491 4331 Nestorius
499 4268 633 4348 negabat
644 4286 752 4331 revera
763 4268 864 4331 incar·
914 4269 997 4331 inter
1010 4286 1094 4331 sacre
1112 4284 1288 4331 sermonem
1309 4265 1348 4327 ad
1363 4267 1515 4347 populum
1536 4266 1574 4326 de
1596 4284 1682 4327 more

10 4324 91 4416 ἰ’-ι’
109 4366 217 4437 ustum,
233 4368 264 4425 et
286 4358 449 4423 hominem
470 4360 597 4437 iactum,
625 4361 689 4423 sive
710 4380 749 4423 ex
769 4361 866 4425 Maria
914 4360 1029 4424 iaciens
1049 4379 1153 4423 coram
1170 4360 1302 4442 praesule
1322 4359 1474 4433 Nestorio,
1494 4359 1681 4420 conscelera-

11 4427 76 4479 ’Μ
110 4449 222 4535 Virgine
271 4454 444 4517 secundum
477 4471 603 4516 carnem
633 4455 796 4534 genitum,
831 4474 867 4517 ae
914 4458 980 4515 tam
990 4455 1071 4515 hanc
1090 4471 1198 4515 vocem
1215 4452 1359 4514 audacter
1371 4451 1519 4534 protulit3
1542 4472 1557 4510 a
1572 4452 1682 4532 Ileipa-

110 4550 215 4606 ntum.
245 4543 357 4605 Sedex
370 4562 408 4605 ea
424 4544 607 4624 processisse
626 4544 728 4606 solum
747 4560 866 4605 asscre-
915 4564 985 4607 ram
1010 4547 1145 4608 Mariam
1167 4544 1272 4607 nullus
1298 4544 1449 4605 nominet.
1479 4544 1558 4607 Nam
1585 4544 1685 4607 Maria

110 4629 164 4696 bat.
192 4658 208 4696 ε
240 4637 294 4699 Sic
319 4636 405 4699 enim
428 4636 549 4699 locutus
570 4640 626 4710 est,
649 4636 692 4697 ait
711 4635 865 4718 cyrillus:
916 4640 1012 4701 homo
1035 4645 1120 4700 erat:
1145 4637 1333 4719 impossihile
1354 4638 1400 4700 esi
1422 4643 1528 4699 autem
1541 4638 1684 4700 uthomc

112 4724 250 4791 humer
264 4728 455 4810 christipara
477 4728 606 4805 Virgine
619 4729 813 4810 processisse,
829 4747 868 4791 ex
919 4731 1170 4809 Deumpariatta
1184 4729 1684 4793 Socratisdehnastasionarratio-

113 4820 194 4883 acris
204 4821 315 4885 litteris
327 4839 398 4884 sum
409 4822 552 4884 edoctus:
572 4824 610 4884 lt
627 4840 702 4884 vero
716 4824 815 4885 Deum
830 4840 868 4883 ex
917 4841 992 4885 nem
1005 4822 1100 4885 sccmi
1114 4828 1187 4884 sunt
1198 4823 1358 4902 Euagrius,
1370 4823 1542 4901 Liberatus,
1556 4827 1587 4884 et
1600 4823 1687 4885 Nice·

145 5008 164 5053 o
180 4999 284 5058 Tuben.
300 5000 399 5059 Rura.
417 5000 524 5057 comit
539 5000 617 5057 mit.
634 5003 691 5057 PP.
706 4998 762 5066 Υθδς
778 5000 826 5074 γὰρ
840 4996 870 5071 ἦν
919 4998 1039 5075 παρθένου
1052 5000 1119 5075 παρὰ
1133 5004 1175 5070 τῆς
1184 4998 1247 5065 tator
1261 4998 1388 5075 ἐδιδάχθην
1402 5004 1505 5073 γραφῆς·
1520 5000 1549 5057 τὸ
1562 5001 1592 5055 δδ
1603 5019 1687 5075 ptusq-

117 5086 154 5134 Μ
166 5078 267 5151 huam,
281 5090 327 5140 coti
340 5084 367 5138 dl
378 5084 550 5158 Σαρωσαείως
561 5084 692 5158 ἂρόγανος.
920 5085 989 5153 θῆναι
999 5084 1052 5138 θεδν
1067 5083 1091 5147 ἐξ
1101 5083 1176 5152 αὐτῆς
1185 5085 1293 5157 οὐδαμοῦ
1305 5081 1443 5157 ἐδιδάχθην.

148 5163 164 5219 δ
180 5167 242 5225 Cn.
255 5170 287 5227 in
301 5184 345 5242 ep.
368 5168 412 5225 cal
425 5171 515 5226 Aaou.
533 5173 600 5226 torn.
619 5169 652 5235 V,
674 5184 732 5240 par.
750 5168 785 5225 ll.
798 5165 871 5241 ’Ἔρη
957 5184 971 5223 c
989 5169 1069 5224 Soca.
1080 5168 1127 5224 lih.
1146 5168 1204 5238 Vll,
1221 5183 1282 5238 cap.
1299 5165 1686 5240 irrationalemque

117 5243 159 5317 td?
179 5250 248 5305 otras·
263 5255 293 5308 τὸ
311 5253 441 5326 παρελθεῖν
459 5250 501 5306 τδν
516 5251 569 5307 θεδν
593 5249 620 5306 ἔα
645 5254 687 5321 τῆς
709 5252 871 5326 χριατοτόκον
920 5247 1024 5306 καλείτω
1043 5250 1136 5324 μηδεὶς.
1164 5249 1251 5323 Μαρία
1271 5249 1318 5322 γὰρ
1339 5248 1466 5323 ἅνθρωπος
1479 5246 1519 5318 ᾖν.
1534 5249 1583 5303 θττδ
1596 5248 1688 5322 ἀνθρώ·

920 5354 968 5391 που
977 5335 1004 5390 δὲ
1017 5334 1071 5391 θεδν
1081 5334 1206 5409 τεχθῆναι,
1221 5331 1351 5388 ἀθανάταν.

147 5497 157 5540 t
170 5498 215 5547 aar.
224 5502 239 5549 Ι.
246 5500 300 5551 1.-
310 5504 326 5552 l
338 5500 400 5552 ion.
413 5500 438 5556 V,
448 5515 470 5560 ρ.
485 5500 538 5550 n·
552 5504 567 5550 s
579 5505 642 5551 Tam.
653 5505 680 5551 lV
694 5502 759 5551 Grac.
