4122 6248
635 271 685 331 oa
705 269 1011 349 rucauuauoaa,
1034 273 1106 331 ura.
1130 272 1167 349 ν,
1189 270 1273 332 aar.
1296 272 1365 334 νο.
1725 273 1783 334 oar

202 436 397 498 hominicolas
419 440 578 512 vocarent,
596 454 632 499 eo
657 435 740 517 quod
753 433 923 515 perfectum
935 435 970 496 in
1020 436 1145 510 animm,
1160 435 1580 498 etcarnissuccumberenon
1595 438 1787 517 potcstalta-

203 528 323 591 Christo
349 529 570 591 confiterentur
589 529 771 590 hominem:
795 533 887 607 atque
914 528 971 588 bos
1020 547 1080 609 que
1099 550 1110 585 ι
1125 536 1226 590 metus
1240 537 1287 590 est
1300 528 1352 610 (ait
1361 529 1541 590 Ambrosius
1554 530 1592 589 de
1606 528 1785 608 lracdpolli-

202 621 337 682 vicissim
364 630 531 702 σαρκολάτρας
556 621 625 683 illos
658 622 844 695 nominasse,
881 619 970 698 quasi
1020 620 1088 681 nari
1101 622 1212 682 haeresi
1221 621 1351 700 loquens
1367 619 1388 700 ί)
1405 640 1445 682 ne
1455 638 1547 682 sensu
1558 621 1694 682 Christus
1705 620 1788 680 labe·

204 712 368 776 cornicolns
381 732 418 775 eo
438 713 522 793 quod
542 714 640 775 solam
660 730 785 775 carnem
803 712 849 772 illi
869 711 970 773 eidem
1020 718 1106 773 retur
1115 713 1265 774 humano.
1278 714 1390 775 Dicunt
1404 714 1528 794 quippe,
1545 712 1788 793 quiaconeupis-

204 805 400 884 effingerent,
425 811 461 867 ut
478 805 512 866 in
529 805 610 867 libro
628 806 740 886 primo,
766 804 865 884 capite
885 809 971 864 sexto
1020 805 1120 866 centia
1133 805 1233 866 earnis
1245 805 1307 885 legi
1323 805 1435 868 mentis
1447 810 1608 886 repugnet.
1626 826 1641 861 a
1659 803 1787 871 Quodsi

205 899 406 960 meminimus
421 897 442 961 ¹.
1020 897 1231 975 responderes,
1257 903 1394 959 mentem
1417 897 1451 958 in
1475 897 1602 959 homine
1625 897 1745 959 Christo
1768 914 1787 956 a

62 994 89 1039 ¹¹¹
101 1004 151 1050 trs·
244 992 300 1052 IV.
315 991 437 1052 Tertius
450 990 783 1070 argumentandilocus
797 993 894 1049 estex
908 984 973 1047 ani·
1020 989 1215 1069 prolapsione
1228 989 1333 1050 divina
1342 990 1373 1050 vi
1386 989 1552 1051 cohibitam
1565 989 1669 1065 tuisse,
1694 1006 1788 1069 oppo-

49 1048 168 1149 qm»
207 1101 266 1146 mae
291 1084 413 1145 ratione
440 1082 588 1164 predita,
611 1101 649 1145 ao
683 1082 796 1144 mentis
826 1082 973 1142 humanae
1020 1078 1409 1161 nebantstatimid,'quod
1428 1081 1613 1143 Athanasius
1629 1082 1787 1143 incudem

45 1160 173 1267 2⁸22}
207 1182 297 1249 satu,
317 1182 488 1237 senatum.
508 1197 520 1232 ε
537 1175 617 1236 Nam
633 1175 658 1236 si
672 1180 774 1235 totum
791 1191 828 1234 ac
851 1172 972 1253 perfec·
1021 1171 1100 1233 libro
1119 1171 1154 1233 de
1175 1172 1382 1236 lacurnotione
1400 1173 1561 1255 prodidit:
1583 1196 1597 1231 o
1620 1173 1653 1235 Si
1674 1179 1787 1234 natura

59 1265 162 1362 ⁰22⁰
207 1276 274 1329 tum
285 1269 419 1348 suscepit
431 1267 592 1328 bominem
604 1268 695 1343 Deus,
710 1282 901 1344 consequens
914 1268 970 1339 est,
1020 1264 1138 1345 pcccati
1152 1283 1205 1325 rea
1213 1266 1415 1346 peccatumin
1429 1268 1565 1329 Dounon
1576 1265 1648 1327 fecit
1661 1286 1668 1326 ι
1681 1284 1786 1327 neccs-

54 1383 95 1415 νοο
108 1371 161 1414 tore
206 1360 359 1422 humanas
376 1359 411 1420 in
431 1377 468 1421 eo
491 1359 691 1439 cogitationes
710 1358 870 1419 exstitisse.
892 1355 973 1417 Fieri
1021 1357 1597 1437 sitateergocantinetur.Quodautem
1608 1359 1786 1421 necessitate

48 1422 169 1521 “m''
207 1458 311 1514 autem
321 1471 385 1513 non
399 1456 509 1531 potest,
517 1455 623 1511 utnon
637 1450 676 1510 sit
684 1450 717 1510 in
730 1449 875 1510 humanis
889 1446 972 1527 cogi·
1021 1448 1375 1524 cohibetur,violentum
1390 1457 1497 1512 est‘.»

48 1541 168 1587 ‘'W''
206 1544 374 1606 tationibus
387 1543 504 1624 aliquid
518 1542 644 1623 pcccati.
662 1542 795 1616 Quinam
815 1559 887 1620 ergo
900 1558 972 1620 pee-
1062 1541 1135 1602 Haec
1147 1542 1187 1602 ab
1207 1544 1343 1623 antiquis
1363 1544 1482 1619 iisdem,
1499 1544 1555 1624 qui
1567 1545 1715 1622 referunt,
1735 1544 1788 1607 Pa·

206 1638 380 1717 catiexpers
393 1636 451 1698 erit
463 1635 620 1696 Christus⁰
637 1633 678 1694 t»
700 1632 865 1694 Addebant
885 1632 970 1692 insu·
1022 1632 1131 1707 tribas,
1153 1634 1240 1695 nullo
1261 1634 1385 1714 negotio
1412 1635 1632 1698 dissolvuntur.
1648 1639 1786 1700 Athana·

206 1748 273 1811 per,
309 1729 395 1790 illam
421 1728 460 1789 ab
489 1726 636 1806 Apostolo
662 1725 842 1786 infamatam
874 1724 974 1785 carnis
1023 1726 1088 1786 sius
1100 1726 1253 1804 imprimis
1264 1734 1357 1807 negat
1369 1728 1495 1790 vitiosas
1507 1729 1687 1809 hujusmodi
1703 1732 1787 1810 eogi-

206 1820 432 1903 prudentiam¹,
462 1819 578 1881 hocest
600 1829 712 1899 φρόνημα
725 1826 878 1897 racemata,
908 1835 974 1878 esse
1022 1819 1164 1892 tationes,
1184 1820 1247 1880 sive
1274 1820 1412 1894 affectus,
1436 1822 1468 1882 in
1502 1822 1641 1885 bumana
1675 1824 1787 1885 Christi

206 1915 357 1990 animam,
368 1918 422 1974 aut
435 1917 584 1985 mentem,
605 1915 641 1972 ut
658 1909 763 1971 scribit
785 1908 974 1988 'theophilus
1023 1915 1135 1971 natura
1143 1911 1322 1973 luisseNon
1333 1913 1416 1974 enim
1428 1913 1468 1973 ab
1481 1914 1548 1994 ipso
1562 1915 1687 1977 conditu
1695 1918 1788 1997 primi

206 2006 433 2070 Alexandrinus
464 2007 498 2066 iu
527 2002 656 2083 epistola
686 2002 787 2082 prima
801 1999 972 2064 Pasciuli⁸.
1022 2002 1158 2064 hominis
1174 2004 1251 2066 tales
1269 2004 1440 2080 exstitisse3
1463 2005 1578 2086 alioqui
1602 2007 1787 2087 vitiositatis,

210 2098 387 2181 Sapientia,
421 2094 522 2177 inquit
557 2094 740 2175 Apostolus,
768 2093 864 2155 cornis
897 2112 974 2154 mors
1024 2100 1055 2154 et
1068 2095 1144 2155 labis
1157 2095 1240 2158 illius
1255 2102 1360 2162 auctor
1374 2103 1454 2158 esset
1476 2097 1570 2173 idem,
1597 2100 1650 2179 qui
1667 2107 1788 2163 natiuae

207 2196 260 2252 est.
287 2190 335 2267 Et,
362 2189 509 2270 supientia
532 2186 653 2262 carnis,
683 2186 805 2247 inimico
832 2198 873 2246 cst
902 2185 971 2247 Deo.
1023 2185 1092 2247 fuit.
1110 2187 1170 2248 Sed
1184 2207 1223 2249 cx
1245 2196 1368 2270 peccato
1388 2208 1453 2251 esse
1474 2190 1733 2254 collectamillam
1754 2195 1789 2255 in

207 2282 281 2364 θερί
307 2283 385 2345 caim
413 2281 469 2343 Dei
491 2300 547 2341 non
576 2277 738 2361 subjicitor
767 2297 780 2340 .·
813 2296 866 2337 occ
896 2278 974 2338 caim
1023 2279 1277 2342 animahominis
1290 2287 1435 2344 otmente
1451 2282 1630 2363 perniciem.
1643 2286 1742 2358 Quare
1756 2286 1789 2347 iu

35 2419 172 2477 m
203 2382 307 2457 potest.
350 2372 408 2437 Ubi
443 2383 556 2454 φρόνημα
567 2378 709 2451 :accepite
754 2372 975 2450 interpretatur
1026 2372 1142 2433 adamo
1156 2379 1227 2434 ante
1247 2374 1366 2454 lapsum
1394 2375 1575 2455 neutiquam
1592 2378 1790 2457 cogitationes

62 2473 154 2521 muto.
207 2468 454 2549 Chrysostomus,
480 2471 666 2526 «terrenam
687 2463 916 2542 cogitationem,
944 2468 975 2523 et
1023 2464 1787 2548 istas,qua:concupiscentiaevocabulocensentur,

207 2578 352 2634 crassam,
368 2565 460 2639 atque
475 2556 509 2618 in
522 2556 679 2618 bonorum
691 2555 893 2635 praesentium
902 2574 974 2636 pro-
1023 2557 1181 2619 exstitisse.
1216 2559 1314 2621 «Sed
1338 2565 1502 2640 postquam
1526 2562 1581 2622 Dei
1608 2564 1789 2627 mandatum

207 2650 492 2728 curationem,etin
503 2649 600 2709 malas
613 2648 749 2708 actiones
762 2647 974 2727 intemperan-
1023 2655 1259 2729 pretergressus
1278 2656 1334 2726 est,
1353 2652 1466 2713 talibus
1487 2655 1724 2733 cogitationibus
1738 2657 1792 2718 ob·

206 2750 255 2806 ter
269 2744 398 2806 effusam
412 2741 461 2803 ί.»
1024 2742 1146 2804 strictus
1160 2761 1226 2804 esse
1241 2744 1332 2823 coepit
1349 2763 1356 2804 ε
1373 2763 1437 2805 non
1451 2748 1534 2825 quod
1548 2749 1628 2808 beris
1645 2749 1678 2809 in
1690 2749 1789 2829 capti-

246 2835 434 2917 Apollinaris
446 2835 510 2914 ipse
524 2832 557 2893 iu
566 2831 837 2914 quadamepistola
849 2831 889 2893 od
901 2836 976 2913 cpis—
1024 2834 1153 2895 vitatem
1166 2841 1292 2913 agentes
1306 2835 1505 2915 cogitationes
1524 2838 1597 2899 istas
1615 2842 1765 2901 creaverit
1781 2860 1788 2902 ε

206 2947 289 3010 copo:
297 2923 524 2990 Diocoesurcoe‘:
544 2924 770 3000 «confitemur,
786 2923 974 3002 inquit,non
1023 2926 1077 2986 sed
1099 2927 1183 3006 quod
1202 2926 1344 2988 diabolus
1366 2946 1404 2989 ex
1426 2928 1533 2990 haudo
1554 2949 1590 2991 uc
1609 2931 1791 3012 deceptione

206 3020 246 3082 ad
261 3020 421 3081 homiuem
444 3023 586 3079 sanctum
611 3016 731 3079 vonisse
748 3015 884 3077 Verbum
907 3016 972 3093 Dei,
1024 3016 1091 3078 illas
1105 3036 1198 3097 super
1216 3018 1360 3081 rationali
1383 3019 1519 3082 hominis
1532 3028 1645 3085 natura
1658 3026 1790 3086 semina·

207 3112 292 3191 quod
305 3115 371 3173 erat
384 3111 417 3172 in
429 3110 609 3189 Prophetis;
639 3109 692 3170 sed
712 3108 814 3187 ipsum
836 3106 974 3168 Verbum
1024 3109 1114 3185 verit,
1128 3116 1293 3189 postquam
1307 3111 1340 3171 in
1350 3113 1591 3193 transgressione
1600 3115 1793 3194 legisconsti·

207 3222 333 3266 earnem
352 3203 468 3265 factum
494 3219 570 3277 esse,
595 3219 661 3261 non
686 3206 843 3280 assumpta
870 3204 974 3260 mente
1024 3205 1091 3261 tuta
1111 3203 1329 3277 est,eta1)co
1349 3203 1472 3281 rejecta.
1494 3205 1579 3266 Adeo
1597 3213 1632 3268 ut
1651 3208 1793 3269 diabolus

206 3295 357 3370 humana,
372 3302 478 3358 mente
489 3292 644 3369 mutabili,
661 3311 730 3373 quae
741 3290 885 3371 turpibus
896 3290 977 3370 cogi·
1025 3298 1092 3354 tum
1101 3292 1202 3372 legem
1214 3296 1330 3373 peccati
1344 3296 1377 3355 in
1391 3294 1528 3357 hominis
1541 3303 1653 3360 natura
1666 3299 1793 3362 colloca-

207 3389 377 3450 tationibus
388 3387 508 3469 captiva
519 3385 657 3461 ducitur3
675 3385 727 3446 sed
746 3384 851 3445 diviua
871 3389 976 3446 mente
1025 3386 1122 3447 verit:
1138 3391 1206 3446 tum
1218 3392 1350 3447 mortem
1365 3405 1513 3469 peropus
1531 3390 1646 3470 pcccati
1660 3411 1793 3472 regnan·

207 3481 408 3557 immutabili,
439 3483 471 3542 et
499 3477 623 3540 coelesti.
643 3498 655 3536 ν
674 3476 757 3537 Etin
777 3475 976 3557 Ecpoa'tione
1024 3483 1088 3538 tem
1101 3476 1156 3538 ί.»
1176 3479 1341 3558 Propterea
1353 3478 1457 3560 itaque
1480 3481 1558 3543 venit
1577 3481 1663 3563 filius
1675 3483 1743 3560 Dei,
1758 3489 1792 3546 nt

207 3573 342 3654 quadam
349 3571 422 3655 sirici
434 3572 532 3645 docet,
553 3571 681 3631 «Deum
694 3574 796 3630 totum
815 3569 976 3630 hominem
1024 3567 1165 3631 dissolvat
1184 3568 1399 3650 apocalama·
1411 3570 1434 3633 ⁸.
1453 3573 1509 3634 Hic
1531 3574 1690 3636 Athanasii
1705 3576 1792 3638 locus

207 3685 273 3728 non
287 3665 504 3745 assumpsisse:
518 3660 771 3743 quandoquidem
779 3666 862 3721 totus
881 3661 976 3722 homo
1024 3660 1075 3720 vel
1092 3679 1129 3722 eo
1143 3661 1354 3724 memorabilis
1368 3669 1436 3725 est:
1458 3665 1542 3744 quod
1567 3665 1686 3728 illustre
1707 3666 1793 3728 testi·

208 3776 273 3818 non
287 3762 334 3819 est
346 3775 444 3837 purus
457 3755 559 3817 omnis
568 3752 976 3835 peccauinhacsiasecun·
1025 3754 1168 3815 monium
1181 3754 1318 3816 continet
1330 3755 1489 3835 originalis
1503 3775 1603 3835 noxa,
1620 3766 1651 3820 et
1663 3777 1792 3840 corrup·

208 3848 284 3910 dum
300 3848 473 3928 Scripturas
489 3866 496 3907 :
513 3847 587 3928 quia
614 3863 678 3907 non
700 3845 922 3925 potestfacere,
941 3851 976 3907 ut
1025 3845 1094 3906 tela
1115 3845 1254 3907 indidem
1281 3845 1314 3907 in
1345 3848 1510 3910 hominum
1538 3867 1637 3928 genus
1663 3849 1791 3931 illapsa,

208 3942 345 4003 aciones
358 3959 422 4002 suae
436 3957 508 4003 cum
517 3939 632 4000 divinis
644 3937 816 3999 actionibus
829 3937 862 3997 in
876 3954 975 3998 unum
1026 3955 1088 4018 quo
1099 3938 1268 4017 Pelagiana
1277 3939 1407 4019 perfidia
1420 3940 1562 4002 convinci
1584 3946 1694 4021 potest.
1712 3944 1793 4003 Cum

208 4033 335 4096 etidcm
348 4031 544 4113 conspirent:
560 4030 645 4093 etob
659 4047 727 4091 eam
741 4046 976 4111 causamneque
1027 4048 1101 4109 ergo
1126 4030 1264 4092 Christus
1288 4032 1375 4093 nulla
1396 4051 1522 4112 prorsus
1545 4034 1728 4114 contagione
1754 4034 1794 4097 sit

208 4131 289 4188 esset
314 4124 392 4186 liber
417 4142 435 4185 a
460 4129 569 4201 mopte.
598 4124 680 4184 Deus
707 4127 812 4184 autom
830 4122 977 4182 humane
1028 4122 1158 4184 iniectus
1179 4123 1290 4185 Adami
1313 4125 1491 4205 peccatoris,
1512 4126 1663 4188 immunis
1682 4126 1741 4188 iuit
1753 4128 1793 4189 ab

207 4217 296 4281 carni
321 4216 429 4278 unitus
452 4233 564 4297 puram
588 4214 681 4276 habet
699 4213 857 4294 propriam
884 4213 977 4276 actio-
1027 4214 1201 4277 istiusmodi
1228 4215 1303 4278 faece
1323 4217 1557 4297 cogitationum,
1591 4225 1621 4281 et
1650 4219 1795 4281 illecebra

207 4328 293 4386 nem,
305 4327 378 4371 cum
390 4308 431 4368 sit
443 4325 531 4369 mens
550 4307 676 4384 invicta,
689 4324 759 4386 que
782 4305 976 4386 passionibus
1025 4306 1136 4369 carnis.

243 4509 265 4549 α
284 4493 388 4550 Amin.
403 4490 440 4549 (ie
455 4486 668 4551 Saluitttlvect.
693 4484 770 4540 ‘Atti
788 4485 882 4558 λέγετε,
898 4486 935 4538 θτι
955 4482 976 4538 εἰ
1060 4484 1082 4543 ti
1101 4487 1205 4542 tram.
1222 4486 1285 4543 ibid.
1305 4487 1463 4559 Παρεαιοθοας
1475 4488 1501 4542 δὲ
1513 4492 1556 4558 τῆς
1570 4488 1672 4560 ἕντολῆς
1685 4497 1729 4547 τοῦ
1738 4494 1794 4550 θεοῦ

206 4576 287 4631 πάντα
301 4575 383 4630 ἔλαθε.
397 4575 495 4636 πάντως
512 4572 590 4641 δήπου
606 4573 647 4625 καὶ
660 4571 716 4632 τοθς
728 4568 892 4640 ἀνθρωπίνους
905 4569 975 4639 λογι-
1024 4568 1185 4624 tractatos:
1192 4577 1245 4632 τοῖς
1256 4572 1520 4644 τοιοίτοιςλογισροῖς.
1532 4572 1560 4626 οὗ
1566 4580 1609 4628 τοῦ
1616 4576 1671 4630 θεοῦ
1679 4578 1795 4650 δημιουρ-

207 4661 286 4732 σμοθς
312 4652 388 4731 εἶχεν.
418 4656 536 4711 ἀδύνατον
559 4656 587 4709 ii
614 4654 638 4708 θν
665 4653 794 4726 λογισμοῖς
818 4650 977 4724 ἀνθρωπίνοις
1025 4653 1145 4724 γάοαντος
1165 4655 1221 4715 τοίνς
1246 4653 1473 4727 αἰχμαλωτίζοντες
1493 4656 1636 4729 λογισμοὺς.
1661 4658 1726 4712 ἀλλὰ
1750 4654 1795 4713 τοῖν

208 4741 331 4815 ἁμαρτίαν
350 4738 384 4814 μὴ
406 4733 478 4804 εἶναι,
497 4738 539 4792 καί
559 4744 612 4803 πῶς
633 4736 701 4793 icem
727 4735 805 4810 χωρίς
830 4732 977 4807 ἁραρτίαςθ
1026 4736 1143 4790 assutos
1158 4734 1182 4799 ίξ
1200 4735 1294 4806 ἀπάτης
1319 4735 1499 4810 ἔτιοτείροντος
1519 4744 1549 4813 τῇ
1567 4741 1656 4814 λογικῇ
1669 4741 1738 4813 pios:
1751 4747 1794 4796 τοῦ

207 4825 327 4897 xpm„
1026 4816 1154 4891 είνθρεθετον
1166 4817 1190 4873 ἔν
1200 4820 1334 4891 commea
1347 4822 1476 4896 γενομένῃ,
1487 4821 1528 4876 καί
1538 4821 1674 4896 ἀπωσθείογγ
1689 4822 1737 4876 &ab
1750 4828 1794 4878 τοῦ

244 4906 261 4963 θ
280 4909 380 4964 Canis.
401 4905 486 4975 Γεώδη
500 4903 631 4978 λογισμὸν,
650 4902 693 4957 τθν
707 4903 799 4975 παχὺν,
814 4900 856 4956 τὸν
872 4898 932 4972 προς
945 4895 977 4952 τὰ
1025 4899 1091 4955 θεοῦ.
1107 4902 1172 4956 ὥστε
1185 4902 1227 4956 τθν
1250 4903 1364 4957 θιάθολον
1384 4905 1426 4957 καὶ
1440 4907 1515 4977 νόριον
1539 4905 1657 4977 ἁμαρτίας
1674 4906 1793 4973 samri·

208 4988 320 5062 βιωτοιία,
333 4989 375 5041 καί
388 4987 432 5051 τὰς
441 4987 548 5060 πονηρὰς
561 4985 658 5059 πράξεις
673 4983 833 5057 ίεττοημίνον.
1025 4984 1111 5038 οαοθαι
1140 4982 1164 5037 ἔν
1190 4991 1220 5059 τῇ
1242 4987 1311 5057 φύσει
1324 4992 1368 5042 τοῦ
1392 4986 1528 5060 ἀνθρώπου,
1542 4989 1583 5040 καί
1607 4988 1711 5041 θάνατον
1727 4989 1795 5059 βασε-

244 5088 260 5130 c
278 5073 345 5128 Aru.
363 5069 401 5127 ib.
420 5072 500 5124 Πάλιν
517 5070 544 5125 ii
562 5071 656 5143 λέγετε.
672 5068 693 5123 εἰ
706 5067 721 5135 ἡ
736 5067 896 5141 &poprium
909 5065 976 5137 φθοίς
1025 5067 1128 5121 λεθοντα
1141 5069 1181 5122 διὰ
1190 5074 1234 5124 τοῦ
1248 5069 1320 5143 ίργοο
1330 5073 1373 5139 τῆς
1383 5066 1511 5144 ἁμαρτίας,
1523 5069 1569 5122 Διὰ
1578 5074 1652 5123 τοῦτο
1666 5064 1708 5124 οὖν
1722 5068 1794 5140 ἦλθεν

209 5154 295 5228 istuis
315 5155 413 5227 γίγονιν
434 5154 554 5227 ἁμαρτίαν
579 5152 763 5226 μὴποεήοαοα,
787 5150 878 5223 ἀνάγαῄ
893 5148 975 5203 τοίνυν
1026 5150 1104 5213 θοίθς
1113 5157 1157 5206 τοῦ
1168 5153 1233 5220 θεοῦ,
1246 5153 1289 5206 ἵνα
1302 5153 1363 5227 λίνοῃ
1379 5152 1410 5207 τὰ
1420 5152 1480 5225 ἔργα
1494 5156 1538 5207 τοῦ
1551 5154 1677 5207 scottico.

207 5238 347 5312 αατίχεται.
359 5236 389 5290 τὸ
402 5233 429 5289 di
444 5234 535 5310 ἀνάγκῃ
545 5237 720 5308 κατεχόμενον,
735 5233 813 5306 βίαιόν
829 5230 903 5287 ἔστιν.
1784 5229 1789 5238 ”

238 5430 248 5475 t
267 5429 344 5488 §u-
354 5428 369 5472 2
381 5428 443 5474 Rom.
452 5424 575 5477 urat-tt
587 5423 649 5468 lom.
662 5422 694 5469 ΙΙΙ
704 5422 761 5468 aut.
771 5424 932 5470 omnnia-t
945 5422 1012 5485 Apud
1030 5421 1107 5471 boeot.
1114 5428 1131 5467 t.
1142 5421 1167 5467 tt
1180 5420 1284 5466 atet-s
1298 5419 1378 5466 tinto
1390 5420 1436 5466 lac.
1449 5430 1470 5466 o.
1480 5421 1569 5467 rit-tt
1582 5421 1591 5467 l
1605 5424 1668 5470 Ιοανν.
1678 5435 1768 5470 τιιτιιι.
