4072 6164
364 312 425 375 ⁰⁰0
873 314 1199 382 theotonicorum
1218 319 1438 387 annuatim

365 478 436 541 alia
458 496 528 561 qna
542 482 636 545 unias
654 482 709 544 Det
722 482 849 565 propria
862 490 945 559 sunt,
972 483 1041 547 alise
1065 500 1135 565 quse
1183 487 1278 548 Verbi
1319 493 1467 550 naturam
1513 488 1719 566 incarnatam,
1752 510 1767 548 ι
1802 489 1908 554 subinde

365 576 440 633 sunt
463 573 600 635 hominis
624 577 752 655 propria
777 577 969 653 significant,
995 576 1135 657 personis
1188 598 1318 641 aunum
1331 582 1500 658 Christum,
1528 586 1559 642 et
1583 580 1693 656 tilium,
1718 585 1747 642 et
1770 581 1909 644 mininam

365 662 442 738 illis,
459 671 490 726 at
502 664 719 746 hypostasibus
732 669 863 745 duabus,
879 675 1031 749 tanquam
1050 687 1133 731 seor-
1182 672 1335 751 appellat,
1351 673 1491 734 Verbum
1504 673 1663 734 hominem
1675 671 1820 733 mammet
1830 673 1908 734 ducar

368 756 428 818 sim
446 758 636 834 constitutis,
659 763 689 821 at
702 778 766 821 non
784 760 926 823 unitione
944 759 1135 822 substantiva
1183 769 1292 824 natum
1301 762 1327 825 θ.
1342 764 1454 831 nQuod
1475 765 1569 826 etiam
1582 763 1616 823 in
1629 764 1788 844 posteriore
1799 762 1910 837 iacit,et

366 847 550 926 conjunctis,
566 849 739 932 affingeret.
758 854 853 914 Porro
866 854 900 914 in
913 854 973 914 illis
994 853 1134 933 utrisque
1182 856 1215 916 in
1245 874 1296 929 ea,
1328 874 1423 936 quam
1450 854 1490 917 ad
1520 857 1662 918 Acacium
1687 854 1809 935 scripsit.
1834 855 1865 914 Et
1885 856 1910 916 ia
1988 870 1989 873 ’

366 941 606 1019 proprietatibus
629 944 730 1005 solum
756 964 772 1003 u
799 945 930 1024 intelligi
950 950 1134 1006 natmarum
1182 945 1345 1029 discerptis
1357 947 1428 1009 libri
1442 948 1577 1029 septimi,
1592 952 1623 1008 et
1633 946 1730 1008 octavi
1742 946 1773 1005 ia
1784 944 1909 1025 duanam,

366 1035 430 1093 stre
440 1032 647 1113 hypostaseon
657 1036 1135 1116 differentiamanvidesquem-
1186 1039 1406 1121 «hypostasim
1429 1030 1527 1100 unam
1553 1046 1712 1117 nuncupat
1731 1035 1815 1098 Verbi
1828 1036 1911 1097 Incar-

367 1124 537 1186 admodum
549 1125 731 1207 hypostases
744 1130 919 1210 promiscue
933 1146 1005 1190 cum
1015 1128 1134 1189 rramris
1182 1133 1275 1191 natit.
1291 1152 1306 1190 ο
1326 1132 1367 1193 Ut
1379 1130 1477 1192 uideri
1488 1129 1588 1212 possit
1600 1129 1770 1210 promiscue
1781 1127 1910 1189 bmroca

366 1217 488 1296 accipit.
501 1219 578 1279 Nam
587 1219 670 1298 quod
680 1221 713 1280 ln
721 1221 978 1282 anathematismo
987 1237 1134 1300 personas
1182 1222 1344 1301 accepisse,
1360 1232 1429 1305 ρὺσο
1448 1228 1479 1285 et
1499 1229 1634 1287 ὑπόστασιν
1648 1229 1785 1301 :campen
1805 1223 1908 1301 ctum,
1925 1226 1989 1281 M

366 1308 460 1369 οάὶοιο
473 1327 545 1369 cum
563 1311 783 1390 hypostasibus
802 1313 974 1393 conjunxit,
991 1310 1134 1373 fecithoc
1182 1319 1347 1394 atquaottu.
1936 1288 1989 1379 Ἢ

365 1418 430 1461 non
443 1418 482 1462 ex
495 1418 567 1475 arta,
584 1403 638 1463 sed
651 1420 689 1463 ex
704 1404 835 1465 Nestorii
848 1404 1015 1482 sententia,
1038 1421 1134 1484 quiam
1221 1408 1279 1468 Ill.
1297 1406 1488 1487 Ephrtemius
1504 1403 1712 1468 antiochenus
1725 1399 1910 1484 patriamhain
1933 1385 1989 1505 ᾜ

364 1493 618 1572 proprindecrcto
626 1495 679 1556 illo
689 1496 945 1576 reprehendebat,
959 1497 1014 1576 qui
1026 1514 1134 1558 revera
1182 1498 1275 1575 libro,
1292 1517 1386 1579 mem
1400 1497 1629 1581 deistailyrilli
1644 1496 1788 1557 sententia
1805 1494 1908 1575 scripsit,
1944 1496 1989 1538 θ’·

365 1584 495 1645 totidem
523 1602 680 1664 personas,
705 1592 782 1668 quot
804 1594 931 1649 naturas
956 1588 989 1649 iu
1012 1588 1133 1649 Christo
1181 1590 1341 1653 manifeste
1361 1593 1431 1664 ρὺσιν
1450 1590 1489 1651 ab
1511 1608 1548 1650 eo
1566 1608 1624 1671 pro
1637 1596 1766 1651 ὑποστάσει
1786 1592 1911 1666 sumptam

366 1675 589 1753 conflictatum
605 1680 728 1739 tametsi
749 1680 967 1756 dissimularet,
982 1698 1018 1740 ac
1034 1680 1133 1741 uerbis
1182 1684 1305 1744 asserit:
1327 1684 1459 1746 «Unam
1486 1682 1591 1762 itaque
1614 1680 1671 1741 Dei
1696 1678 1786 1739 Verbi
1796 1682 1911 1740 naturam

365 1785 431 1846 prae
445 1768 571 1830 scabud
581 1769 691 1831 ferret:
708 1776 744 1832 ut
757 1771 1009 1850 supradiximus.
1181 1774 1385 1852 incarnatam,
1411 1774 1473 1852 ait,
1500 1790 1597 1834 unam
1624 1770 1806 1853 hypostasim
1823 1767 1910 1829 intelli·

406 1864 494 1924 Idem
528 1871 677 1945 practerea
705 1867 838 1946 Cyrillus
865 1867 898 1927 in
927 1866 1133 1948 thafututicne
1181 1865 1348 1949 gimundi>
1389 1866 1480 1934 Quod
1503 1863 1648 1943 deinceps
1668 1860 1762 1922 dusius
1781 1858 1906 1934 edincrit,
1989 1872 1990 1955 ρ

367 1955 563 2019 Orientalium
588 1959 628 2021 ad
651 1959 944 2020 anathematismum
969 1964 1131 2039 quartum,
1182 1959 1342 2021 affirmans
1368 1966 1437 2038 φύσιν
1468 1956 1627 2025 interdum
1660 1965 1844 2035 καταχρηστικῶς
1868 1968 1909 2031 pro
1956 1970 1990 2018 ισι

215 2037 322 2084 mm
365 2047 536 2129 perspicue,
563 2069 657 2131 quam
680 2061 750 2134 ρὺσιν
766 2060 821 2132 μίαν
836 2051 870 2112 ln
883 2051 932 2129 ils,
955 2069 1033 2130 quos
1056 2056 1133 2112 attu-
1181 2058 1325 2127 ὑπσστάστι,
1340 2069 1358 2110 a
1374 2049 1513 2111 Patribus
1539 2059 1570 2109 et
1596 2045 1777 2108 nominatim
1796 2042 1909 2123 aCyrillo
1927 2016 1990 2095 wi

208 2101 330 2211 pmm
366 2141 461 2201 limus
484 2141 559 2202 locis
587 2144 748 2217 nominat,
774 2156 923 2226 πρόσωπον,
948 2148 979 2205 et
1000 2154 1132 2211 ὑπόστασιν
1181 2143 1267 2224 poni,
1284 2160 1356 2204 cum
1369 2142 1401 2203 id
1414 2140 1580 2220 significat,
1596 2138 1681 2219 quod
1699 2156 1736 2198 ex
1749 2134 1910 2215 copulatione
1989 2142 1990 2185 ἰ

193 2226 338 2329 „maim
366 2233 513 2312 appellat.
533 2235 624 2296 uUni
637 2236 768 2316 proinde
782 2255 933 2318 personae,
948 2238 1009 2312 ait,
1026 2257 1134 2302 omnes
1181 2242 1365 2296 naturarum
1380 2234 1532 2309 efficitur;
1554 2249 1628 2293 cum
1642 2236 1744 2292 autem
1757 2230 1791 2289 dc
1806 2228 1838 2288 iia
1851 2226 1910 2288 acci·
1989 2220 1990 2293 J

365 2324 570 2386 attribuenda
587 2332 660 2388 sunt
673 2346 776 2405 ucoca,
807 2348 876 2409 quae
903 2330 937 2389 in
961 2331 1134 2406 Evangeliis
1181 2328 1277 2407 pitur,
1306 2325 1479 2406 exquibus
1506 2324 1648 2397 effectus,
1675 2328 1706 2383 et
1727 2319 1858 2382 conflatas
1878 2322 1910 2377 at

365 2422 542 2491 occurrunt,
556 2418 715 2498 hypostasi
728 2420 784 2482 uni
796 2421 892 2482 Verbi
918 2422 1095 2486 incarnatae.
1116 2447 1129 2483 ν
1183 2418 1321 2481 Christus
1344 2435 1437 2493 unua,
1451 2421 1520 2477 tum
1533 2422 1674 2478 naturam
1688 2412 1802 2495 proprie
1812 2411 1908 2483 dictam,

366 2510 446 2570 Tum
460 2510 517 2571 ista
531 2510 710 2590 subjungit:
731 2536 744 2571 r
760 2531 824 2574 non
837 2531 868 2574 se
881 2515 1057 2594 permittere
1069 2516 1135 2577 ani·
1181 2512 1242 2573 hoc
1254 2517 1299 2572 est
1312 2518 1411 2585 σὺσισν,
1424 2512 1455 2569 et
1466 2506 1662 2569 substantiam
1673 2501 1910 2586 exprimere.an

365 2600 499 2662 malibus
519 2600 715 2680 hominihus,
736 2610 767 2665 ct
780 2604 921 2687 spirltum
936 2624 1001 2667 non
1014 2607 1132 2668 haben·
1181 2605 1263 2665 idem
1303 2601 1513 2683 Ephrarmius,
1545 2600 1749 2661 Athanasium
1777 2594 1910 2657 scribitis

364 2693 448 2754 tibus
458 2694 537 2755 duos
551 2694 742 2774 cogitarevel
752 2695 853 2758 dicere
864 2697 954 2771 filios,
962 2698 1134 2761 dividentes
1182 2696 1308 2779 epistola
1332 2694 1371 2755 ad
1394 2695 1618 2772 Imperatorem
1648 2690 1801 2754 lulianum
1821 2686 1908 2762 dicere,

364 2804 382 2846 a
410 2803 443 2847 se
469 2785 604 2848 invicem
628 2788 825 2869 hypostases,
849 2794 919 2869 post
946 2790 1133 2852 indivulsam
1186 2805 1310 2849 aunam
1324 2805 1390 2848 esse
1412 2785 1621 2846 confitendam
1636 2781 1729 2843 Verbi
1741 2782 1910 2880 naturamat

364 2878 540 2941 unitionem
552 2878 574 2941 ⁶.
590 2880 737 2942 »Dixerat
755 2883 1010 2962 autemproxime
1029 2890 1130 2965 antea,
1181 2880 1372 2961 hypostasim
1384 2879 1614 2940 incarnatam.»
1633 2875 1652 2936 J
1655 2892 1706 2936 am
1720 2890 1804 2953 supra
1815 2886 1910 2974 moupr-

368 2991 384 3029 u
398 2971 565 3055 unicunque
577 2979 697 3034 naturae
717 2979 942 3052 congruentem
962 2992 1134 3038 accommo-
1182 2990 1252 3033 mars
1271 2970 1432 3051 epistolam
1445 2970 1537 3030 istam
1550 2965 1590 3028 aad
1600 2966 1760 3028 dacianum
1783 2962 1827 3046 [ita
1843 2978 1908 3023 cmm

365 3063 433 3123 dari
447 3068 589 3143 oportere
603 3081 721 3126 vocem.
740 3085 756 3122 n
772 3066 899 3125 Prorsus
914 3074 995 3145 ρὺσιις
1008 3066 1132 3131 easdem
1179 3060 1356 3147 legendum)
1364 3061 1441 3122 illud
1454 3079 1519 3122 csse
1526 3068 1717 3141 ψευδεπίγραφον
1725 3056 1907 3156 fragmentum,
1931 3054 1991 3157 Ἣ

332 3195 338 3209 ·
365 3159 396 3215 et
406 3162 552 3227 ὑποστάσεις
572 3156 734 3217 nominare
754 3156 887 3229 videtur,
911 3157 1049 3239 adeoque
1061 3179 1131 3239 per·
1180 3158 1264 3238 quand
1277 3154 1424 3235 Cyrillus,
1440 3152 1554 3231 abique
1565 3157 1716 3232 tanquam
1728 3166 1763 3209 ex
1774 3146 1909 3209 athmon
1990 3168 1991 3213 t

364 3264 474 3322 sonas;
499 3246 673 3327 cujusmodi
695 3253 765 3328 post
778 3247 950 3309 unitionem
964 3267 1028 3309 non
1042 3249 1130 3329 duas,
1180 3249 1352 3329 proderunt.
1360 3245 1418 3307 Sed
1432 3244 1466 3305 in
1479 3242 1734 3322 vurlgatisGyrilli,
1744 3245 1773 3301 ct
1783 3232 1910 3341 Athanmii

363 3337 525 3399 sedunam
540 3338 691 3400 duntaxat
704 3356 769 3401 esse
784 3339 900 3400 statuit.
919 3340 997 3414 Quid
1011 3341 1132 3419 igitur?
1180 3338 1347 3407 codicibus,
1355 3337 1391 3397 in
1404 3335 1518 3415 quibus
1530 3340 1653 3396 exstare
1668 3333 1742 3395 illud
1754 3337 1908 3401 notanmus,
1990 3364 1991 3423 t

363 3447 441 3490 num
455 3428 638 3508 aliquando,
655 3436 685 3491 et
699 3430 792 3504 citra,
808 3431 856 3492 rel
871 3437 943 3492 ante
956 3432 1131 3494 unitionem
1180 3431 1266 3491 abest
1279 3436 1493 3491 νοπὺπάστασιι.
1990 3428 1991 3469 i

364 3521 440 3581 duas
466 3519 560 3582 tuisse
585 3521 757 3599 J’udicavitt
789 3523 937 3583 Dicemus
969 3525 1007 3585 de
1034 3542 1072 3584 ea
1098 3543 1132 3586 re
1220 3523 1303 3583 ldem
1327 3526 1373 3582 est
1399 3517 1521 3598 Eulogii
1544 3513 1745 3578 Alexandrini
1763 3505 1908 3593 mumma
1933 3504 1991 3615 ᾖ(

363 3619 480 3690 limiti·
1176 3613 1331 3692 judicium
1357 3612 1395 3672 de
1427 3608 1652 3689 significatione
1684 3602 1813 3667 vocabuli
1839 3608 1909 3680 ρὺσεοι
1932 3606 1991 3719 ‘2ss

403 3704 524 3764 Rursus
536 3704 570 3764 in
586 3703 666 3765 libro
687 3704 821 3766 secundo
840 3713 942 3766 contra
963 3705 1131 3767 Nestorium
1180 3705 1263 3784 apud
1277 3700 1452 3784 Cyrillum¹.
1467 3701 1528 3768 Qui
1541 3705 1573 3759 et
1594 3699 1725 3760 nomina
1743 3690 1909 3791 hiemanti

366 3813 496 3855 uranum
515 3801 605 3856 uocat
627 3796 740 3869 fllium,
768 3801 799 3858 et
813 3815 910 3857 unam
923 3796 1019 3857 Verbi
1032 3797 1133 3858 incar·
1179 3803 1337 3867 ὑποστάσεως
1352 3812 1421 3855 sero
1434 3793 1518 3872 apud
1540 3792 1712 3866 Romanos,
1733 3794 1761 3849 et
1780 3790 1839 3867 post
1853 3778 1910 3880 dnh}

361 3891 468 3947 natam
481 3887 699 3967 hypostastma
716 3908 731 3945 ιι
751 3888 830 3948 Item
844 3886 990 3967 inpriore
1004 3886 1044 3948 ad
1055 3886 1129 3948 Suc·
1177 3890 1272 3965 Papae
1293 3893 1414 3967 tempus
1436 3883 1577 3945 distincta
1598 3881 1692 3942 fuisse
1718 3878 1824 3941 retem.
1839 3875 1909 3949 liqut

362 3996 469 4040 cessum
494 3979 633 4060 epistola,
661 3998 756 4059 pram
784 3980 974 4057 nominarat,
998 4002 1010 4038 τ
1032 3998 1129 4042 unam
1178 3979 1262 4060 apud
1277 3981 1397 4040 Graecos
1413 3994 1536 4059 quoque
1553 3974 1682 4035 nonani
1695 3977 1762 4054 post
1781 3969 1908 4030 Nicanum

398 4208 418 4247 a
438 4192 504 4248 Cra.
521 4196 588 4248 tom.
605 4192 637 4256 V,
660 4207 717 4263 par.
740 4191 774 4249 ll.
796 4192 842 4246 Καὶ
855 4190 910 4249 κατ’
928 4190 986 4245 oieb
1011 4191 1040 4259 δὴ
1056 4195 1130 4247 τοὺτο
1214 4192 1235 4249 ά
1254 4191 1293 4251 ld.
1311 4189 1353 4247 nd
1363 4191 1443 4246 Suac.
1460 4194 1528 4244 tom.
1542 4187 1587 4250 lV,
1602 4202 1661 4259 par.
1678 4186 1711 4242 lt.
1726 4171 1909 4247 'cuntant

361 4276 402 4329 nal
419 4277 495 4349 μόνον
514 4275 610 4344 νοηθείη
625 4274 684 4349 duty
700 4278 750 4329 τῶν
764 4274 869 4346 ρὺσεων,
884 4275 960 4347 ἤγουν
973 4273 1130 4329 ὑποστάντων
1177 4276 1219 4329 nal
1232 4274 1294 4339 οὑὺν,
1303 4274 1344 4329 καὶ
1353 4272 1444 4345 πὺριον,
1455 4271 1498 4326 τθν
1508 4275 1551 4327 τοῦ
1566 4257 1910 4345 transsubstantianda*

360 4360 475 4430 θιαρορά.
1178 4358 1302 4426 πάσαντο,
1316 4356 1358 4409 nul
1373 4354 1568 4429 στσσιρκωρένον.

398 4441 415 4497 b
434 4443 501 4497 Cra.
526 4439 583 4494 ‘Eut
597 4434 725 4513 τοιγαροῦν
740 4441 867 4512 προσώπῳ
883 4437 928 4500 τὰς
948 4435 1040 4501 έντοῖς
1054 4437 1132 4511 abep-
1215 4439 1287 4496 eld,
1308 4441 1341 4495 tn
1363 4441 1448 4495 ,toan
1472 4434 1624 4491 Ὑποστάσει
1639 4436 1685 4508 ριιᾷ
1705 4434 1747 4487 τοὺ
1765 4428 1832 4501 λόγον
1843 4438 1909 4491 σιτάρ-

360 4524 452 4596 γελὺοις
471 4525 550 4588 πάσας
569 4523 697 4578 άνσιθετέον
716 4521 807 4595 φωνάς,
829 4522 961 4576 ὑποστάσει
976 4523 1021 4592 psci
1042 4526 1131 4594 τῇτοὺ
1179 4524 1299 4594 κωριένοιι.

360 4607 438 4678 λόγου
452 4608 635 4679 σεσαρπωριένῃ.
658 4605 740 4678 κύριος
763 4604 811 4677 γάρ
834 4598 870 4666 εἷς
901 4603 1001 4673 Ἰησοῦς
1027 4604 1133 4677 xpiane
1217 4604 1382 4679 sEattamtt.
1411 4600 1486 4672 apud
1511 4599 1590 4660 Phor.
1615 4599 1677 4655 ood.
1702 4610 1798 4652 canit.
1814 4580 1908 4658 Τθθμθ

361 4688 425 4744 ποτά
438 4689 481 4753 τὰς
490 4689 594 4762 γραφάς.
609 4688 706 4754 odanto,
717 4690 751 4751 άις
765 4688 842 4759 dedus
855 4694 905 4742 τῶν
918 4689 965 4756 ἤδη
978 4706 1133 4760 προγεγρσμ·
1179 4682 1222 4742 οὑν
1238 4689 1294 4759 plau
1305 4687 1375 4758 ρὺσιν
1390 4680 1434 4739 τοὺ
1447 4685 1502 4738 θεοῦ
1515 4685 1592 4755 λόγον
1607 4680 1798 4757 σεσαρωμένον,
1810 4675 1858 4747 pist
1868 4664 1909 4721 θθθ·

363 4772 454 4844 μένων,
469 4771 513 4825 οὑκ
530 4772 677 4844 apsentem
700 4771 742 4843 pis
762 4770 908 4843 άλωσθρεθα
919 4771 964 4839 τὴν
978 4769 1131 4842 οἰκονομίαν,
1180 4788 1266 4826 στσσιν
1279 4774 1392 4841 mapsa.
1409 4767 1477 4825 Vide
1491 4773 1519 4829 at
1533 4765 1596 4822 aod.
1612 4779 1736 4821 οστινιιι.

363 4855 404 4907 nal
418 4853 461 4921 τὴν
476 4854 644 4927 έκάσσρρὺσει
661 4855 798 4927 πρέπουσαν
819 4855 912 4924 φωνήν.
930 4854 974 4906 οὑκ
988 4851 1092 4924 ἐφιέντες
1106 4851 1132 4905 di
1215 4854 1336 4926 ql’uot.
1358 4850 1420 4906 cod.
1446 4867 1541 4906 ccxxx.
1561 4848 1677 4920 Δεύτερον
1697 4844 1723 4898 di
1741 4841 1843 4915 προσήὺθ
1859 4829 1910 4903 ts*

365 4937 461 5009 μᾶλλον
480 4939 534 5000 τοῖς
551 4938 673 5009 ψυχικοῖς,
689 4939 730 4992 nai
743 4940 838 5008 πνεῦμα
852 4936 885 5008 μὴ
900 4935 1054 5009 ὑχοοσι,δὺο
1068 4938 1133 4993 νοεῖν
1181 4956 1264 5003 mss,
1289 4935 1324 4997 ὑις
1356 4933 1465 4988 Ἰουλίου
1487 4932 1587 5004 ὕστερον
1610 4930 1676 5003 παρὰ
1694 4911 1810 4998 Ῥωμαίων
1831 4917 1856 4971 θ
1876 4914 1909 4975 'i‘

365 5018 441 5083 οὑοὺς,
469 5020 485 5087 ἢ
513 5020 593 5093 λέγειν
606 5021 760 5091 διαιροὺντσς
787 5018 901 5087 ἀλλήλων
924 5018 968 5081 τὰς
991 5016 1136 5082 ὑποστάσεις
1181 5018 1320 5091 φύσεωτττ,
1334 5018 1375 5071 sal
1388 5016 1546 5077 ὑποστάσεως
1558 4992 1909 5086 θρσλοπρινήθητῐιῐθθΜ

367 5102 428 5175 μετά
441 5102 485 5172 τὴν
500 5102 667 5157 άὺιάσποεστον
682 5102 778 5161 ἕνωσιν.
1182 5102 1270 5174 ὄνομα.

401 5202 416 5242 ά
435 5186 475 5241 ld.
491 5184 536 5241 tib.
552 5186 575 5243 il
589 5190 665 5243 aaut.
680 5189 759 5243 Νάάὺ.
784 5183 853 5239 Ἀλλ’
867 5183 889 5239 tl
902 5182 945 5254 pte
958 5183 1001 5237 ένσ
1013 5187 1059 5255 gir
1069 5182 1133 5254 aihu,

364 5268 406 5322 nul
416 5269 473 5341 plau
482 5268 617 5325 ὑπόστασιν
627 5268 671 5337 τὴν
685 5263 730 5327 τοῖν
739 5269 816 5340 λόγον
830 5266 1027 5339 σεσαραωμένην.
1100 5291 1102 5294 >

395 5460 405 5505 t
419 5459 484 5515 Apud
495 5458 557 5504 l’bot.
568 5459 673 5505 eodm
