4122 6248
275 271 336 339 ωθ
775 259 1110 331 snmtomooaun
1129 262 1350 329 manarunt

277 433 384 497 maeri.
399 432 517 495 Varum
536 428 668 510 Gyrilhrs
686 428 844 495 inbrium
863 429 1044 509 hypostases
1093 428 1221 491 Necesse
1244 434 1290 490 est
1311 427 1408 505 enim,
1432 433 1469 491 ut
1491 426 1532 490 iis
1551 434 1607 493 aut
1627 426 1790 504 univirsis,
1803 434 1861 495 sut

278 527 356 590 duas
370 524 529 598 nominat3
542 523 597 584 sed
612 523 655 584 ita
666 529 702 584 ut
720 527 847 584 naturas
858 521 1021 600 intelligat.
1093 521 1280 600 pausiam
1291 519 1426 585 hominis
1438 521 1474 583 in
1487 521 1609 585 Christo
1626 529 1739 585 natura
1751 538 1860 585 carens

319 619 377 679 IV.
398 617 552 678 Adversus
566 615 648 676 hauc
664 614 760 693 igitur
778 614 1043 688 Nestosiauorum,
1093 631 1226 693 persona
1236 631 1301 675 esse
1314 619 1458 692 nequeat.

110 731 256 781 amessa·
280 712 313 772 et
325 708 593 789 Eutychianorum
612 715 743 786 πρόληψιν,
763 704 859 767 Grssoi
873 704 1046 785 praesertim
1134 707 1174 767 V.
1184 707 1255 767 iam
1268 706 1405 786 primum
1418 705 1633 783 comtatillusi,
1648 706 1734 786 quod
1747 704 1860 784 sapius
1897 730 1920 777 Β
1941 725 2017 783 qaas

148 782 216 828 Μ’
282 800 398 877 Patres,
420 799 475 879 qui
496 799 668 861 accuratius
689 799 723 859 in
740 814 810 859 eam
831 797 1045 859 tractationem
1094 803 1233 877 repetere
1245 816 1369 861 neceam
1390 798 1464 873 fuit,
1489 803 1520 861 et
1537 798 1571 861 in
1590 802 1701 877 quarto
1724 797 1860 861 maxima
1891 790 2021 896 nm,
2046 856 2047 861 ,

280 892 508 969 incumbentes,
522 888 1047 971 ephilosophiaprsasidiumadjun-
1092 889 1173 951 libro
1198 891 1237 955 da
1259 888 1411 953 Trinitato
1423 889 1596 969 diligenter,
1611 907 1648 953 oo
1667 889 1735 951 tans
1752 888 1859 968 dispu·
2046 888 2047 921 l

280 1003 354 1065 gere
366 1003 432 1047 non
445 984 646 1060 dubitarunt,
662 984 721 1044 boc
733 988 805 1044 ante
819 982 924 1043 omnia
937 980 1047 1042 consti-
1094 986 1194 1043 tatum
1217 988 1272 1060 est,
1287 989 1385 1061 cartas
1400 982 1441 1042 ab
1457 981 1614 1045 veteribus
1625 980 1686 1047 illis
1703 998 1744 1043 es
1756 979 1861 1061 pbilo-

137 1101 230 1156 oasam
280 1083 419 1151 tuarum,
440 1083 585 1139 naturam
615 1074 750 1136 hominis
776 1075 811 1136 in
837 1073 954 1136 Christo
980 1090 1046 1135 non
1094 1074 1203 1155 sophia
1249 1075 1430 1137 constitutas
1472 1091 1539 1141 asse
1578 1073 1791 1149 conditiones,
1830 1078 1863 1134 et

111 1156 258 1255 aalma
281 1170 439 1245 exstitisse,
448 1175 615 1249 antequam
628 1185 700 1231 cum
713 1166 816 1229 divim
826 1165 929 1229 Verbo
943 1171 1046 1227 necte·
1095 1165 1267 1246 qualitates,
1292 1166 1464 1245 exquibus
1489 1165 1662 1247 hypostasis
1680 1164 1803 1239 confici,
1826 1183 1865 1229 so

111 1260 262 1327 sm<
281 1268 388 1325 retur:
406 1263 491 1342 quod
503 1262 583 1323 libro
596 1265 717 1341 quarto,
738 1259 836 1338 capite
858 1258 978 1319 decimo
992 1257 1046 1319 de-
1094 1258 1296 1321 determinasi
1309 1258 1410 1335 debat,
1425 1264 1490 1320 uta
1502 1264 1625 1329 natura,
1640 1276 1711 1339 quas
1721 1274 1865 1321 commu·

112 1326 259 1427 ιοριῗῗιῗυιι
282 1360 490 1417 monstratum
505 1361 561 1416 est.
579 1354 678 1431 Atque
701 1369 739 1413 ao
761 1355 834 1411 sunt
855 1350 952 1429 aliqui
973 1366 1045 1428 pro·
1094 1350 1213 1426 nisest,
1229 1348 1402 1412 differentia
1412 1351 1518 1430 aliqtsa
1530 1356 1699 1430 separetur.
1715 1351 1773 1415 Fas
1790 1367 1864 1430 pro-

126 1432 244 1525 acics,
283 1448 390 1527 gressi,
405 1454 441 1508 ut
453 1446 597 1509 universe
609 1442 848 1523 pronuntiarent
860 1441 1046 1507 substantias
1095 1443 1241 1521 prietates
1255 1443 1421 1520 Gregorius
1429 1442 1864 1523 Nyssenusappellatttrttom

124 1541 248 1639 mm·
281 1557 403 1613 omnes,
421 1556 492 1619 qua
508 1542 656 1617 separata
674 1553 730 1615 per
743 1553 776 1596 se
789 1535 972 1609 consistunt,
987 1533 1046 1614 hy·
1095 1533 1215 1614 appete&
1226 1534 1284 1596 hoc
1295 1539 1342 1595 est
1352 1534 1515 1615 peculiares
1528 1541 1609 1597 notas
1618 1554 1633 1612 ,·
1646 1533 1864 1614 wamma

283 1636 429 1712 poetasse,
460 1635 515 1691 aut
539 1645 685 1710 personas
711 1644 796 1702 esse;
826 1632 862 1687 ut
888 1626 915 1687 si
943 1626 1046 1689 anima
1096 1632 1169 1689 suut
1196 1627 1364 1700 naturales,
1394 1645 1464 1706 quse
1491 1625 1610 1689 aboleri
1635 1631 1808 1706 nequeunt,
1831 1631 1866 1691 st

281 1721 419 1785 hominis
431 1726 503 1783 anta
516 1738 627 1800 oorpm
640 1718 795 1796 canterat,
810 1717 971 1779 illamsine
984 1717 1049 1778 silla
1096 1724 1224 1780 manent
1241 1719 1371 1798 integra
1388 1720 1422 1781 in
1435 1720 1501 1798 ipsa
1514 1719 1696 1782 oumllerbo
1714 1718 1863 1796 conjunc-

281 1813 472 1876 dubitationa
485 1829 649 1894 parsormm
667 1809 812 1872 tamrent.
835 1811 883 1871 Ita
902 1809 1048 1871 Rusticus
1097 1808 1200 1886 ticum
1214 1810 1589 1891 aliusunthypostotioae,
1600 1829 1671 1891 qua
1684 1828 1758 1874 cum
1770 1816 1865 1875 nabi·

281 1906 430 1969 diaeonus
451 1905 485 1967 in
502 1902 708 1985 Disputaticne
725 1909 827 1964 contro
846 1899 1009 1982 Acepbolos
1023 1900 1046 1961 ¹.
1095 1901 1140 1965 ris
1152 1903 1335 1984 neutiquam
1347 1902 1602 1984 multiplicantur.

282 1998 555 2077 Leontiusquoque
565 1994 702 2057 animam
711 1993 810 2074 ipsam
821 1998 853 2054 et
862 1993 997 2074 corpus’,
1010 2013 1048 2056 es
1138 1995 1333 2075 Dentrisque
1344 1995 1451 2059 scribit
1463 1996 1583 2059 erudita
1599 1996 1735 2059 ioannes
1747 1996 1862 2059 Dama·

283 2090 397 2171 quibus
407 2090 503 2153 homo
517 2087 733 2166 componitur,
750 2091 844 2165 negat
857 2085 1048 2166 imperiosius
1096 2105 1207 2151 scenas
1220 2089 1254 2149 in
1267 2088 1349 2149 libro
1360 2086 1396 2149 ie
1407 2085 1518 2149 duetus
1533 2086 1748 2162 voluntatibus,
1767 2105 1864 2166 quem

283 2201 349 2246 esse
367 2181 570 2259 substantiam
591 2179 674 2240 unde
696 2196 888 2258 consequens
909 2178 958 2256 sit,
984 2196 1048 2241 asse
1098 2179 1203 2243 iocum
1223 2180 1257 2239 in
1269 2179 1329 2242 hoc
1342 2185 1436 2258 caput
1449 2178 1637 2242 distulimus.
1663 2200 1679 2239 υ
1700 2179 1792 2253 Sciri,
1814 2180 1864 2241 in·

283 2272 568 2355 personas,saltem
590 2288 662 2333 cum
685 2270 860 2333 existunto
882 2288 915 2333 sc
938 2277 1048 2333 mutuo
1098 2272 1177 2351 quit,
1204 2277 1326 2351 oportet
1343 2288 1470 2332 omnem
1483 2271 1648 2335 hominum
1672 2270 1865 2350 hypostasim

284 2366 422 2443 divulsae,
439 2365 478 2426 de
490 2382 552 2444 quo
565 2362 639 2425 alibi
651 2361 757 2441 scripsi
767 2359 790 2423 ³.
1097 2363 1212 2425 hahere
1227 2366 1294 2438 hcc,
1310 2369 1347 2424 ut
1357 2363 1407 2439 sit,
1421 2368 1453 2425 et
1472 2381 1598 2425 ernon
1621 2362 1813 2427 exuentibus
1824 2363 1867 2425 ad

324 2459 416 2537 Hugo
438 2462 587 2536 praeterea
611 2454 786 2516 Victorinus
812 2457 882 2513 tum
906 2450 965 2513 hoc
991 2450 1049 2513 sibi
1098 2456 1131 2516 id
1150 2464 1186 2517 ut
1199 2462 1308 2533 exstet,
1323 2474 1342 2516 a
1355 2454 1516 2519 conditore
1538 2455 1751 2535 perductasit.
1773 2453 1865 2532 Ejus·

284 2549 391 2629 objicit
403 2545 435 2626 ⁸3
454 2548 630 2611 «Animam
643 2564 709 2608 esse
717 2543 900 2607 rationalem
910 2543 1051 2605 substan·
1098 2547 1184 2609 modi
1206 2554 1279 2610 sunt
1291 2553 1431 2609 creatum
1450 2547 1606 2616 asserite
1626 2552 1657 2609 et
1678 2546 1815 2621 actione,
1830 2564 1867 2611 aa

282 2641 369 2710 tiam.
386 2645 417 2701 et
424 2639 617 2703 individuam
627 2643 792 2699 naturam:
810 2634 895 2717 (quae
909 2634 1049 2696 diffinitio
1099 2657 1191 2703 sonsa
1204 2640 1385 2720 preditum:
1399 2639 1474 2701 ium
1487 2636 1711 2717 intalbgontia,
1724 2637 1865 2712 rancus,

283 2739 329 2797 est
352 2729 508 2813 personia)
534 2730 631 2808 lgitur
657 2730 684 2790 si
709 2728 874 2807 assumpsit
899 2727 1047 2803 animam,
1099 2733 1264 2813 appetitus,
1288 2734 1347 2795 hoc
1366 2737 1413 2793 est
1431 2730 1599 2793 voluntatis
1611 2728 1812 2810 participem:
1826 2729 1869 2795 ati

282 2825 376 2888 etiam
398 2840 614 2908 personam3s
637 2826 706 2883 tum
721 2821 765 2883 ita
787 2817 969 2899 respondet:
991 2819 1051 2882 hoc
1098 2824 1167 2887 haec
1180 2823 1421 2900 exsuhstantiis,
1429 2823 1677 2885 etsooideutibus
1687 2821 1867 2885 subsistere.

282 2918 391 2997 nuque
417 2932 609 2995 consequens
635 2913 739 2981 fuisse,
770 2933 786 2973 a
813 2912 838 2973 si
865 2910 951 2991 prius
973 2917 1052 2975 assat
1100 2917 1259 2995 Haeoergo
1272 2914 1475 2991 substantiva,
1499 2921 1532 2977 et
1548 2914 1701 2977 naturalis
1723 2917 1808 2977 sunt.
1829 2915 1872 2975 at

282 3010 397 3079 anima,
410 3026 505 3088 quam
514 3011 732 3068 assumeretur.
742 3006 794 3065 Est
803 3020 939 3083 namque
947 3003 1052 3065 anima
1100 3009 1227 3071 illorum
1241 3008 1377 3088 propria,
1391 3012 1424 3068 et
1436 3024 1476 3069 ex
1485 3006 1633 3084 peculiari
1640 3004 1788 3069 stennone
1799 3022 1872 3084 pso·

281 3118 423 3181 persona,
439 3100 518 3160 sicut
534 3098 679 3176 Angelus.
699 3096 778 3171 Quid
790 3095 874 3157 enirn
892 3102 940 3158 ast
956 3097 1051 3158 homo
1099 3099 1292 3176 tectsmotio,
1301 3099 1495 3179 hypostatica
1503 3096 1872 3161 iactantissimus

281 3193 343 3255 nisi
363 3190 467 3252 anima
488 3189 606 3252 habens
618 3187 754 3267 eorpus?
768 3187 831 3253 Sed
844 3188 913 3248 ideo
925 3208 990 3249 uon
1004 3207 1052 3250 aa·
1100 3193 1232 3263 istorum
1246 3210 1312 3253 esso
1326 3190 1521 3270 participem,
1538 3190 1678 3269 ejusdcm
1690 3200 1811 3251 nature
1825 3191 1873 3251 est

280 3282 413 3364 sumpsit
434 3299 611 3363 personam,
640 3280 715 3360 quis
740 3299 806 3343 non
829 3285 896 3343 erat
920 3298 1052 3360 persona
1100 3290 1340 3364 argumentum:
1367 3282 1479 3343 modus
1505 3287 1611 3345 autam
1636 3279 1811 3353 existendi,
1835 3297 1873 3341 so

281 3373 733 3457 quodassumpsit.1tnimam
759 3389 896 3451 namque
919 3373 1052 3435 creando
1101 3378 1211 3450 divisa,
1237 3383 1269 3439 et
1282 3380 1426 3439 conamus
1450 3392 1507 3453 per
1528 3393 1595 3437 sose
1616 3371 1826 3446 subsistantia,
1842 3376 1874 3433 at

282 3468 443 3548 assumpit,
458 3465 689 3531 atassumendo
703 3466 859 3527 meavit.»
1101 3470 1344 3548 uuiuscujusque
1363 3468 1610 3547 coagmentatio;
1627 3484 1684 3531 naa
1696 3483 1763 3529 non
1776 3482 1872 3549 pacu-

320 3558 416 3637 Atqui
439 3557 615 3619 communis
638 3561 685 3619 est
710 3575 776 3618 uon
802 3556 896 3619 modo
918 3556 1053 3635 philoso-
1101 3560 1202 3634 liaris,
1219 3566 1250 3622 at
1263 3566 1370 3641 sponte
1386 3559 1512 3639 propria
1531 3559 1704 3639 impulsus,
1724 3576 1762 3623 ao
1782 3555 1872 3619 ‹litic-

281 3650 502 3730 phorum,‘sod
521 3650 616 3711 eu'am
635 3647 850 3726 theologorum
872 3649 964 3711 hodia
982 3668 1052 3713 seu·
1101 3671 1175 3717 rens
1186 3652 1376 3715 naturalium
1389 3669 1479 3726 uam,
1493 3650 1621 3726 divium,
1637 3654 1670 3712 at
1681 3668 1701 3713 a
1713 3654 1872 3719 semotus

280 3741 398 3817 tantia;
413 3759 515 3821 neque
537 3740 676 3805 animam
694 3740 864 3820 quamlibet
885 3759 905 3802 a
926 3759 1054 3820 corpore
1102 3743 1238 3807 divnlsm
1247 3744 1428 3824 hypostases
1436 3743 1582 3820 ostendit,
1590 3741 1757 3821 efficitque,
1768 3739 1872 3820 plures

280 3834 465 3913 sejunm,
489 3831 656 3914 personam
681 3850 745 3895 esse
757 3852 766 3908 ;
794 3851 895 3912 neque
922 3851 1051 3913 corpus,
1104 3836 1296 3901 uthomines
1306 3836 1493 3897 dicauturta

281 3926 347 4003 sire
370 3925 544 4001 mutarim,
567 3943 604 3987 ac
627 3924 797 4003 quamlibet
821 3925 915 3985 aliam
936 3930 1055 4003 partam
1143 3928 1200 3991 liic
1211 3927 1405 4008 hypostasim
1418 3926 1536 4006 duplici
1548 3943 1588 3989 ex
1604 3942 1720 4005 εοιιοιο
1737 3924 1874 4005 propria·

281 4015 433 4079 naturalis
454 4021 486 4081 et
506 4014 649 4097 perfecta
662 4014 852 4091 substantias,
875 4033 929 4096 per
950 4033 982 4077 sa
994 4015 1054 4095 hy·
1105 4024 1204 4083 istum
1215 4019 1616 4098 constaredoretzqusrum
1628 4017 1697 4081 alise
1707 4022 1873 4083 maicon-

281 4107 429 4188 postasim
453 4125 529 4171 esse.
553 4108 597 4171 De
619 4125 682 4186 qua
702 4125 738 4169 re
758 4112 794 4167 ut
813 4107 986 4169 accuratius
999 4126 1054 4171 co·
1104 4127 1217 4173 munes
1242 4110 1300 4171 toti
1323 4110 1445 4190 speciei,
1469 4116 1501 4171 at
1519 4109 1677 4171 mtursles
1704 4109 1871 4184 dicuntum

280 4215 430 4277 gnoscere
451 4197 616 4278 possimus,
636 4197 822 4261 intuendum
845 4198 934 4262 uobis
955 4198 1056 4261 estin
1105 4200 1871 4281 abmsnntindividuacujusqncnatnrsopropria3

281 4294 445 4367 assumas,
457 4294 488 4350 et
499 4289 711 4371 proprietates,
723 4289 964 4372 οἱυοχοροκτῆρις,
978 4309 1056 4371 quos
1105 4291 1193 4355 velut
1206 4299 1251 4355 est
1275 4311 1331 4374 per
1344 4311 1377 4355 se
1390 4311 1426 4355 ac
1438 4297 1547 4374 suapte
1566 4292 1759 4355 motionesri
1780 4308 1872 4371 agen·

284 4382 405 4463 sntiqssi
440 4382 577 4460 theologi
606 4393 637 4461 τῆ
665 4389 797 4447 ὑποστάσει
829 4382 1055 4462 prefiuierunt.
1105 4384 1182 4449 dum
1207 4385 1346 4461 maioni,
1369 4392 1463 4463 atqua
1482 4384 1549 4465 ipse
1570 4382 1685 4461 modu,
1714 4388 1750 4447 ut
1763 4385 1875 4447 vorant

321 4597 343 4638 a
359 4582 456 4639 lassa.
481 4583 599 4641 Danaae.
618 4581 717 4638 Etitesu
736 4582 818 4638 τοίνυν
842 4580 901 4656 χρὴ,
931 4584 969 4638 ὅτι
989 4584 1054 4652 setun
1103 4586 1217 4659 διουορὸω
1240 4586 1270 4641 το
1288 4584 1332 4658 pto
1355 4583 1403 4657 γὰρ
1421 4583 1532 4657 μστίχειι
1549 4583 1655 4649 τούτου,
1677 4583 1708 4639 τὸ
1731 4581 1874 4651 arithmis

284 4664 419 4738 δυθρώισωυ
441 4664 574 4728 ὑπόστασις
588 4665 640 4737 ἔχει
658 4667 703 4733 τό,
727 4684 755 4719 τι
771 4660 848 4733 εἶναι,
862 4665 904 4719 καὶ
922 4666 951 4719 τὸ
974 4665 1001 4721 ἐκ
1022 4665 1055 4739 poi
1104 4670 1198 4739 φύσιος
1220 4669 1375 4741 παρίστησιν.
1398 4667 1413 4722 h
1433 4666 1460 4723 hi
1485 4669 1575 4739 τρόισοι
1588 4668 1632 4735 τῆς
1651 4664 1785 4739 ὑπάρξεως,
1799 4664 1873 4733 esth

285 4748 364 4802 ὄντων
383 4746 458 4809 οἴετο
472 4741 534 4800 εἶναι
547 4747 595 4801 tuo
619 4753 664 4802 soii
687 4750 836 4820 δημιουργοῦ
850 4749 984 4822 παρῆχθαι·
999 4767 1057 4802 του·
1105 4752 1292 4824 ὓποτττμημέυη
1320 4751 1387 4818 (ior.
1414 4749 1618 4823 ἂπστιτμημὲιη)
1639 4750 1679 4804 asi
1709 4749 1874 4809 uisum

284 4829 514 4902 sinisterioris,
529 4832 569 4897 τό,
579 4830 727 4895 retunsis,
741 4830 783 4884 καὶ
796 4830 825 4883 rh
844 4828 1058 4904 tramandatoci
1105 4834 1246 4900 internata,
1267 4832 1309 4887 sai
1329 4831 1445 4907 σύμπηξις
1462 4832 1573 4901 ἑκάστου,
1595 4833 1636 4887 aei
1646 4831 1663 4900 ἡ
1675 4830 1823 4909 ἰδιότροτσς,
1836 4829 1874 4883 καὶ

286 4910 435 4984 αἰσθητικὸν,
452 4911 493 4965 καὶ
512 4911 785 4985 inopinatissima,
800 4912 840 4965 καὶ
854 4911 988 4986 ὀρεκτικὸν,
1002 4934 1058 4971 του-
1106 4915 1266 4993 ἰδιοιιίνηιος,
1280 4917 1320 4972 sai
1334 4918 1450 4991 διάπυρος
1463 4921 1512 4973 τῶν
1540 4922 1649 4988 φυσικῶν
1665 4917 1769 4991 χρῆσις,
1785 4913 1873 4969 ἀποτι-

286 4997 353 5051 τέστι
366 4995 502 5065 ieiuniis,
516 4995 556 5048 καὶ
581 4994 611 5049 το
630 4992 654 5058 ἐξ
674 4994 779 5063 omino,
802 4996 843 5050 καὶ
869 4996 1057 5067 sagittipotens
1105 5002 1230 5075 τμημίυσς
1247 4998 1447 5064 sirisoptime
1463 4996 1874 5071 διίκιυσιμισὶπολλοὶιςὶέγσσὴι

285 5077 439 5150 bpimsoiat.
463 5081 541 5132 rovira
554 5071 597 5133 οὖν
620 5074 728 5145 siurbia
751 5077 807 5144 sisi,
829 5079 870 5131 ssi
883 5080 981 5151 φυσικά·
1003 5077 1058 5148 ἡδὲ
1105 5084 1162 5151 τους
1176 5083 1317 5156 ἀνθρώπους
1326 5084 1401 5139 ποιεῖ’.

287 5161 380 5217 soltus
402 5160 548 5235 ἰδιότροπος,
567 5160 608 5216 sai
631 5156 758 5236 ἶδιιιῖριτσς
775 5160 885 5231 κίνησις,
907 5160 1057 5231 iconatui

290 5330 514 5465 &goswini
523 5345 595 5452 alpos
606 5348 702 5405 σοι-ι
714 5344 852 5398 nussum.
864 5347 891 5396 ιι
902 5349 959 5397 sut.
972 5355 1035 5405 piru
1058 5347 1140 5395 11.-s
1152 5347 1200 5396 cu.
1209 5347 1245 5401 ιι,
1258 5359 1307 5405 ap.
1320 5357 1343 5401 ι,
1350 5356 1427 5404 μοι.
1441 5344 1514 5392 s.-r
1526 5344 1696 5393 ιιιιιισυιυ
1707 5343 1770 5391 σου
1781 5353 1873 5390 exv.-
