4122 6248
618 313 668 375 DE
687 312 997 394 lNCdRNdTIONE,
1020 314 1095 376 LlB.
1117 314 1156 391 V,
1178 313 1265 376 CdP.
1287 313 1382 375 XVll.
1723 312 1785 374 665

199 475 271 537 dem
284 476 409 557 propria
429 484 496 540 erat
508 479 604 559 ipsius
622 497 710 555 car0;
731 480 810 542 sicut
822 485 965 541 nostrum
1014 497 1109 561 qrram
1118 484 1329 542 assumentem
1337 481 1440 560 ipsum
1449 480 1552 541 Deum
1561 478 1703 540 Verbum
1715 497 1786 560 pro-

198 569 348 648 cujusque
363 572 526 651 proprium
538 578 584 633 est
597 572 693 652 ipsius
705 579 881 653 corpusl.u
1014 572 1196 634 nuntiante
1216 599 1229 628 ι
1253 572 1331 634 Vide
1355 573 1489 634 Leonem
1510 573 1628 651 Papam
1656 570 1786 632 homilia

238 663 311 723 Hoec
331 663 370 723 sit
391 662 486 742 igitur
516 666 617 742 prima
642 665 731 741 ratio,
761 666 964 745 omniumque
1015 666 1105 727 tertie
1124 663 1328 741 ε’νιΝαιοὶειιι,
1350 670 1381 727 et
1402 665 1438 725 in
1454 663 1583 744 epistola
1606 662 1725 724 decima
1747 662 1788 724 ad

197 754 433 833 simplicissima,
449 762 481 818 et
496 756 716 834 efficacissima,
732 776 788 819 eur
800 768 913 828 νεοτόκος
927 775 964 820 eo
1015 757 1211 832 Flavianum,
1239 758 1338 838 sepite
1363 756 1516 833 secundo,
1543 762 1574 818 et
1601 754 1785 817 Cassianum

192 846 276 925 Jurc,
298 865 362 927 quo
385 865 455 928 quse
481 850 610 930 optimo,
626 851 707 913 dicta
729 851 768 912 sit
788 850 965 912 beatissima
1014 849 1094 911 libro
1104 851 1239 913 secundo
1250 869 1315 930 cap.
1332 851 1434 912 tertio.

195 939 302 1018 Virgo,
317 940 402 1019 qtrod
414 943 513 1003 Deum
526 960 648 1019 verum,
662 943 964 1024 propriequenomi·
1055 945 1095 1002 Et
1106 943 1141 1003 iu
1159 942 1288 1023 epistole
1308 959 1441 1017 εκτεινεν,
1461 938 1500 1002 od
1522 939 1693 1001 Dioscorum
1716 938 1786 1001 Ale·

194 1037 305 1092 uatum
330 1033 460 1111 genuit,
489 1052 526 1096 ac
551 1035 680 1115 peperit.
710 1036 808 1111 Quam
834 1034 965 1115 proinde
1014 1033 1197 1096 mardrinum
1206 1033 1563 1117 epucopum,luculenter
1571 1031 1784 1113 appellationis

195 1141 319 1186 causam
339 1123 588 1203 frequentissimo
612 1146 671 1189 usn
694 1126 889 1189 celebrarunt
911 1145 965 1188 ve·
1014 1127 1109 1206 hujus
1124 1136 1294 1203 τῆςθεοτόκου
1307 1129 1462 1189 rationem
1476 1126 1560 1187 idem
1573 1124 1785 1186 Theudoretus
1823 1140 1931 1195 mipace.

118 1288 121 1293 Ι
194 1221 286 1276 teres.
306 1217 416 1277 «Deus
429 1217 513 1278 euim
525 1224 631 1280 noster
643 1220 733 1281 iesus
746 1219 887 1280 Christus
905 1217 964 1300 (ait
1015 1220 1165 1294 edisserit,
1179 1238 1217 1281 ex
1232 1239 1281 1289 eo,
1304 1221 1389 1300 quod
1410 1218 1576 1300 Apostolus
1594 1238 1609 1276 α
1628 1216 1783 1278 Christum

194 1308 333 1383 ignatius
344 1309 377 1369 iu
387 1310 515 1389 epistola
528 1312 570 1372 od
583 1310 730 1393 Ephesios
741 1331 759 1374 a
770 1312 963 1374 'theodoreto
1014 1313 1226 1391 superomnia
1240 1314 1338 1374 Deum
1356 1312 1555 1374 benedictum
1575 1315 1664 1370 vocat
1681 1310 1715 1369 iu
1735 1327 1783 1370 se-

194 1397 389 1480 loudatusla
411 1403 508 1463 Maria
530 1409 665 1478 gestatus
692 1404 797 1465 estin
822 1409 910 1465 utero
925 1422 962 1466 ex
1014 1404 1084 1465 cula
1093 1403 1115 1467 ¹.
1133 1424 1148 1461 ν
1168 1406 1277 1466 «Nam
1287 1407 1379 1481 Deus,
1394 1405 1438 1465 ait
1451 1402 1586 1477 Procius,
1602 1419 1641 1463 ex
1653 1400 1784 1463 muliere

193 1492 310 1554 semiue
321 1492 446 1555 Daviut.
459 1516 475 1552 a
486 1497 586 1568 Quare
603 1497 654 1557 usi
666 1498 748 1557 Deus
758 1503 804 1558 est
812 1497 963 1557 Dominus
1012 1497 1138 1576 genitus
1152 1503 1208 1573 est,
1232 1515 1297 1557 non
1320 1515 1445 1559 merus:
1470 1503 1501 1558 ct
1518 1495 1624 1567 homo,
1641 1511 1706 1555 nou
1720 1512 1783 1554 nu-

192 1590 297 1644 noster
311 1585 401 1646 lesus
414 1586 564 1662 Christus,
581 1589 737 1667 quomodo
759 1589 811 1648 Dei
830 1589 963 1667 genitrix
1013 1589 1101 1651 dus‘.
1121 1611 1133 1647 ν
1151 1590 1287 1651 loannes
1310 1591 1385 1651 item
1397 1592 1602 1651 Damascenus
1618 1587 1783 1648 accuratis·

192 1694 257 1736 non
271 1685 328 1754 est,
346 1678 520 1755 quasillum
538 1682 648 1760 genuit
665 1686 771 1742 sanctu
789 1680 958 1759 Virgo⁶iu
1013 1682 1160 1743 simevim
1170 1681 1253 1742 illius
1260 1683 1397 1742 nominis
1405 1680 1573 1761 expauitin
1583 1676 1664 1739 libro
1678 1670 1783 1755 tertio,

192 1773 229 1827 ut
243 1775 480 1847 argumentatur
492 1771 628 1852 cyrillus
646 1772 884 1834 Alexandrinus.
902 1773 962 1847 Qui
1013 1774 1112 1853 capite
1126 1789 1178 1835 tur.
1205 1799 1218 1827 ε
1239 1776 1293 1835 Del
1310 1774 1503 1852 genitricem,
1523 1772 1577 1840 ait.
1593 1770 1717 1850 proprie
1731 1788 1784 1831 ve-

192 1859 324 1921 subinde
339 1861 481 1940 pluribus
496 1863 534 1924 de
553 1865 611 1926 hac
624 1882 657 1925 re
676 1865 807 1939 disserit,
824 1884 961 1927 uesano·
1013 1882 1109 1944 reque
1136 1870 1275 1926 sanctam
1300 1865 1462 1944 Virginem
1494 1862 1712 1943 predicamus.
1744 1864 1784 1924 Ut

192 1950 341 2013 tissimum
352 1953 481 2014 Mariam
491 1973 556 2015 nou
566 1957 670 2016 miuus
678 1955 802 2029 filiisui,
813 1958 867 2037 qui
880 1959 961 2019 Deus
1013 1958 1097 2018 euim
1112 1959 1193 2018 Deus
1209 1973 1302 2017 verus
1318 1962 1375 2033 est,
1391 1958 1445 2036 qui
1461 1974 1499 2018 ex
1513 1955 1566 2016 illa
1579 1955 1703 2035 genitus
1716 1960 1782 2030 est;

193 2049 251 2115 est,
267 2049 400 2107 matrem
410 2064 475 2107 csse
491 2048 692 2126 demonstrat,
702 2067 797 2128 quam
806 2055 880 2112 sunt
892 2051 959 2112 alia
1012 2049 1141 2111 itavere
1159 2055 1205 2111 est
1224 2049 1279 2110 Dei
1298 2050 1442 2127 genitrix,
1463 2066 1533 2128 quaa
1556 2065 1666 2108 verum
1686 2047 1784 2107 lleum

192 2135 319 2198 feminas
344 2155 472 2199 snorum
497 2146 649 2218 parentes,
676 2146 707 2202 et
729 2141 903 2221 genitrices,
922 2143 960 2203 de
1012 2159 1052 2202 ex
1074 2143 1174 2221 seipsa
1196 2143 1393 2203 incarnatum
1417 2140 1557 2220 geuuitl.
1581 2160 1598 2198 ν
1623 2139 1662 2199 Et
1687 2155 1781 2199 mox:

193 2247 256 2308 quo
281 2236 387 2309 postea
410 2231 553 2293 subtilius
573 2240 692 2312 agetur.
715 2235 793 2295 Vide
816 2235 961 2297 eumdem
1016 2236 1111 2295 «Non
1125 2235 1208 2296 enim
1231 2251 1354 2295 merum
1376 2233 1486 2313 genuit
1503 2232 1665 2293 hominem
1687 2230 1783 2309 Virgo

194 2321 343 2401 cyrillum
361 2323 395 2383 in
413 2324 542 2403 epistola
555 2324 596 2385 ud
609 2325 775 2388 Nestorium
792 2333 958 2406 postrema.
1012 2331 1116 2387 sauata
1127 2346 1135 2402 ;
1146 2327 1200 2386 sed
1209 2327 1309 2387 Deum
1317 2344 1426 2386 verum
1438 2345 1447 2399 ;
1461 2342 1520 2386 nec
1531 2325 1635 2405 ipsum
1648 2322 1782 2398 nudum,

233 2413 492 2477 ILTheodoretus
501 2435 635 2496 quoque,
643 2418 831 2497 ceteroquin
842 2419 961 2481 alienus
1012 2419 1065 2479 sed
1085 2419 1293 2487 incarnatum,
1311 2418 1365 2497 qui
1385 2436 1450 2479 non
1470 2435 1487 2478 e
1510 2417 1587 2478 eoelo
1608 2431 1720 2493 corpus
1733 2414 1785 2475 de·

194 2504 234 2564 ab
248 2505 375 2584 Cyrillo,
396 2513 428 2568 et
444 2508 477 2568 in
492 2509 669 2570 Nestorium
688 2528 869 2589 propensus,
890 2528 961 2572 cum
1011 2510 1092 2583 tulit,
1104 2529 1140 2571 ac
1149 2528 1205 2590 per
1214 2510 1310 2585 illam,
1321 2511 1407 2572 velut
1417 2527 1471 2589 per
1480 2509 1633 2582 acumem,
1645 2505 1781 2566 transiit:

194 2596 340 2659 adversus
373 2599 457 2660 illius
492 2601 767 2663 anathematismos
793 2602 960 2680 scriberet,
1012 2603 1066 2663 sed
1087 2621 1126 2663 ex
1149 2601 1215 2681 ipsa
1233 2601 1527 2663 consubstantialem
1545 2598 1635 2660 nobis
1658 2615 1783 2658 carnem

34 2704 40 2714 ·
138 2732 145 2745 ·
193 2700 306 2754 νεοτόκον
315 2692 457 2751 eamdem
466 2691 552 2752 illam
563 2692 603 2753 oh
612 2711 737 2753 causam
746 2692 962 2773 appellandam
1012 2695 1190 2772 assumpsit,
1209 2700 1239 2755 et
1252 2694 1286 2754 in
1299 2711 1331 2755 se
1346 2694 1411 2773 ipso
1424 2692 1496 2754 iecit
1510 2691 1688 2753 subsistere.
1705 2690 1785 2749 Nam

194 2800 261 2843 esse
284 2782 403 2843 censuit
424 2784 456 2843 in
484 2784 693 2845 confutatione
714 2784 963 2847 anathematismi
1012 2787 1038 2848 si
1052 2780 1164 2865 'eorpus
1178 2804 1195 2847 e
1210 2785 1287 2847 coelo
1306 2786 1420 2862 attulit,
1435 2785 1528 2864 idque
1542 2801 1606 2845 non
1620 2799 1659 2843 ex
1673 2788 1785 2843 nahrra

193 2873 298 2954 primi,
321 2874 405 2954 quod
425 2876 662 2936 Emmanuelem
686 2876 873 2954 genuerit«
896 2878 962 2939 Hoc
1011 2885 1124 2939 uostrae
1138 2877 1230 2937 simili
1243 2882 1404 2956 sumptum
1428 2887 1484 2947 est,
1507 2894 1576 2954 quae
1591 2875 1708 2935 utilitas
1726 2872 1785 2934 tuit

194 2967 279 3026 enim
296 2984 411 3027 nomeu
431 2985 532 3046 neque
551 2969 651 3029 Deum
674 2968 829 3041 siguificat
847 2968 886 3027 ab
902 2969 963 3029 hu·
1012 2969 1148 3030 hominis
1159 2968 1316 3048 suscepti?
1330 2969 1483 3049 siquidem
1497 2966 1714 3028 inhumanatio
1729 2966 1783 3026 Dei

193 3075 289 3118 muna
310 3065 422 3119 natura
445 3060 654 3138 disjunctum,
679 3078 780 3139 neque
802 3060 963 3122 hominem
1011 3060 1106 3120 Verbi
1120 3066 1284 3139 propterea
1295 3059 1374 3121 lacta
1387 3066 1444 3136 est,
1455 3065 1491 3120 ut
1501 3060 1622 3131 eadem,
1634 3076 1703 3138 quas
1715 3075 1785 3136 pec-

194 3150 354 3211 divinitute
374 3152 527 3212 nudatum
542 3171 549 3212 τ
566 3169 637 3213 eum
658 3151 698 3211 sit
712 3152 961 3231 interpretatum,
1013 3155 1144 3225 caverat,
1160 3157 1190 3211 et
1205 3151 1365 3222 ceciderat,
1381 3159 1412 3212 et
1427 3155 1574 3230 corrupta
1594 3157 1660 3211 erat
1674 3153 1785 3210 nutura

193 3236 339 3299 ιιοόίιευινε
348 3238 963 3320 Deus,utEvaugcliumloquitur¹.Porro
1010 3248 1183 3322 tyrannum
1203 3242 1263 3302 sibi
1286 3246 1501 3303 occurrentem
1523 3242 1672 3315 vinceret,
1691 3247 1785 3319 supuc

194 3347 285 3391 voces
297 3331 373 3407 istro,
392 3331 554 3393 nobiscum
569 3335 659 3405 Deus,
676 3339 740 3394 tum
754 3352 838 3407 eum,
857 3334 910 3412 qui
925 3353 963 3396 ex
1011 3334 1072 3397 hoc
1093 3334 1185 3394 modo
1208 3353 1227 3395 a
1252 3335 1427 3413 corruptela
1441 3333 1626 3394 liberaretur
1637 3343 1662 3393 ν.
1681 3354 1693 3389 ι
1711 3333 1785 3393 Haec

196 3423 297 3498 uobis,
325 3441 382 3503 pro
409 3424 498 3485 nobis
525 3430 701 3505 assumptus
730 3432 786 3502 est,
812 3425 960 3502 iudicant,
1012 3433 1044 3488 et
1059 3426 1119 3487 alia
1136 3427 1267 3488 loannis
1290 3424 1472 3488 Damasceni
1495 3425 1591 3486 verba
1613 3423 1695 3485 Elias
1716 3424 1785 3485 Cre-

230 3617 252 3656 a
270 3602 379 3657 Gruter..
406 3617 450 3674 ep.
470 3618 480 3656 1
502 3601 544 3659 ad
557 3604 638 3659 Suco.
659 3603 705 3656 Καὶ
719 3601 800 3671 ἐπειδὴ
816 3603 869 3657 θεόν
893 3603 962 3658 όναν·
1012 3603 1106 3675 pilutus
1132 3603 1328 3676 κεχωρισμίνος,
1362 3601 1419 3656 οὔτε
1447 3602 1573 3674 ἅνθρωπος
1599 3602 1786 3673 γεγυμνωμένος

193 3685 369 3757 θρωιτήσαντα,
383 3685 423 3738 καί
443 3686 596 3758 σαρκωθίντα
616 3688 758 3759 γεγίννηκε,
781 3686 822 3740 διά
835 3692 909 3742 τοῦτο
922 3688 963 3741 καί
1011 3688 1135 3755 θεότητος.
1151 3685 1180 3740 τό
1194 3685 1241 3758 γίιρ
1259 3684 1425 3758 Ἐμμανουηλ
1448 3686 1477 3739 cb
1502 3683 1554 3757 μεθ’
1575 3683 1647 3755 ημῶν
1662 3681 1786 3755 όρμηνεύεε

194 3767 348 3839 ὀνομάζομεν
374 3769 488 3822 brociacus
517 3768 600 3836 αὐτήν.
629 3763 664 3831 εἷς
684 3763 725 3821 οὐν
755 3767 819 3822 ἔστιν
842 3769 904 3837 υἱός,
929 3763 964 3833 εἷς
1013 3762 1074 3822 εἶναι
1089 3768 1152 3832 θεόν,
1167 3767 1230 3822 κατὰ
1243 3768 1288 3836 τὴν
1303 3774 1352 3821 τῶν
1369 3766 1515 3839 εὐαγγελίων
1531 3768 1624 3839 φωνήν.
1644 3765 1673 3818 τί)
1691 3764 1717 3818 δὲ
1733 3766 1785 3838 μεθ’

194 3850 273 3922 κόριος
299 3852 394 3919 Ἰησοῦς
417 3851 536 3923 Χριστός,
552 3853 591 3905 ναί
610 3852 657 3924 πρθ
679 3856 723 3918 τῆς
745 3853 901 3925 σαρκώσεως,
924 3851 963 3905 καί
1012 3851 1082 3924 ἡμῶν
1098 3850 1112 3904 ό
1126 3851 1188 3915 θεθς,
1199 3852 1241 3905 καί
1256 3851 1296 3904 τόν
1308 3848 1332 3912 ἐξ
1346 3848 1483 3922 ἧμῶνθπὲρ
1497 3848 1784 3921 ἡμῶνλερθένταύηλοῖ,

194 3934 257 4006 μετὰ
271 3934 315 4003 την
328 3935 460 4007 σάρκωσιν.
490 3936 518 3988 οὐ
538 3934 585 4006 γάρ
607 3935 688 4007 ἕτερος
710 3932 740 4003 ἦν
754 3934 803 3997 υίύς
824 3934 838 3989 ό
862 3934 888 3988 ἐκ
908 3935 963 3989 θεοῦ
1012 3935 1053 3987 καί
1067 3934 1109 3988 τόν
1125 3932 1272 4005 ἀνειληφότα
1286 3933 1340 3986 θεόν
1352 3933 1428 4003 λόγον
1439 3930 1562 4004 κηρόττει.

194 4018 285 4088 πατρὸς
298 4018 382 4089 λόγος,
400 4018 482 4089 ἔτερος
493 4018 519 4071 δὲ
535 4020 609 4072 πάλιν
623 4018 638 4071 ό
653 4017 679 4071 ἐκ
693 4023 735 4086 τῆς
749 4017 819 4091 άγίας
833 4018 962 4089 παρθένου.
1048 4016 1284 4072 cPucctusot‘ul.
1302 4032 1321 4069 1.
1346 4014 1414 4067 Ἀλλ’
1425 4013 1451 4067 ἔτι
1460 4015 1573 4086 γυναικὸς
1587 4012 1787 4087 ἔγεννηθηόθεύς

194 4098 253 4153 ἀλλ’
276 4098 347 4164 αὐτός
367 4099 456 4162 ίκεῖνος
478 4101 493 4154 ό
513 4102 669 4173 προαιιόνιος·
694 4101 735 4153 καί
754 4100 817 4153 κατὰ
839 4102 918 4172 σάρκα
939 4097 965 4153 ἔκ
1012 4098 1152 4172 οὐγυμνύς,
1168 4101 1209 4151 καί
1230 4099 1356 4170 ἄνθρωπος
1366 4096 1394 4150 οὐ
1409 4097 1488 4170 ψιλός.

194 4185 308 4255 γυναικός
321 4184 475 4255 γεγεννῆσθαι
499 4184 646 4237 πιστεύεται.
669 4182 718 4257 οὐχ
735 4184 769 4244 ὡς
789 4186 833 4250 τῆς
851 4184 965 4250 θεότητος
1050 4181 1071 4256 s
1088 4183 1203 4239 Deulsc.
1224 4182 1345 4235 Θεοτόκον
1357 4176 1487 4251 biscopius,
1498 4179 1642 4248 ναίάληθίθς
1654 4179 1699 4247 τὴν
1713 4179 1786 4251 άγίαν

195 4265 271 4320 αὐτοῦ
293 4264 372 4338 ἀργὴν
388 4265 510 4333 λαόοῦοης
531 4265 563 4327 είς
585 4266 614 4319 τό
636 4261 708 4328 εἶναι,
736 4267 812 4337 ἤγουν
832 4264 865 4327 εἰς
885 4264 964 4337 ἀρχὴν
1013 4266 1132 4337 παρθένον
1146 4263 1308 4337 κηρύττομεν·
1334 4265 1368 4325 ὡς
1387 4263 1435 4336 γάρ
1455 4263 1508 4325 θεός
1527 4262 1646 4331 άληθὴςό
1669 4261 1786 4331 ίξαύτῆς

195 4347 319 4420 θπάρξειυς
332 4349 480 4420 κεκλημένης
494 4348 535 4401 διὰ
553 4353 597 4416 τῆς
614 4348 685 4420 όγίας
702 4349 831 4420 παρθίνου.
854 4346 911 4400 ἀλλ’
926 4349 964 4402 ότι
1014 4349 1146 4420 γεννηθείς,
1162 4348 1253 4415 άληθὴς
1266 4348 1378 4410 θεοτόκος
1391 4346 1406 4414 ἡ
1421 4347 1465 4400 τθν
1480 4344 1593 4413 ἀληθινόν
1608 4345 1661 4400 θεόν
1676 4343 1786 4414 όξαύτῆς

197 4432 305 4503 μᾶλλον,
320 4431 356 4492 ὡς
365 4430 435 4502 ίρην,
448 4433 593 4502 προαιόννιος
607 4435 643 4484 ὢν
658 4432 744 4503 λόγος,
759 4430 783 4494 li
797 4430 870 4498 αὐτῆς
882 4450 966 4504 γεγεν-
1014 4432 1200 4503 σεσαρκωμένον
1213 4431 1360 4502 γεννήσασα.

195 4513 280 4582 νῆσθαι
293 4513 390 4584 λέγεται
404 4513 466 4567 κατά
479 4515 565 4586 σάρκα.
581 4513 633 4568 ἴδια
651 4513 698 4587 γάρ
715 4510 745 4582 ἦν
767 4509 843 4567 αὐτού
859 4514 875 4582 ἡ
893 4512 964 4586 σάρξ,
1049 4530 1071 4585 g
1089 4516 1204 4571 Diuum.
1220 4512 1287 4569 ibid.
1307 4512 1342 4567 Οὐ
1361 4513 1408 4586 γάρ
1427 4513 1554 4585 ἄνθρωπον
1567 4511 1638 4584 ψιλόν
1658 4508 1784 4583 ίγόννηοεν

194 4596 301 4668 καθάπερ
316 4594 399 4666 ἀμέλει
412 4597 454 4649 καί
467 4594 538 4668 ημῶν
553 4596 656 4651 ἑκάστου
671 4597 700 4650 τὸ
713 4594 776 4649 ίθεον
790 4596 865 4650 αὐτοῦ
879 4603 963 4669 σῶμα.
1014 4594 1030 4664 ἢ
1045 4597 1104 4669 όγία
1118 4598 1244 4669 παρθένος,
1264 4595 1330 4650 άλλά
1347 4597 1400 4650 θεόν
1415 4595 1539 4664 ἀληθινόν,
1550 4593 1579 4648 οὐ
1602 4593 1704 4667 γυμνόν,
1720 4593 1786 4648 άλλόι

233 4679 250 4734 ό
270 4681 362 4735 letter.
374 4678 449 4750 apud
464 4679 669 4737 Theodorelum
684 4679 749 4735 dial.
761 4680 782 4735 l.
807 4677 841 4733 ‘0
853 4678 900 4752 γάρ
912 4680 965 4742 θεός
1014 4681 1212 4753 σεσαρκωμένον,
1224 4678 1268 4734 οὐκ
1282 4678 1409 4750 οὐρανόθεν
1424 4678 1453 4732 τὸ
1464 4683 1538 4751 σῶμα
1551 4678 1731 4749 καταγαγόντα,
1745 4677 1786 4730 καί

195 4763 266 4835 ἡμῶν
282 4761 381 4831 Ἰησοῦς
392 4762 496 4834 Χριστός
511 4761 659 4836 ἔαυορορηθη
671 4762 719 4818 tat
732 4762 840 4835 Μαρίας,
855 4761 964 4838 ἔκοπέρ-
1015 4762 1049 4823 όνς
1072 4762 1113 4815 διά
1130 4762 1242 4829 σωληνος
1262 4760 1295 4814 δι’
1309 4761 1383 4829 αὐτῆς
1405 4760 1568 4832 παρελθόντα,
1592 4758 1649 4813 ἀλλ’
1671 4756 1695 4820 ἐξ
1714 4758 1787 4826 αὐτῆς

198 4866 274 4920 ματος
289 4844 331 4918 μὲν
346 4847 431 4900 Δαόίδ.
1014 4842 1145 4915 όμοοῦαιον
1159 4843 1219 4916 ἡμῖν
1231 4844 1310 4916 σάρκα
1320 4843 1483 4906 άνοιλαῦόντα,
1498 4842 1540 4895 καί
1554 4840 1579 4896 όν
1590 4842 1669 4914 ἑαυτῷ
1678 4840 1785 4910 buceri·

233 4944 248 4985 ο
267 4930 375 4985 Clutun.
392 4928 472 4999 episi.
494 4944 502 4983 1
532 4928 574 4985 ud
592 4933 669 4986 Mon.
690 4928 720 4984 Et
742 4931 789 5002 γάρ
809 4927 860 4984 ἔστι
878 4931 931 4997 θεός
951 4930 965 4986 ό
1015 4945 1102 4982 σαντα.
1118 4926 1139 4981 εί
1149 4926 1197 4999 γάρ
1211 4926 1341 5000 οὐρανόθεν
1355 4927 1385 4980 τό
1397 4931 1470 4998 σῶμα
1482 4927 1634 4997 κεκόμισται,
1648 4923 1689 4976 καὶ
1704 4923 1747 4976 οὐκ
1761 4921 1788 4977 ἔκ

196 5012 277 5084 κύριος
285 5010 355 5083 ἡμῶν
374 5010 473 5080 Ἰησοῦς
487 5012 601 5084 Χριστός,
610 5018 663 5075 πῶς
677 5012 705 5067 οὐ
718 5012 852 5084 θεοτόκοτῆ
861 5023 967 5079 τεκοῦσα
1015 5015 1060 5078 τῆς
1072 5008 1125 5063 καθ’
1140 5008 1204 5083 ἡμᾶς
1219 5008 1311 5082 φῦσεως
1326 5009 1454 5079 εἴληπται,
1473 5009 1509 5071 είς
1521 5009 1594 5080 χρεία
1607 5011 1650 5074 τῆς
1667 5004 1787 5078 ἔνανθρω-

196 5094 286 5167 ηάγία
299 5092 431 5166 παρθένος,
1017 5095 1129 5163 πήσειυςς
1146 5092 1163 5161 η
1178 5093 1226 5167 γάρ
1244 5092 1421 5166 ἒνανθρόνπησις
1437 5096 1481 5145 τοῦ
1498 5091 1553 5145 θεοῦ
1571 5091 1648 5160 λόγου
1661 5088 1702 5141 θεά
1714 5094 1789 5143 τοῦτο

910 5204 972 5275 γφς
1020 5180 1137 5253 γέγονεν,
1159 5179 1203 5231 θνα
1226 5176 1286 5245 αὐτὴ
1305 5175 1323 5244 ἡ
1344 5175 1519 5248 άμερτιίσαοα,
1540 5173 1582 5225 καί
1606 5175 1726 5236 πεσοῦσα,
1748 5172 1790 5224 καί

856 5231 976 5368 ρωρπεγας
1024 5265 1142 5343 φθαρεῖσα
1156 5261 1228 5336 pisce
1245 5262 1331 5334 νικήσῃ
1351 5258 1393 5313 τόν
1415 5257 1586 5325 άπαντίγααντα
1607 5254 1733 5326 τύροιννον,
1750 5253 1791 5307 καί

1031 5353 1096 5413 otro
1104 5358 1148 5429 τῆς
1158 5349 1254 5424 φθορᾶς
1265 5342 1419 5415 ἰλευθερυθῇ.

232 5176 253 5233 d
272 5178 482 5235 inconcussus.
508 5179 554 5232 Δεόι
571 5184 644 5234 τοῦτο
663 5180 704 5232 καὶ
721 5178 750 5234 τό
771 5183 854 5256 τεχθὲν
877 5199 894 5281 β

202 5260 367 5334 ,Εμμαωυγλ
397 5262 612 5334 προσαγορεύεται·
643 5262 698 5317 οὐτε
732 5263 781 5329 θεός
811 5267 855 5334 dub

224 5458 234 5504 l
248 5460 298 5503 not.
309 5468 352 5508 m,
361 5457 446 5504 lde!
458 5459 519 5503 Rom.
530 5469 558 5510 ιτ,
567 5458 588 5504 θ.
