3994 6164
502 318 553 380 ur
573 315 886 395 morausrrouu
908 318 983 381 uu.
1000 318 1039 395 u,
1062 316 1149 380 cnr.
1170 319 1209 380 ν.
1590 320 1648 382 sar

81 481 301 563 mimicum
320 481 533 559 adinteriora,
549 486 580 545 et
600 488 763 563 procreata
788 481 833 543 di·
882 500 946 544 suae
966 482 1089 563 pietatis
1111 483 1248 546 remedia
1274 484 1356 543 inter
1374 483 1442 563 ipsa
1464 482 1575 544 mundi
1591 481 1653 562 pri-

82 580 203 637 uuant.
221 575 261 636 Ut
273 575 370 655 igitur
382 575 509 636 illorum
528 575 685 655 precipua
701 591 833 654 quaeque
882 574 1004 636 mordia
1025 576 1236 656 presignavit,
1252 596 1268 634 n
1289 576 1331 636 ait
1356 575 1416 636 Leo
1428 572 1451 634 ⁸.
1467 575 1527 648 Qui
1540 580 1571 636 et
1592 576 1652 635 hoc

81 666 280 746 pusuingam.
882 666 1039 747 praeclare,
1068 688 1084 727 a
1109 669 1238 747 Semper
1256 668 1398 747 quidem,
1424 664 1498 740 ait‘,
1523 666 1654 728 diversis

14 780 66 819 uu
113 759 146 818 ln
164 760 379 820 incarnatione
398 759 506 833 Verbi,
529 757 711 839 primalaus
732 769 788 833 est,
804 763 836 820 et
883 760 995 836 modis,
1022 759 1190 840 multisque
1210 760 1363 821 mensuris
1390 760 1529 820 humano
1548 758 1655 838 generi

14 834 65 925 ᾗ.
82 852 292 912 oommendatio
317 851 431 913 divinoe-
452 851 608 912 bonitatis.
638 853 735 933 Cujus
758 870 835 931 pro·
883 850 1006 912 bonitas
1034 852 1139 913 dimna
1165 851 1329 928 consuluit,
1347 856 1378 912 et
1403 851 1537 931 plurima
1551 852 1655 932 provi-

14 932 57 1032 ζ’·
82 944 170 1022 prium
189 944 249 1004 hoo
268 949 324 1017 est,
351 944 386 1004 in
411 960 578 1004 commune
600 942 762 1004 commoda
780 959 836 1003 sua
884 944 998 1005 dentiae
1019 961 1084 1004 suae
1104 961 1237 1005 munera
1260 944 1406 1005 omuibus
1432 948 1515 1004 retro
1534 943 1655 1006 saeculis

83 1034 215 1113 sueno,
229 1054 268 1098 ac
281 1052 347 1097 sese
360 1036 395 1097 in
418 1036 553 1097 aliorum
570 1034 734 1096 utilitatem
748 1052 834 1096 com·
885 1034 1052 1097 clementer
1072 1035 1224 1115 impertiit
1240 1055 1247 1096 :
1262 1038 1316 1097 sed
1333 1035 1368 1097 in
1391 1036 1565 1097 novissimis
1577 1042 1655 1098 tem-

83 1129 253 1190 nunioaudo
266 1129 453 1190 diffundere.
478 1128 572 1208 Atqui
592 1126 679 1188 nulla
702 1127 834 1207 plenior,
884 1127 1012 1207 poribus
1026 1145 1153 1188 omnem
1167 1120 1391 1189 abundantiam
1406 1128 1504 1189 solita
1517 1127 1657 1209 benigni-

83 1219 233 1299 etlargior,
249 1226 306 1281 aut
316 1237 393 1282 vero
407 1221 519 1282 arctior
532 1226 578 1281 est
596 1218 837 1280 communicatio
884 1220 955 1280 tatis
973 1220 1113 1288 excessit,
1135 1220 1260 1299 quando
1275 1220 1308 1279 in
1321 1221 1439 1281 Christo
1453 1220 1518 1301 ipsa
1532 1222 1571 1283 ad
1585 1240 1656 1301 pec·

84 1329 196 1373 mmmm
209 1312 295 1373 illius
318 1311 476 1389 bonitatis,
491 1329 588 1391 quam
601 1328 672 1391 quea
695 1311 728 1372 in
742 1309 838 1373 susci-
886 1316 1004 1373 catores
1018 1311 1239 1389 misericordia,
1255 1311 1322 1392 ipsa
1333 1313 1371 1372 ad
1385 1318 1524 1375 errantes
1532 1313 1657 1392 veritas,

84 1404 177 1483 peuda
200 1404 341 1466 hominis
358 1410 471 1466 natura
488 1411 643 1484 spectatur
666 1424 674 1465 t
696 1404 751 1465 ubi
773 1420 839 1464 non
886 1401 954 1482 ipsa
972 1404 1012 1465 ad
1034 1410 1174 1465 mortuos
1196 1404 1261 1465 vita
1274 1404 1446 1483 descendit3
1463 1412 1498 1467 ut
1519 1405 1659 1467 Verbum

84 1504 192 1559 extum
217 1496 410 1577 profusione,
435 1502 467 1558 et
489 1497 653 1559 efficientia
673 1497 788 1572 beavit,
803 1514 839 1558 ac
887 1494 965 1557 illud
991 1503 1192 1570 coaeteruum,
1219 1502 1251 1557 et
1277 1496 1432 1576 coaequale
1453 1498 1599 1577 genitori,
1626 1497 1659 1561 in

84 1588 264 1669 lompletavit
289 1589 452 1650 hominem
476 1590 571 1665 Deus3
593 1589 647 1650 sed
669 1595 839 1669 utrumque
888 1588 1008 1648 unitate
1022 1588 1143 1650 deitatis
1156 1606 1220 1650 suaa
1240 1594 1385 1672 naturam
1404 1596 1519 1651 nostrae
1531 1590 1659 1652 humili·

85 1678 277 1760 ltacopuiavit
286 1700 323 1743 ac
331 1682 479 1759 devinxit,
491 1686 526 1743 ut
538 1700 622 1743 unus
636 1700 674 1743 ex
688 1680 840 1743 ambobus
887 1680 959 1740 tatis
970 1688 1150 1758 assumeret,
1166 1686 1197 1741 ct
1209 1682 1291 1742 Deus
1316 1682 1354 1743 de
1378 1683 1438 1743 ileo
1459 1688 1561 1762 natus,
1577 1683 1658 1744 idem

84 1772 249 1848 mouetur,
281 1774 366 1835 mem
392 1775 484 1851 Deus,
511 1780 542 1835 et
563 1773 658 1835 homo
687 1774 838 1835 Christus.
889 1772 982 1833 etiam
996 1772 1091 1833 homo
1105 1773 1144 1834 de
1157 1773 1285 1834 homine
1305 1780 1523 1836 nasceretur.»

85 1864 175 1945 quoe
206 1871 352 1939 mustei,
388 1867 472 1945 quod
504 1867 664 1946 Rupertus
701 1865 838 1942 scribit¹,
928 1864 966 1926 V.
984 1864 1344 1941 Exornathunclocum,
1368 1872 1399 1926 ct
1420 1865 1577 1931 luculenta
1591 1886 1660 1928 ora·

88 1956 228 2019 idulium
252 1974 395 2041 uuquam
415 1974 494 2038 opus
511 1956 659 2018 bonitatis
672 1957 839 2037 laudedig-
888 1954 973 2017 tione
1001 1962 1111 2018 mactat
1147 1957 1301 2037 imprimis
1324 1958 1510 2019 Athanasius
1534 1979 1542 2019 ι
1567 1967 1661 2037 atquc

85 2048 144 2109 uus
164 2050 272 2113 iecisse
295 2051 394 2125 Deus,
422 2068 458 2110 ac
485 2056 559 2111 tuuc
582 2050 615 2111 ln
640 2050 698 2110 isto
720 2049 840 2111 bonum
889 2048 970 2109 iuter
991 2048 1062 2121 alia,
1093 2070 1109 2107 u
1133 2049 1238 2110 Fuisse
1265 2049 1309 2111 ait
1335 2048 1498 2129 indignum
1524 2051 1662 2112 bonitate

85 2140 171 2202 Deum
194 2141 254 2202 sibi
292 2140 483 2221 complacere
513 2144 661 2204 veraciter
682 2142 835 2222 potuisse,
890 2140 955 2210 Dei,
980 2145 1098 2220 atquae
1121 2141 1160 2201 ab
1179 2141 1246 2222 ipso
1264 2139 1344 2203 iacta
1367 2148 1466 2217 erant,
1486 2160 1663 2225 corrumpe·

83 2233 198 2310 qumdo
209 2251 292 2307 aum,
306 2233 362 2312 qui
376 2234 457 2295 Deus
470 2241 547 2309 erat,
563 2236 688 2313 propter
709 2233 840 2295 charita·
889 2238 998 2293 rentur
1010 2232 1130 2310 bande,
1153 2251 1189 2294 ac
1208 2232 1372 2295 calliditate
1385 2233 1510 2308 diaboli,
1526 2254 1588 2314 qua
1602 2235 1661 2296 ho·

84 2328 144 2385 tem
166 2342 251 2386 suam
270 2324 433 2387 bominem
448 2326 529 2404 iteri,
544 2331 644 2405 etpro
664 2326 841 2387 hominibus
890 2324 991 2385 mines
1004 2325 1258 2387 circumvenerat.
1274 2327 1356 2386 Tum
1376 2326 1507 2388 minime
1521 2328 1663 2391 omnium

83 2416 284 2495 patimini.»
890 2414 1028 2492 decebat,
1053 2415 1195 2476 divinum
1227 2415 1261 2477 in
1294 2415 1475 2479 hominibus
1497 2417 1663 2480 artificium

117 2509 164 2570 1v.
180 2510 246 2571 Hoc
258 2508 425 2589 Apostolus
437 2509 625 2572 beneficium
638 2510 750 2572 divinae
760 2529 840 2592 prae·
890 2505 1083 2584 oblitterari„
1096 2508 1159 2570 sive
1173 2508 1311 2588 ipsorum
1326 2508 1482 2584 socordia3
1503 2509 1565 2571 sive
1581 2516 1661 2587 astu,

85 2599 160 2679 dpue
172 2601 305 2663 bonitati
323 2609 485 2683 acceptum
505 2603 653 2681 reterens,
672 2602 768 2680 θνννη
786 2623 840 2664 oo·
891 2605 922 2661 ct
955 2599 1097 2661 illusione
1128 2599 1335 2661 damonumt.
1374 2601 1523 2674 Quocirca
1556 2611 1663 2663 revera

84 2700 132 2751 teu
143 2693 324 2775 benignitus,
337 2702 365 2755 ct
379 2692 557 2772 lamonitas,
573 2694 685 2775 inquit,
699 2693 843 2776 apperuit
891 2691 1027 2752 maxime
1059 2697 1301 2754 consentaneum
1336 2698 1402 2753 erat
1439 2692 1570 2754 bonitati
1604 2692 1663 2755 Del

86 2782 241 2846 Solmtorti
252 2786 350 2847 nosti
362 2785 512 2863 D22'‘,ctc.
525 2788 626 2866 Atque
639 2786 705 2848 hacc
726 2786 844 2848 ditino·
891 2800 1042 2863 maguum
1052 2784 1130 2844 illud
1150 2802 1237 2866 opus.
1254 2784 1333 2844 Nam
1349 2785 1375 2843 si
1392 2802 1447 2844 rex
1461 2782 1571 2865 aliquis
1594 2784 1664 2847 aedi·

85 2889 287 2955 rumoperum
311 2876 452 2937 omnium
474 2896 490 2934 ο
511 2875 634 2937 initium
661 2874 840 2937 constituit:
891 2875 1009 2953 ficium,
1022 2876 1072 2937 vel
1083 2877 1205 2952 urbem,
1220 2876 1306 2955 cujus
1314 2875 1455 2937 conditor
1467 2875 1575 2939 fuisset
1586 2876 1662 2956 ipse,

14 3042 16 3053 γ
85 2982 176 3043 quse
196 2968 278 3028 Deus
291 2967 393 3027 noluit
406 2968 439 3028 in
454 2972 608 3029 aeteruum
629 2968 735 3040 latere,
752 2968 845 3028 idest
893 2966 1067 3028 incolarum
1095 2967 1282 3044 negligentia
1307 2968 1345 3028 ab
1367 2966 1540 3030 latronibus
1563 2988 1663 3050 oppu-

85 3072 139 3118 uon
155 3077 220 3121 ome
243 3059 361 3138 aliquid
388 3060 438 3121 cui
459 3062 540 3122 Deus
555 3076 621 3120 non
645 3077 845 3139 cognoscere·
893 3065 1020 3138 gnatam
1053 3060 1236 3139 neutiquam
1264 3058 1404 3140 negligit,
1435 3061 1489 3122 sed
1513 3067 1663 3141 tanquam

86 3153 140 3224 tar,
157 3152 229 3213 tait
246 3151 487 3213 penultimae.
503 3153 575 3213 ldeo
590 3169 662 3213 cum
679 3150 843 3213 haucuni-
893 3170 971 3232 opus
994 3169 1087 3213 suum
1111 3159 1226 3227 tuetur,
1253 3170 1289 3212 ac
1313 3152 1438 3226 liberat;
1455 3171 1520 3214 non
1542 3157 1607 3214 tam
1625 3153 1664 3214 ad

87 3243 225 3304 afflictis
233 3243 363 3320 molem,
378 3247 448 3304 tum
461 3242 623 3304 bominem
637 3242 671 3304 iu
686 3261 722 3304 ea
736 3242 843 3305 condi·
892 3242 1103 3305 habitatorum
1121 3243 1289 3322 ignaviam,
1310 3245 1458 3322 quemad
1472 3244 1514 3319 id,
1530 3244 1613 3324 quod
1632 3262 1665 3306 se

86 3332 123 3393 dit
139 3336 342 3415 cognitorem,
366 3335 597 3413 admiratorem,
622 3352 658 3396 ac
686 3340 846 3397 venerato-
894 3336 1024 3415 dignum
1038 3342 1094 3410 est,
1105 3341 1280 3415 respectum
1290 3334 1409 3397 bahem
1429 3336 1665 3416 :multomagis

86 3440 142 3487 tam
165 3446 259 3489 suum
283 3447 292 3489 z
315 3433 347 3488 ot
371 3427 480 3489 eadem
515 3428 662 3489 incitante
695 3426 843 3503 bonitate,
894 3428 1011 3507 Optimi
1024 3428 1121 3489 Patris
1146 3428 1285 3488 Verbum
1307 3428 1388 3488 lleus
1401 3426 1435 3487 in
1457 3427 1663 3511 corruptelam

86 3514 207 3597 ltpsum,
222 3538 258 3580 ac
277 3519 436 3599 perditum
456 3536 607 3596 recreare,
632 3537 668 3579 ac
693 3518 846 3580 redimere
893 3518 1058 3599 prolabens
1071 3519 1237 3581 hominum
1257 3538 1275 3580 a
1297 3538 1329 3582 se
1347 3524 1545 3601 procreatum
1566 3538 1665 3601 genus

86 3609 182 3673 voluit
200 3612 353 3675 diocesi
373 3611 459 3673 euim
478 3611 642 3692 proprium
663 3611 719 3672 lici
731 3617 845 3691 poten·
894 3627 959 3671 non
973 3610 1158 3691 contempsit
1169 3622 1190 3676 ⁰.
1209 3634 1221 3671 ν

87 3701 135 3777 m,
173 3722 211 3765 ac
236 3703 321 3777 veri,
357 3704 517 3765 inexorata
541 3703 691 3765 beneficia
707 3704 847 3783 praebere
933 3704 988 3764 VI.
1004 3703 1121 3768 Eadem
1139 3702 1263 3766 bonitas
1284 3721 1356 3765 cum
1377 3704 1416 3767 ad
1442 3722 1533 3786 opem
1547 3702 1666 3767 miseris
1717 3723 1806 3771 aanor

86 3790 170 3872 im,
197 3802 292 3876 atqua
319 3794 463 3856 invalidis
484 3794 591 3873 rebus,
613 3800 644 3856 ct
665 3794 847 3856 multiformi
893 3792 1064 3870 ferendam,
1079 3804 1111 3857 et
1129 3796 1333 3857 sublevandas
1346 3813 1456 3856 corum
1477 3794 1667 3857 calamitates
1698 3784 1826 3884 misplace-

87 3900 195 3968 scmpcr
204 3888 374 3967 asperitato
395 3887 529 3963 vallatis3
545 3909 561 3946 ν
579 3892 615 3948 ut
625 3888 732 3949 scribit
745 3889 846 3949 Arno·
896 3889 1083 3962 extenditur,
1114 3887 1325 3953 misericordia
1348 3887 1541 3948 vocaturus
1555 3886 1666 3947 deflui·

88 3974 167 4041 bim'.
187 3982 292 4060 tuqus
311 3982 422 4042 «lleus
430 3980 628 4060 omnipotens
646 3999 681 4042 ac
699 3980 845 4053 clemens,
895 3983 948 4040 tur
961 3999 980 4040 a
994 3981 1119 4058 Basilio,
1144 4002 1156 4038 r
1172 3979 1302 4041 Affectio
1322 3979 1465 4057 quaedam
1485 3979 1581 4039 animi
1595 3996 1668 4058 erga

89 4070 165 4149 urim
176 4078 289 4134 natura
297 4070 431 4146 bonitas,
443 4072 532 4150 cujus
540 4072 684 4133 uoluntas
696 4073 845 4152 potentia,
896 4089 959 4146 eos,
973 4073 1028 4151 qui
1041 4072 1205 4146 immerito,
1221 4078 1252 4132 et
1268 4070 1401 4146 indigenis
1414 4069 1515 4132 modis
1526 4068 1669 4150 affligun-

90 4162 166 4241 oujus
190 4183 270 4244 opus
294 4164 502 4225 misericordis
521 4169 584 4240 est;
600 4164 707 4225 cutim
729 4170 765 4225 ut
792 4182 849 4226 nos
896 4168 959 4237 tur,
975 4183 1045 4244 quae
1069 4166 1103 4225 in
1122 4163 1183 4226 illis
1199 4163 1309 4241 oritur,
1327 4162 1382 4241 qui
1401 4161 1669 4224 commiseratione

89 4250 228 4317 debebas
248 4254 426 4336 malignitas
437 4273 559 4318 veneno
573 4274 637 4318 sue
655 4258 851 4321 mortificavit
897 4254 1118 4317 ducuntur.»

89 4341 215 4426 brute,
227 4348 447 4429 praedestinata
459 4349 645 4412 renovandis
666 4348 850 4411 mortalibus
940 4350 1017 4415 Quae
1043 4347 1183 4411 delinitio
1208 4365 1281 4410 cum
1309 4346 1363 4408 illa
1392 4345 1552 4427 conuenit,
1574 4362 1670 4427 quam

121 4564 140 4606 u
158 4550 213 4609 Tit.
228 4568 270 4618 m,
283 4551 310 4608 ό.
322 4546 384 4607 Ὀτι
396 4551 449 4622 bib
463 4553 612 4627 χρηστότης,
625 4548 695 4627 καλὴ
713 4553 850 4630 ριλοινόρω-
899 4574 944 4618 σος
966 4550 1056 4622 οἰκίαν,
1071 4552 1087 4623 ἢ
1105 4554 1189 4620 πόλιν,
1203 4550 1243 4606 ταὶ
1257 4550 1345 4621 ταύτην
1360 4546 1384 4614 ἔξ
1407 4546 1521 4625 ipsicius
1535 4559 1584 4608 τῶν
1607 4547 1672 4609 ένοι-

91 4632 130 4686 tia
137 4632 237 4709 όκηένιγ
250 4630 416 4709 &cumpca
423 4636 494 4711 ἡμῶν
508 4637 572 4691 θεοῦ.
898 4636 1007 4692 κοόντων
1017 4636 1203 4710 πολεμουμένην
1213 4635 1262 4690 ‘aab
1270 4636 1369 4707 ληοτῶν
1380 4635 1409 4689 τό
1418 4634 1520 4690 οὗνολον
1529 4636 1556 4690 οὗ
1564 4640 1669 4710 παρορᾶ.

122 4717 139 4773 ό
155 4720 254 4776 ληίην.
268 4718 316 4777 ΙΙΙ).
333 4718 371 4776 de
382 4723 442 4777 Ino.
461 4720 547 4777 Verb.
562 4719 614 4774 ota
627 4718 694 4783 ἄξιον
707 4721 755 4794 γὰρ
768 4714 851 4789 buti(
900 4719 957 4774 ἀλλ’
976 4721 1010 4783 ὡς
1022 4717 1086 4774 ἴδιον
1100 4718 1173 4792 ἔργον
1189 4717 1285 4783 ἔκδικεό,
1296 4720 1336 4772 κοιλ
1351 4718 1489 4791 περιοόνζει,
1505 4719 1549 4775 oia
1572 4719 1605 4782 εἰς
1627 4720 1671 4788 τὴν

94 4796 230 4870 ὴιόότητος
241 4808 287 4857 τοῦ
297 4803 351 4856 θεοῦ
363 4801 446 4857 etex·
459 4802 535 4858 abaci
550 4804 852 4879 γενόμιναόιαρθνίροσόαι
900 4810 951 4857 τῶν
966 4800 1121 4875 ἀμελούντων
1136 4800 1249 4875 ἀμέλειαν
1271 4800 1380 4875 ἐφορῶν,
1406 4800 1462 4855 ἀλλ’
1487 4801 1520 4864 εἰς
1534 4802 1563 4857 τό
1586 4794 1673 4857 ἑαυτοῦ

94 4881 129 4937 iud
146 4882 187 4952 ria
207 4884 276 4959 arpis
293 4890 337 4941 τοῦ
357 4886 476 4941 mter
496 4889 630 4963 γινομένην
653 4890 705 4952 τοῖς
717 4878 868 4959 ἀνόρόκοις’
900 4886 1004 4958 τρόπον,
1019 4886 1108 4958 πολλῷ
1115 4886 1191 4941 πλόον
1202 4885 1270 4940 test
1283 4882 1423 4959 πανοιγόόον
1431 4885 1485 4947 θοός
1496 4885 1572 4957 λόγος
1581 4885 1674 4957 πατρὸς

95 4961 189 5034 fidvor.
204 4968 287 5032 ἄλλως
310 4986 337 5022 τε
359 4969 400 5022 καὶ
427 4976 477 5023 τῶν
498 4969 686 5043 &apotactitas
699 4968 739 5039 ἧν,
753 4969 796 5039 vlu
809 4973 853 5025 τοῦ
903 4968 935 5033 εἰς
954 4969 1043 5042 φθορὰν
1063 4971 1242 5043 κατερχόμενον
1264 4969 1293 5023 τὸ
1314 4969 1346 5022 δι’
1372 4968 1447 5024 αὐτοῦ
1470 4969 1602 5041 γινόμενον
1623 4974 1673 5023 τῶν

94 5044 143 5099 bot
155 5067 237 5123 τεχνην
259 5049 284 5105 ir
305 5053 358 5117 τοῖς
371 5050 507 5123 ἀνθρώποις
525 5051 689 5123 witimer,
717 5052 734 5121 ἢ
756 5053 796 5109 διὰ
809 5052 853 5120 τὴν
903 5051 1037 5125 ἀνθρώπων
1050 5053 1120 5126 γένος
1132 5052 1161 5107 ci
1175 5052 1297 5126 περιίδω.

95 5126 169 5185 αὐτῶν
178 5131 302 5203 ipitius,
316 5134 332 5203 l
345 5133 387 5189 ut
397 5132 441 5203 τήν
455 5140 504 5191 τῶν
518 5137 643 5207 δαιμόνων
658 5135 764 5205 heims.
939 5134 960 5192 d
978 5137 1065 5197 Bran.
1081 5136 1111 5193 iu
1125 5136 1207 5195 Prot.
1222 5152 1295 5194 cxiv.
1311 5134 1401 5198 Ἕλιότ
1414 5132 1467 5190 ἔστι
1479 5135 1555 5198 πάθον
1568 5133 1609 5189 ἐπὶ
1620 5132 1676 5198 tels

126 5228 141 5267 ο
157 5212 222 5270 lbid.
242 5216 336 5288 Πρέποι
356 5215 383 5269 δὲ
400 5216 444 5273 καὶ
471 5219 626 5291 aaaron
648 5217 781 5291 ἃγοθότητι
801 5219 855 5274 isui
903 5218 961 5291 παρ’
976 5213 1044 5282 ἀξίαν
1065 5220 1287 5294 τεταπεινωμένον
1305 5218 1371 5291 ταρὰ
1383 5224 1433 5273 τῶν
1451 5219 1584 5290 aepactae
1598 5221 1675 5272 itare

95 5291 185 5361 &diis
195 5298 222 5352 τό
231 5299 293 5372 μέγα
306 5303 381 5354 τοῦτο
390 5299 473 5372 ἔργον.
489 5300 510 5355 εἰ
523 5300 571 5373 γὰρ
586 5302 697 5372 βασιλεὺς
707 5303 855 5357 memsui-
904 5302 1010 5374 θτμένων
1025 5305 1165 5376 γινόμενον.

123 5482 133 5524 ¹
145 5481 361 5544 lilim-Mmt-
372 5489 495 5534 ortu-*2
508 5486 650 5536 ututtmt.
662 5490 728 5538 Nart-
740 5488 858 5538 e.111.-·8
872 5492 927 5538 bru.
940 5493 955 5537 Ι.
966 5489 1057 5537 itt-t
1072 5482 1187 5536 Leonem
1199 5488 1225 5535 ds
1236 5486 1308 5537 Nat·
1326 5482 1340 5531 ό
1353 5488 1385 5535 ld.
1398 5494 1441 5534 etr.
1456 5487 1487 5531 lt.
