4036 6162
297 337 358 399 θθθ
812 340 1139 405 rummuicoauu
1159 344 1376 411 amulius

296 505 379 567 iecit.
398 506 515 568 «Novit
531 507 658 586 quidem
672 508 825 571 Dominus
845 509 921 589 quid
939 509 1065 589 qarando
1114 511 1279 574 dammodo
1298 514 1436 593 radone,
1461 514 1712 577 tnncucccssissc
1724 514 1884 577 Christum
1958 525 1983 570 n

296 598 398 675 faciat,
409 599 506 678 quiin
518 617 675 679 mensura,
686 608 717 663 ct
725 618 869 679 numero,
885 607 916 663 et
929 602 1066 681 pondere
1113 605 1246 682 situum
1255 605 1350 682 labes,
1360 612 1391 669 et
1398 608 1574 688 corruptela
1583 610 1885 687 morum,tanq'uam
1906 575 2015 685 m

297 695 410 752 cuncta
421 690 576 771 disponit:
600 714 616 752 o
643 694 734 756 ntait
757 694 975 774 Augustinus¹.
1005 694 1065 756 Sed
1114 697 1382 778 morbusquidsm
1394 705 1515 762 naturae
1526 707 1652 778 nostras,
1667 700 1706 761 ad
1719 716 1885 761 summum
1915 683 2015 782 22ssss

297 788 387 845 certas
402 789 505 844 tamen
519 785 654 847 rationes
667 785 706 846 ab
722 786 857 867 antiquis
870 785 1064 864 allataesunt,
1114 791 1257 852 venisset.
1274 792 1398 854 Etenim
1412 814 1428 851 ιι
1443 793 1498 873 qui
1511 793 1731 873 adnequitiam
1745 791 1885 853 emedio
1908 794 2015 889 ⁸422ss

297 876 337 937 ob
350 893 428 955 quas
441 876 617 957 postlonga
630 878 991 952 saeculorumeurricula‚
1007 880 1067 941 hoc
1114 877 1282 941 tollendam
1309 879 1481 943 immiscere
1515 881 1705 944 redebebat
1734 880 1886 943 humanae
1941 899 1996 949 ma

298 973 344 1030 est
368 988 384 1027 ιι
410 969 598 1046 senescenti,
624 975 659 1031 ut
685 971 864 1033 Ambrosius
897 970 1065 1049 loquitari‘,
1115 969 1197 1047 ritae,
1208 974 1382 1036 necessario
1395 975 1620 1055 expectandum
1630 974 1751 1049 illifuit,
1764 978 1801 1035 ut
1809 972 1888 1034 actis
2015 998 2016 1005 ι

297 1060 433 1138 mundo,
462 1066 493 1122 et
520 1061 587 1139 jam
618 1061 769 1124 occidenti
801 1062 980 1126 illucescens
1012 1063 1067 1126 Dei
1113 1063 1268 1125 radicibus
1283 1064 1443 1127 firmatum
1468 1065 1589 1129 inimici
1605 1084 1698 1148 opera
1719 1071 1887 1146 peccatum

296 1150 397 1229 filius,
424 1171 481 1234 per
507 1153 613 1216 Marisa
640 1153 769 1235 virginis
802 1161 946 1236 partum,
980 1174 1067 1218 serus
1115 1156 1404 1237 omnepullularet3
1420 1158 1621 1237 utsicradipi
1633 1158 1889 1220 securimadmo·

298 1244 462 1306 advenitis
1114 1253 1218 1324 reret3
1241 1250 1325 1328 quod
1338 1250 1371 1311 in
1394 1249 1557 1330 Ecanpelio
1585 1250 1698 1329 legitur
1711 1249 1734 1314 ⁸.
1765 1251 1889 1331 Quippe

338 1337 490 1398 Eusebius
499 1338 533 1399 in
546 1338 697 1418 prooemio
710 1338 782 1401 libri
796 1341 894 1401 octavi
903 1338 1067 1401 chemon·
1114 1346 1296 1419 praestantes
1309 1342 1426 1420 quique
1439 1343 1473 1402 in
1487 1348 1553 1404 arte
1566 1344 1697 1416 medica,
1712 1344 1793 1405 dum
1805 1345 1888 1405 inte·

297 1429 444 1489 strattone
470 1428 668 1509 Ecanqelica,
689 1431 752 1493 late
771 1431 809 1493 de
828 1433 888 1494 hac
912 1449 947 1492 re
972 1431 1067 1493 rerba
1114 1430 1180 1492 rius
1194 1432 1296 1495 adhuc
1308 1432 1400 1494 labris
1416 1452 1529 1513 corpus
1545 1436 1663 1511 exurit,
1681 1441 1712 1497 et
1730 1435 1890 1515 paulatim

298 1520 432 1597 faciens,
460 1540 585 1583 causam
613 1523 757 1584 tardioris
788 1525 939 1586 adventus
967 1524 1068 1585 reddit
1115 1539 1153 1582 ex
1180 1525 1279 1585 musis
1306 1524 1452 1586 morbum
1471 1525 1672 1587 efficientibus
1691 1526 1887 1601 accenditur,

129 1659 157 1702 a,
175 1603 275 1701 {goim
298 1611 558 1674 istamllomines
566 1613 702 1675 aitinitio
712 1615 851 1676 moribus
859 1615 952 1677 tuisse
961 1616 1068 1695 deprs·
1115 1614 1229 1675 cedunt
1241 1616 1343 1677 morbi
1362 1616 1531 1690 violentie,
1556 1619 1655 1680 donec
1672 1617 1710 1679 ad
1724 1636 1891 1680 summum

148 1711 256 1754 laventus
299 1705 477 1780 ratissimis,
504 1713 536 1768 ct
562 1706 595 1767 in
621 1725 744 1768 summa
769 1708 927 1788 impietate
952 1708 1067 1788 licique
1115 1705 1254 1781 vigorem
1265 1709 1460 1787 pervenerit:
1476 1727 1534 1771 nec
1547 1709 1805 1771 cibonrmullum
1821 1711 1892 1772 sub

149 1762 252 1860 allidi
300 1803 497 1876 contemptu,
515 1817 551 1859 ac
564 1800 869 1861 scelerumomnium
882 1801 1021 1877 licentia,
1037 1806 1068 1864 et
1117 1798 1230 1859 sidium
1251 1801 1412 1875 aegrotanti
1425 1800 1671 1863 subministrant.
1687 1802 1791 1863 Iidem
1803 1821 1891 1876 vero,

129 1869 274 1967 pifflifiiflo.
299 1889 486 1968 impunitate
498 1891 595 1951 vitam
609 1893 706 1971 egisse
720 1892 856 1954 ferarum
870 1893 1065 1969 similiorem,
1116 1889 1171 1950 ubi
1185 1891 1303 1952 malum
1326 1897 1440 1954 statum
1466 1910 1558 1954 sunm
1572 1894 1719 1974 adeptum
1735 1902 1798 1969 est,
1823 1902 1892 1956 tum

162 1987 248 2075 {22¹3}
299 2000 393 2061 quam
407 1983 588 2059 hominum,
607 1984 726 2045 cumin
739 1985 893 2062 latibulis,
911 1991 943 2046 et
959 1986 1066 2046 solitu·
1116 1981 1243 2043 demum
1257 1989 1356 2044 artem
1374 2000 1463 2044 suam
1482 1984 1645 2061 adhibent,
1669 1986 1802 2065 qnando
1826 1987 1893 2065 jam

299 2075 426 2136 dinibus
439 2075 597 2136 latronum
609 2095 696 2138 more
707 2077 869 2155 degerent,
887 2077 979 2138 nullis
991 2077 1066 2157 legi·
1116 2078 1197 2134 totus
1226 2075 1395 2154 patefactus
1415 2081 1461 2137 cst
1487 2077 1649 2139 morbus⁰.
1673 2098 1689 2136 ο
1715 2079 1894 2140 Enumerat
2016 2114 2017 2117 κ

299 2165 372 2241 bus,
396 2167 482 2227 nullo
510 2167 592 2228 civili
619 2187 697 2243 usu,
720 2175 812 2248 atque
838 2170 939 2246 cultu,
965 2188 1068 2251 neque
1115 2165 1227 2227 deinde
1241 2167 1407 2242 malorum,
1423 2169 1617 2231 etscslarum
1641 2170 1788 2250 exempla
1811 2190 1894 2253 prae-

300 2256 524 2335 doctrinarum,
554 2265 609 2320 aut
639 2259 755 2322 arfium
785 2266 839 2322 aut
871 2262 1004 2338 virtutis,
1037 2269 1068 2324 et
1116 2257 1216 2336 cipua,
1231 2277 1301 2338 qua
1315 2259 1405 2320 certis
1416 2261 1612 2340 erumpentia
1624 2260 1894 2341 temporibusalia

299 2350 458 2429 sapientie
477 2351 679 2414 mansuefacti
705 2353 824 2430 studio,
851 2373 887 2415 ac
910 2354 1066 2435 perpoliti.
1114 2368 1153 2411 ex
1166 2350 1233 2411 aliis
1247 2355 1321 2411 sunt
1334 2355 1454 2412 secuta:
1484 2369 1520 2413 ac
1533 2353 1662 2414 demum
1682 2355 1724 2414 ita
1743 2354 1892 2434 colligit,

300 2441 535 2504 Caeterumadeo
549 2450 689 2523 expertes
700 2443 884 2506 fraisseverae
896 2445 1065 2525 religionis,
1115 2448 1279 2521 postquam
1290 2443 1330 2503 ad
1339 2443 1735 2507 summumincrementum
1747 2445 1894 2508 burmann

299 2552 333 2593 ac
350 2526 486 2614 pietatis,
512 2535 590 2595 nihil
621 2541 657 2596 ut
688 2542 791 2598 extare
815 2543 961 2617 putarent
985 2556 1066 2618 prae-
1114 2534 1263 2613 perducta
1275 2538 1323 2596 est
1334 2533 1535 2614 improbitas,
1549 2542 1585 2596 ut
1595 2536 1664 2614 jam
1686 2546 1891 2621 nemoesset,

298 2625 429 2686 stantius
441 2626 633 2706 corporibus,
660 2633 691 2689 et
712 2628 749 2688 iis
776 2646 847 2707 qua
874 2629 933 2690 sub
959 2648 1067 2692 sensus
1114 2625 1168 2706 qai
1180 2624 1376 2706 intelligeret,
1392 2634 1418 2686 ct
1439 2627 1603 2708 requireret
1624 2629 1718 2689 Deam
1727 2627 1750 2702 ⁴,
1775 2635 1892 2692 tunce

297 2717 434 2791 cudunt,
449 2718 561 2798 quibus
578 2719 701 2781 diuinos
714 2719 902 2781 adhibebant
915 2722 1063 2797 honores,
1114 2716 1322 2779 coeloveuissc
1349 2717 1516 2795 medicum,
1537 2726 1570 2781 et
1595 2719 1819 2799 sospitatorem
1836 2723 1892 2784 Dei

296 2810 518 2887 velntbestiis,
531 2810 723 2885 volucribus,
739 2813 933 2892 serpentibus
945 2833 953 2887 ;
973 2821 1066 2894 atque
1114 2808 1238 2871 Filium.
1260 2809 1316 2884 Qui
1329 2814 1414 2870 totus
1436 2811 1578 2889 Gregorii
1603 2809 1689 2872 locus
1711 2812 1893 2894 descriptus

296 2901 391 2963 etiam
402 2903 559 2982 tyrannis,
576 2909 606 2965 et
618 2904 850 2965 immanissimis
872 2905 1063 2970 hominibus.
1114 2907 1160 2963 est
1178 2901 1441 2981 al’seudocyrillo
1456 2902 1491 2963 in
1504 2902 1583 2964 libro
1597 2916 1699 2964 eontra
1712 2903 1893 2986 Anthropo-

337 2993 415 3054 Gum
429 2994 524 3073 igitur
536 2994 717 3072 hujusmodi
731 3002 825 3071 essct,
842 3002 874 3058 et
887 2996 981 3058 iubis
995 3016 1065 3060 ver·
1113 2992 1286 3074 morplitus,
1302 3011 1372 3073 quoe
1381 2994 1557 3075 estfarrsgo
1571 2997 1893 3076 quasdamrariorum

296 3090 416 3146 caretur
429 3085 604 3147 humanum
617 3105 735 3166 genus,
762 3090 904 3150 nondum
917 3090 1065 3153 idoneum
1112 3092 1337 3166 excerptorum,
1351 3086 1460 3165 Gyrilli
1469 3088 1600 3148 mentita
1613 3086 1761 3150 nomen⁸.

296 3175 406 3252 insse,
425 3177 465 3238 ad
478 3178 534 3239 Dei
547 3178 666 3255 lilium,
683 3179 811 3260 ejusque
824 3181 1013 3260 doctrinam,
1028 3202 1064 3244 ac
1153 3180 1211 3238 III·
1235 3178 1322 3239 Idem
1330 3184 1481 3258 proelerea
1493 3179 1621 3240 tradidit
1643 3179 1677 3240 in
1697 3179 1833 3260 epistola
1851 3184 1892 3245 od

296 3268 469 3330 remedium
483 3270 728 3350 percipiendum.
746 3272 806 3333 Sed
828 3278 899 3334 ante
925 3272 1061 3353 legibus,
1113 3268 1319 3350 Theophilum,
1335 3268 1473 3332 aduersu
1483 3270 1708 3350 Apollinarem:
1724 3271 1892 3336 nbivariis

296 3362 507 3442 institutisque
520 3363 623 3439 Mosis,
633 3382 669 3425 sc
677 3364 903 3444 Prophetarum
916 3365 1062 3445 aliorum,
1112 3362 1214 3424 modis
1228 3362 1405 3443 apparuisse
1419 3363 1474 3423 Dei
1487 3363 1600 3425 Filium
1614 3364 1722 3425 asserit
1734 3364 1776 3425 ab
1797 3366 1892 3429 initio

296 3458 326 3516 et
340 3459 518 3514 sanctorum
530 3454 648 3535 aliquot
660 3457 802 3518 snorum
815 3456 980 3537 exemplis,
994 3477 1063 3520 mo·
1112 3471 1229 3528 rerum,
1244 3473 1302 3534 pro
1315 3471 1425 3516 eorum
1439 3460 1542 3534 captu,
1554 3454 1669 3534 quibus
1678 3455 1888 3532 seofferebat,

296 3546 429 3624 uilisque
455 3545 645 3623 formatum,
673 3565 708 3609 ar
734 3547 820 3610 velat
852 3555 1063 3629 preparatum
1112 3553 1144 3610 et
1176 3546 1291 3607 virium
1324 3544 1479 3608 modum.
1516 3548 1595 3608 Nam
1614 3549 1887 3627 prestantiorem,

295 3637 408 3698 misse:
424 3636 615 3699 utbarbarie
628 3637 740 3715 illa,et
753 3639 911 3701 ferocitate
928 3641 1062 3720 domita,
1113 3642 1236 3718 [leoque
1269 3639 1541 3718 congruentiorem
1567 3639 1604 3700 iis
1631 3639 1785 3719 objectam
1820 3662 1888 3705 esse

295 3729 446 3810 paratim
466 3729 506 3790 ad
524 3729 655 3791 coelestis
680 3731 821 3808 magistri
843 3734 1064 3795 commercium
1111 3730 1653 3810 visionem,quiexeelsitatemillum
1663 3734 1785 3813 asseqan
1800 3743 1890 3815 pote-

296 3827 465 3902 aptaretur.
481 3821 547 3894 Quo
560 3821 706 3902 perlecto,
724 3823 757 3883 in
777 3828 918 3904 tempore
942 3824 1065 3888 affuisse
1112 3830 1201 3885 rant:
1226 3823 1380 3884 minorem
1393 3829 1508 3893 antem,
1535 3821 1689 3902 longeque
1701 3824 1888 3890 inferiorem

296 3914 464 3989 Christum,
485 3918 517 3974 et
538 3914 701 3993 paulinum
725 3914 868 3988 imbutis,
885 3933 921 3976 ac
934 3934 1063 3979 consuc-
1112 3917 1161 3993 iis,
1187 3915 1242 3995 qui
1267 3915 1379 3993 maiori
1400 3915 1558 3994 capiendae
1571 3921 1741 3977 nonerunt
1766 3917 1887 3983 idonei.

294 4005 379 4067 factis
400 4005 580 4066 mortalium
600 4006 712 4067 animis
734 4006 847 4068 divinas
860 4007 969 4069 lumen
983 4009 1066 4070 veri·
1113 4007 1251 4069 'landem
1265 4024 1351 4085 ergo,
1366 4005 1887 4090 postquamomncadeelinauemnt,

294 4098 366 4158 tatis
400 4098 550 4159 intulisse.
585 4099 658 4158 Haec
687 4098 751 4161 fere
785 4099 959 4176 Eusebins3
994 4119 1064 4181 quaa
1113 4107 1141 4161 et
1153 4098 1276 4161 inutiles
1288 4097 1363 4175 sacti
1369 4095 1461 4173 scnt‘,
1473 4116 1510 4159 aa
1520 4099 1629 4177 magis,
1641 4104 1677 4159 ut
1687 4099 1887 4181 itadixerim,

295 4191 399 4252 Graece
432 4189 494 4268 legi
526 4189 609 4269 apud
642 4189 731 4251 illum
765 4198 916 4271 possunt:
952 4193 1065 4273 quibus
1114 4192 1251 4254 carnales
1267 4190 1425 4261 homines;
1441 4189 1587 4250 eumdem
1601 4207 1633 4250 se
1647 4191 1702 4251 bei
1716 4191 1833 4254 Filium
1847 4196 1888 4257 ad

295 4283 409 4344 similia
419 4282 581 4343 disseritin
590 4280 670 4343 libro
682 4282 827 4346 Historiae
838 4285 949 4365 primo,
964 4285 1064 4365 capito
1113 4284 1238 4344 illorum
1247 4299 1352 4356 usum,
1363 4287 1394 4342 et
1400 4280 1610 4343 conditionem
1623 4285 1886 4364 accommodasse,

177 4400 183 4410 ·
294 4376 397 4436 tertio.
1114 4391 1301 4454 carnemque
1323 4373 1390 4433 fieri
1404 4372 1557 4446 voluisse,
1584 4378 1616 4433 et
1634 4374 1811 4439 exinanisse
1838 4397 1886 4440 se.

335 4467 373 4527 ll.
396 4469 437 4528 At
451 4468 620 4547 Gregorius
634 4467 805 4547 Nyssenus,
822 4468 977 4529 contraria
986 4486 1064 4547 quo·
1114 4469 1236 4529 Etenim
1249 4465 1434 4527 deteriorem
1447 4464 1540 4528 fauisse
1549 4467 1783 4545 generationem
1796 4469 1887 4532 illam

331 4683 351 4724 a
371 4667 450 4725 Nisa.
477 4673 546 4723 orat.
562 4667 684 4724 cleNut.
702 4667 771 4724 etr.
789 4667 882 4723 Ὅτιθ
909 4670 1006 4743 μέλλων
1025 4669 1065 4723 ἐπὶ
1113 4670 1196 4726 ciclos
1223 4667 1351 4740 ἐπάγοντες
1373 4671 1410 4739 τῷ
1432 4666 1572 4723 ἀσθενοῦντι
1595 4669 1717 4740 βοήθιιαν.
1742 4669 1826 4726 ἐπιθάν
1858 4674 1886 4728 il

294 4751 431 4822 καθαιρέσει
444 4754 488 4817 τῆς
500 4752 585 4814 κακίας
595 4757 631 4823 τῷ
646 4751 791 4824 ἀνθρωπίνῳ
804 4753 996 4825 καταμίγνυσθαι
1006 4753 1063 4826 βίῳ,
1113 4753 1233 4825 στάσιμον
1244 4753 1343 4825 γένηται
1363 4750 1394 4805 rb
1408 4750 1491 4814 κακθν,
1507 4753 1563 4806 τότε
1579 4751 1623 4820 τὴν
1637 4753 1726 4825 τέχνην
1741 4751 1885 4828 ἀπάγωσιν,

295 4832 433 4905 ἀναγκαῖος
441 4835 522 4887 πᾶσαν
532 4832 641 4906 ἀνέμεινε
655 4833 699 4901 τὴν
713 4833 837 4905 παράποΰ
850 4833 937 4908 θχθροΰ
956 4835 1065 4907 ριζωθεῖ-
1113 4833 1253 4907 έκρανεθσης
1264 4835 1342 4902 πάσης
1351 4838 1395 4901 τῆς
1405 4835 1488 4886 νόσου.

296 4936 341 4972 σαν
358 4916 480 4988 ἁμαρτίαν
496 4914 688 4983 ἀναὸλαοτῆοαι.
704 4910 749 4969 εἶθ’
763 4917 840 4979 olco<
857 4916 973 4989 ἐπήγαγε,
985 4918 1065 4980 καθώς
1149 4918 1166 4972 θ
1184 4918 1264 4975 Nrss.
1284 4914 1446 4989 Οἰθμεθαγθιρ
1460 4914 1608 4970 θτικατάτθ
1621 4917 1709 4989 μέτρον
1720 4921 1765 4986 τῆς
1778 4918 1885 4974 &duros

295 5020 353 5073 φησι
368 4999 397 5053 ab
410 4998 570 5071 Εθσγγέλιον,
591 4997 636 5065 τὴν
656 4997 736 5067 ἀξίνην
755 5003 786 5072 τῇ
808 5000 871 5072 ῥίζῃ.
893 5003 934 5054 καὶ
952 5000 999 5073 γὰρ
1013 5007 1063 5054 τῶν
1112 5001 1236 5073 δυνάμεως
1250 5006 1300 5054 τῶν
1309 4997 1501 5073 θεχομένιοντὴν
1509 4998 1572 5051 θείαν
1585 4997 1733 5071 ἔπιράνειαν,
1748 4999 1787 5054 ἀεὶ
1794 5002 1884 5073 γέγονε

296 5082 386 5155 ἰατρῶν
402 5081 426 5136 οἱ
440 5086 471 5154 τῇ
484 5083 558 5155 τέχνῃ
570 5082 727 5154 προέχοντες,
740 5081 834 5135 ἔνδοθεν
848 5083 885 5137 ἔτι
896 5083 926 5136 ab
937 5089 1011 5154 σῶμα
1019 5078 1064 5136 roc
1112 5088 1155 5151 τῆς
1168 5083 1333 5156 ὑπερεχούσης
1346 5082 1440 5154 φθοειος
1453 5081 1467 5150 ἡ
1478 5080 1593 5146 luteola,
1609 5083 1697 5155 μείζων
1712 5081 1766 5155 μέν,
1778 5084 1818 5137 καθ
1826 5086 1885 5140 lito·

295 5160 399 5242 πορττοῦ
416 5165 603 5238 θιασμύχοντος,
625 5165 666 5217 καὶ
685 5163 740 5218 κατ’
758 5163 842 5236 θλθγον
862 5167 911 5220 irad
929 5172 979 5220 τῶν
994 5185 1064 5220 νοσο-
1112 5167 1262 5239 πρεπεοτέρκ
1273 5167 1325 5228 τοῖς
1343 5165 1485 5236 δυναμένοις
1498 5165 1634 5218 καθικέσθαι
1647 5171 1690 5219 τοῦ
1710 5165 1791 5239 blace-
1807 5164 1883 5223 ust-

294 5258 373 5306 ποιῶν
393 5249 476 5304 αἰτίων
495 5248 670 5323 έξαπτορθνοο,
691 5246 810 5303 ένθιθθαοι
828 5254 865 5322 τῷ
879 5247 1061 5322 ἀῤῥωστθρατι,
1113 5266 1162 5304 των
1172 5248 1198 5302 δὲ
1212 5248 1251 5304 καθ
1266 5249 1502 5323 σμικροπρεπεοτέρα
1518 5249 1570 5310 τοῖς
1583 5246 1721 5322 ἀχωρήτοις
1734 5254 1779 5304 τοῦ
1797 5251 1882 5323 μεῖζο-

297 5336 382 5409 μέχρις
395 5336 424 5388 ἀν
440 5334 473 5400 εἰς
486 5332 564 5408 ἀαμθν
578 5333 683 5408 προέλθῃ
698 5334 727 5388 τὸ
742 5333 830 5401 πάθος,
842 5333 958 5407 οθδτμθαν
973 5327 1061 5389 ἐκτῶν
1114 5351 1166 5399 νος,
1182 5338 1236 5389 etc.

324 5505 334 5546 t
351 5505 437 5548 coam
449 5505 473 5548 to
484 5504 521 5549 Pa.
532 5503 651 5551 arria-t
663 5501 728 5550 snt.
736 5503 764 5548 de
775 5503 855 5550 Βιιιοθ.
867 5505 930 5549 Patr.
939 5515 960 5548 c.
971 5502 1052 5548 n.-8
1061 5504 1134 5549 natu.
1145 5500 1228 5548 ιιι-θ
1241 5503 1277 5547 Ρι.
1289 5499 1638 5557 n11.-scep.mrsrssq‚-e
1650 5502 1687 5546 Ρι.
1697 5512 1735 5555 ιιι,
1749 5502 1768 5548 t
