4136 6178
509 356 519 367 '
568 370 619 432 nE
638 368 737 431 EEoE
757 367 806 428 Er
827 362 990 438 auaris,
1013 363 1133 424 Erana
1154 364 1179 442 1,
1203 361 1286 424 aar.
1312 362 1379 423 vu.
1723 354 1759 413 n

171 539 299 621 penne
309 538 441 612 semina,
456 536 561 598 addita
573 536 623 597 lex
635 541 692 613 est,
707 535 794 615 cuijus
807 531 942 596 auctori·
994 530 1194 591 antecedente
1205 534 1310 590 notata
1324 533 1407 605 sunt,
1423 528 1573 609 arguitur,
1597 543 1633 587 ec
1647 523 1761 585 refelli-

174 638 237 693 tate
247 636 277 692 et
290 629 469 709 magisterio
479 629 641 708 ingenium
653 624 944 706 naturaeproficeret
993 627 1045 683 tur
1063 642 1070 682 :
1087 623 1163 683 dum
1178 623 1221 682 ite
1234 626 1374 696 constat;
1392 620 1495 700 legem
1509 639 1545 682 eo
1559 618 1621 680 fine
1633 617 1762 678 latama

174 723 215 784 ad
234 721 374 783 fructum
395 720 524 800 justitie
543 720 732 796 faciendum,
753 723 810 780 etc.
838 715 942 776 Proui·
994 715 1067 788 De0,
1084 720 1133 790 ut,
1149 715 1233 793 qrrod
1246 700 1430 790 luculenter,
1447 732 1483 773 ec
1497 712 1612 792 passim
1626 709 1762 769 inculcat

173 814 285 877 denter
297 831 355 890 ego
368 813 438 874 data
454 818 501 874 est
513 812 563 873 lex
585 814 621 872 in
641 811 843 890 adjutorium,
866 808 945 868 sieut
994 807 1186 886 Augustinus
1197 805 1218 880 ¹,
1240 827 1255 865 u
1267 825 1338 867 eum
1354 805 1484 884 implere
1500 823 1564 865 non
1577 807 1702 884 possent
1714 801 1760 862 le-

174 910 305 968 testetur
318 906 473 985 Propheta
489 925 496 965 :
512 904 704 985 sedpopulus
718 907 854 962 veterem
869 917 944 960 eon·
993 917 1066 978 gem
1080 900 1196 974 datam,
1217 898 1470 979 prevaricatores
1486 896 1714 967 invenirentur,
1730 899 1762 955 et

174 998 371 1060 suetudinem
394 1014 537 1075 sequens,
563 994 781 1076 multiplicavit
806 996 942 1073 peccata.
993 991 1066 1052 facti
1078 992 1122 1052 rei
1146 991 1298 1070 sublege,
1322 996 1463 1071 peterent
1486 988 1762 1050 misericordiama

176 1093 248 1171 Ipso
262 1091 347 1151 enim
358 1108 415 1150 usu
430 1089 500 1170 plus
519 1089 611 1169 coepit
624 1105 764 1168 peccare,
779 1103 874 1166 quam
886 1102 943 1144 en·
993 1081 1069 1162 legis
1080 1084 1273 1145 conditore.»
1293 1083 1361 1150 Vel,
1384 1088 1449 1143 «ut
1459 1082 1566 1161 gratiae
1576 1079 1761 1141 medicinam

174 1189 225 1244 tea
238 1187 417 1263 peccaverat
431 1203 439 1243 :
452 1182 535 1244 etsic
547 1180 728 1256 factumest,
744 1185 779 1240 ιιι
791 1180 862 1239 data
875 1179 944 1257 lege
993 1193 1057 1236 non
1071 1181 1177 1236 sanata
1191 1193 1247 1256 per
1260 1176 1361 1251 legem
1370 1174 1394 1252 ²,
1410 1175 1463 1235 sed
1481 1173 1619 1234 convicta
1632 1170 1762 1232 infirmi-

173 1292 241 1336 non
275 1275 514 1351 minuerentur,
552 1273 606 1334 sed
644 1272 841 1334 abundarent
876 1287 945 1350 pee-
994 1272 1040 1328 tes
1054 1273 1216 1347 quaereret.
1240 1270 1313 1328 uEt
1326 1268 1358 1327 in
1373 1266 1502 1346 epistola
1516 1281 1637 1327 Lxxxrx.
1653 1263 1761 1324 «Nam
1822 1277 1894 1323 tuan

172 1371 252 1428 cate.
275 1387 292 1424 ι
994 1364 1025 1421 ιι
1042 1360 1112 1439 ipsa
1123 1361 1185 1435 lex,
1208 1359 1263 1433 eit,
1279 1360 1313 1420 in
1332 1359 1524 1436 adjutorium
1543 1358 1615 1419 deta
1628 1362 1673 1418 est
1686 1355 1758 1431 illis,
1786 1330 1931 1429 supplum-

992 1451 1049 1531 qui
1062 1470 1098 1512 ea
1112 1451 1250 1532 legitime
1265 1457 1408 1524 utuntur,
1430 1457 1466 1512 ut
1487 1449 1642 1530 perillam
1664 1448 1761 1509 sciant
1785 1438 1931 1538 mliii&

857 1618 861 1623 .
925 1629 928 1633 .
992 1544 1042 1604 vel
1055 1545 1130 1623 quid
1137 1544 1265 1623 justitiee
1275 1544 1342 1623 jam
1352 1544 1535 1623 acceperint,
1551 1542 1634 1603 unde
1648 1539 1762 1620 gratias
1819 1547 1898 1603 tuom.

376 1675 575 1758 CAPUT
630 1674 713 1759 VH
993 1642 1097 1714 agant,
1110 1636 1160 1698 vel
1178 1637 1254 1716 quid
1268 1636 1369 1697 adhue
1384 1636 1427 1697 eis
1442 1636 1530 1712 desit,
1547 1635 1630 1714 quod
1643 1634 1762 1694 instan-

718 1736 727 1753 ·
991 1732 1041 1788 ter
1053 1731 1170 1808 petant.
1186 1728 1362 1802 Qui'autem
1384 1727 1427 1788 sie
1446 1727 1588 1803 audiunt,
1614 1726 1699 1805 quod
1718 1726 1763 1785 ait

992 1819 1062 1881 lex:
1078 1820 1147 1880 Non
1160 1821 1368 1900 concupisces,
1384 1824 1419 1880 ut
1432 1820 1491 1882 hoc
1501 1821 1575 1899 quia
1587 1817 1760 1891 didicerint,

993 1911 1132 1973 sufficere
1146 1913 1205 1973 sibi
1217 1912 1419 1986 arbitrentur,
1445 1930 1504 1973 nec
1523 1910 1677 1989 adjutorio
1691 1927 1762 1988 gra·

176 2002 370 2067 conectens
390 2018 429 2061 esc
455 1999 571 2061 ratione
596 1998 670 2078 lepis
689 1997 837 2080 superiori
849 1995 946 2077 cupite
993 2003 1045 2065 tiae
1059 2005 1114 2065 Dei
1131 2005 1170 2065 ad
1183 2004 1362 2066 faciendum
1387 2004 1470 2083 quod
1486 2003 1609 2081 jussum
1623 2008 1679 2079 est,
1695 2001 1764 2062 dari

212 2094 356 2176 consede.
373 2097 401 2154 l.
419 2091 583 2174 Refellitur
596 2110 682 2152 error
701 2092 881 2151 Anomorum
893 2107 943 2150 rw·
995 2096 1054 2156 sibi
1061 2096 1209 2158 virtutem
1218 2097 1357 2172 credant,
1367 2102 1397 2157 et
1404 2100 1522 2176 petant,
1538 2096 1577 2155 ad
1588 2096 1649 2156 hoc
1662 2094 1705 2155 eis
1714 2094 1765 2154 lex

212 2186 350 2267 cantium
365 2183 496 2259 ledeos,
520 2182 561 2245 ad
581 2180 749 2245 secandam
774 2182 866 2262 leuem
888 2179 948 2241 siti
995 2188 1192 2263 subintravit,
1208 2193 1244 2248 ut
1257 2188 1632 2250 abundaretdelictum.»
1659 2187 1692 2247 si
1705 2186 1765 2266 igi-

212 2279 362 2341 diuinitus
376 2274 531 2346 traditum,
547 2274 620 2337 ullis
631 2275 741 2356 qratioe
754 2272 847 2352 [uisse
860 2291 944 2353 proe-
995 2284 1048 2340 tur
1060 2280 1145 2341 hunc
1157 2281 1189 2341 in
1203 2281 1322 2342 edenda
1333 2281 1401 2360 lege
1419 2281 1519 2341 veteri
1532 2280 1629 2340 finem
1651 2297 1764 2359 propo-

212 2370 299 2433 mitiss
321 2369 488 2430 instructos.
513 2371 545 2429 2.
573 2367 690 2429 Grutioe
712 2385 802 2446 penus
822 2364 944 2444 duplex,
996 2373 1057 2433 suit
1069 2372 1126 2433 sibi
1138 2374 1237 2449 Deus3
1254 2373 1280 2433 si
1305 2373 1484 2452 hujusmodi
1499 2392 1538 2433 ex
1559 2372 1612 2432 illa
1630 2371 1766 2433 fructum

213 2462 353 2532 initulis,
368 2469 397 2522 et
415 2459 532 2523 adulte
549 2463 580 2522 3·
596 2459 835 2527 Hanecatt'tutit
859 2456 946 2519 illum
995 2465 1235 2545 cepereroluit,
1251 2470 1287 2524 ut
1310 2465 1436 2544 superbi
1454 2470 1631 2544 peccatores
1644 2463 1768 2525 delicto·

214 2555 286 2638 fidei
297 2554 418 2616 ucmr'ue
431 2555 616 2632 Aequoribus
629 2550 763 2632 appellat
778 2556 826 2612 :et
836 2557 948 2611 utram·
996 2575 1066 2619 rum
1087 2575 1216 2618 suorum
1240 2557 1427 2618 conscientia
1451 2555 1551 2631 fracti,
1576 2561 1607 2617 et
1631 2557 1766 2634 attoniti,

214 2645 730 2729 queramuscuritutemucmtnctd.
743 2642 948 2723 tertiatoque
997 2649 1055 2710 sibi
1068 2652 1205 2729 primum
1222 2648 1432 2728 disphcerent;
1458 2655 1527 2709 tum
1548 2666 1580 2709 se
1593 2654 1768 2729 peccatores

215 2738 386 2801 ιοιαὸιιιιιι
403 2736 552 2798 interdum
562 2734 880 2812 murulctu,iuterduut
895 2751 948 2795 cce·
997 2740 1136 2810 confessi,
1158 2741 1292 2802 humiles
1313 2758 1419 2801 coram
1440 2741 1503 2801 Deo
1529 2740 1651 2817 fierent,
1675 2747 1768 2820 atque

216 2840 280 2893 tum
293 2828 445 2911 significat
454 2828 560 2910 populi
574 2827 635 2908 lege
655 2826 793 2888 deuincti.
810 2829 838 2888 5.
858 2826 947 2888 Utru-
997 2834 1064 2913 ejus
1079 2852 1171 2913 opem
1179 2840 1337 2914 postremo
1347 2832 1561 2913 implorarent,
1577 2840 1607 2892 et
1618 2835 1766 2911 gratim:

215 2922 375 3006 quemodo
397 2921 448 2984 len
473 2928 555 2983 uetus
577 2941 596 2981 c
616 2939 690 2982 coca
720 2918 821 2995 dr‘stut,
853 2926 885 2979 ut
905 2918 948 2995 fi·
996 2924 1023 2986 si
1035 2925 1094 2985 hoc
1107 2926 1258 2987 sexcentis
1267 2926 1301 2985 in
1316 2923 1391 2985 locis
1405 2923 1549 2996 affirmat,
1565 2928 1596 2985 et
1609 2923 1769 2985 uberrima

215 3034 294 3095 pura
307 3033 328 3076 u
341 3014 476 3075 ueritate.
500 3015 530 3074 6.
550 3011 606 3072 Ec
625 3031 657 3073 ec
678 3018 815 3073 natusest
835 3010 948 3071 dictum
998 3018 1136 3078 oratione
1146 3018 1280 3078 declarat
1290 3016 1486 3096 Augustinus
1504 3033 1512 3075 ε
1525 3020 1556 3076 ιι
1569 3015 1629 3076 illis
1642 3015 1719 3076 adeo
1733 3015 1769 3076 in

213 3108 306 3188 prius
323 3104 553 3182 Testamentum,
569 3102 648 3184 quod
667 3103 698 3163 iu
708 3101 861 3183 promulcet
881 3108 950 3162 tun·
997 3108 1073 3169 locis
1084 3116 1115 3170 et
1127 3109 1301 3182 sententiis,
1315 3108 1429 3187 quibus
1443 3107 1590 3187 magniet
1602 3107 1717 3168 minuti
1731 3126 1769 3169 ex

215 3198 373 3281 purulibut
384 3198 532 3278 figuraret
545 3194 732 3276 spiritualia,
744 3205 771 3255 et
777 3201 900 3256 caterua.
918 3195 948 3256 l.
998 3200 1192 3262 Anomorum
1201 3219 1294 3281 grege
1304 3200 1468 3281 scriptores
1476 3199 1630 3261 librorum
1640 3218 1771 3262 suorum

221 3290 375 3371 Preceptu
397 3289 471 3370 lepis
488 3305 580 3362 accoe,
602 3288 684 3367 quud
701 3284 741 3347 ad
752 3285 948 3347 substantium
999 3293 1154 3369 margines
1167 3293 1391 3373 impleverunt;
1414 3311 1450 3353 ac
1464 3292 1490 3352 si
1504 3290 1609 3352 effecta
1630 3291 1684 3352 illa
1701 3310 1769 3353 cm-

219 3384 336 3457 utticet,
350 3380 448 3444 eudem
469 3398 537 3461 ιιι
561 3379 676 3454 ceteris,
692 3383 746 3439 cut
755 3396 833 3458 pene
852 3377 950 3439 eudem
1000 3383 1064 3460 nia,
1075 3386 1182 3463 gratiae
1192 3385 1318 3464 propria
1332 3389 1404 3445 suut
1418 3383 1495 3463 ejus,
1511 3402 1581 3463 quae
1599 3401 1655 3463 per
1669 3383 1772 3445 Chris-

219 3494 278 3537 esse
290 3482 425 3536 uacum
438 3471 538 3552 aliqui
553 3470 745 3532 dixerunt&
760 3467 845 3531 Finis
855 3471 951 3552 inquo
999 3480 1080 3548 tum,
1096 3481 1127 3537 et
1141 3476 1254 3537 Christi
1276 3475 1394 3537 meritis
1408 3481 1498 3555 parta
1516 3475 1662 3536 tribuitur
1678 3495 1685 3535 :
1701 3494 1772 3557 pro·

219 3566 375 3627 dianus:
394 3571 422 3624 et
448 3582 488 3624 uu
508 3567 683 3644 ffuminum
711 3562 744 3622 in
772 3561 954 3641 repeterem·
1000 3567 1151 3647 lectolcgi
1160 3568 1300 3629 Mcsaicse
1312 3567 1772 3648 gretieepraesidiumannexum
1806 3587 1808 3591 ’

219 3655 508 3738 repuumeoelcrum.
793 3654 795 3659 ’
1000 3658 1148 3736 firit,nee.
1169 3679 1206 3722 ea
1218 3679 1345 3741 prorsus
1358 3660 1519 3740 exanguis,
1535 3664 1566 3721 et
1578 3678 1707 3722 exsucca
1721 3659 1772 3721 siti

1001 3752 1132 3813 coelestis
1146 3753 1227 3814 illius
1241 3754 1321 3815 roris
1335 3752 1465 3814 exaruit.

221 3842 329 3905 Omnis
342 3841 396 3902 illa
409 3839 561 3920 superiori
574 3837 712 3918 exposita
726 3837 838 3917 capite,
859 3842 952 3917 atrae
1048 3869 1062 3898 α
1075 3844 1122 3905 Ad
1135 3846 1195 3906 hoc
1216 3845 1289 3906 data
1302 3846 1353 3906 lex
1367 3859 1423 3921 est,
1439 3848 1484 3905 sit
1494 3844 1685 3922 Augustinus
1696 3843 1718 3921 ³,
1736 3849 1772 3906 ut

182 3952 392 3998 exsecratum
403 3933 567 4009 librorum,
589 3936 620 3992 et
640 3929 806 4009 Augustini
818 3930 951 3991 auctari·
1002 3932 1041 3994 de
1055 3950 1168 4013 magno
1181 3951 1313 4014 parrum
1325 3934 1451 4009 taceret,
1463 3944 1499 3993 ut
1511 3932 1771 3995 teadlaciendum

182 4033 246 4090 tate
259 4027 396 4090 conlecta
407 4026 487 4087 ratic
502 4024 591 4103 legis,
617 4022 762 4102 quedam
775 4021 864 4083 nobis
878 4042 953 4083 con·
1000 4024 1101 4105 legem
1123 4028 1204 4088 vires
1217 4027 1255 4088 dc
1268 4031 1324 4088 tuo
1344 4044 1408 4086 non
1428 4025 1544 4087 babere
1558 4030 1769 4088 monstraret:

182 4120 322 4194 sectans,
348 4123 379 4179 et
399 4118 486 4179 velut
503 4123 644 4196 πορισμιηα
666 4114 776 4194 pariet,
804 4114 844 4174 ad
866 4113 951 4177 inse-
1000 4135 1036 4178 ac
1049 4118 1074 4178 si
1088 4119 1155 4197 opis
1167 4118 1321 4198 indigens,
1338 4122 1368 4179 et
1382 4118 1687 4198 egenusadgratiam
1700 4136 1773 4180 con-

182 4219 331 4293 quentem
344 4214 520 4289 opportune
527 4206 779 4287 disputationem,
795 4211 826 4267 et
837 4224 952 4286 magno
999 4208 1134 4289 fugeres,
1150 4216 1181 4271 ιι
1194 4211 1356 4286 clamares,
1372 4209 1513 4271 Miserere
1526 4210 1585 4271 mei
1599 4209 1733 4272 Domine.
1751 4232 1768 4271 u

182 4304 326 4383 deinceps
343 4303 414 4362 usui
437 4299 555 4361 lutura.
572 4299 711 4372 Quorum
731 4298 869 4377 primum
893 4304 950 4374 est,
1000 4300 1094 4382 Atqui
1111 4324 1127 4361 u
1140 4306 1333 4383 peccatorem
1343 4320 1560 4380 sesgnoscere,
1573 4321 1608 4362 ee
1618 4302 1770 4380 confiteri,

181 4396 216 4456 iu
230 4395 316 4475 quod
334 4398 401 4455 tota
425 4392 491 4453 lere
514 4390 611 4451 moles
631 4389 847 4469 disputationis
859 4389 952 4469 buius
999 4392 1164 4456 humiliare
1178 4396 1315 4475 seipsum
1328 4395 1405 4470 Deo,
1419 4395 1460 4454 ad
1469 4393 1686 4455 remissionem
1699 4413 1770 4476 pec-

182 4486 336 4550 incumbit
351 4491 402 4547 :et
425 4485 509 4546 unde
523 4484 714 4545 occasionem
737 4485 828 4543 nacta
845 4498 952 4544 recens
1000 4492 1139 4547 cetorum
1153 4505 1288 4564 currere,
1305 4508 1316 4545 ι
1335 4485 1428 4564 plane
1442 4504 1537 4565 opera
1551 4492 1624 4546 sunt
1637 4488 1769 4565 petiae:

182 4582 377 4641 Anomorum
391 4575 508 4658 opinio,
524 4573 791 4636 adeuntumeliam
798 4573 874 4653 legis
884 4593 953 4635 eru·
1000 4581 1036 4637 ut
1049 4577 1122 4639 alibi
1143 4579 1237 4639 tradit
1258 4573 1410 4657 Αιιςιιιι.ι
1434 4577 1526 4639 idem.
1557 4578 1649 4657 Cujus
1670 4584 1700 4639 et
1712 4579 1773 4643 ista

182 4671 237 4752 pit
257 4670 379 4732 Etenim
402 4668 476 4748 qrria
489 4664 694 4728 necessariam
707 4667 746 4726 ad
759 4665 838 4727 bena
853 4684 951 4747 agen-
1000 4668 1120 4733 suntl:
1152 4672 1262 4732 actim
1276 4675 1381 4732 autem
1395 4671 1522 4751 coeperit
1541 4669 1598 4732 tibi
1611 4671 1772 4751 displicere

181 4763 260 4825 dnm
278 4761 423 4842 gratiam,
446 4776 541 4840 ᾳιιιιιι
565 4757 757 4840 sufficientem
777 4758 872 4838 vulgo
893 4778 951 4822 no·
999 4762 1084 4841 quod
1098 4760 1205 4840 iecisti,
1231 4769 1307 4830 tune
1321 4763 1475 4843 incipiunt
1487 4762 1569 4824 bona
1594 4780 1688 4843 opera
1701 4769 1768 4843 tua,

182 4856 317 4931 minmu,
331 4853 472 4915 binditns
481 4869 498 4913 e
507 4850 610 4912 medio
623 4851 731 4912 tollere
738 4851 949 4927 instituerunt,
1000 4855 1073 4934 qnia
1083 4855 1390 4934 aecruasmalaopera
1398 4859 1463 4914 tua.
1476 4855 1606 4916 Initium
1614 4854 1770 4918 bonorum

182 4947 304 5009 nnllnm
313 4945 442 5006 omnino
450 4944 513 5022 legi
520 4942 665 5005 comitem
675 4943 851 5022 adjunctam
859 4943 951 5004 inisse
1000 4964 1132 5025 operum
1153 4946 1303 5008 confessio
1317 4951 1363 5007 est
1375 4964 1506 5026 operum
1519 4947 1685 5022 malorum,
1709 4954 1767 5009 etc.

185 5039 313 5113 doceut;
327 5055 386 5098 nec
400 5036 419 5098 J
422 5036 537 5113 udaeos,
552 5035 665 5115 quibus
679 5034 733 5095 illu
746 5035 894 5096 diunitus
907 5040 953 5096 est
1000 5038 1079 5113 Quia
1092 5043 1123 5099 et
1134 5040 1194 5100 hoc
1207 5040 1321 5118 ipsum,
1337 5038 1421 5117 qarod
1430 5037 1486 5099 tibi
1495 5038 1650 5119 displicuit
1662 5059 1768 5119 pecca·

185 5130 267 5208 dnta,
290 5129 364 5193 ullis
382 5128 425 5190 ad
448 5146 519 5189 eam
541 5128 725 5188 servandam
742 5127 864 5188 auidiis
886 5145 952 5189 esse
999 5134 1069 5191 tum
1082 5135 1184 5208 tuum,
1195 5149 1261 5191 non
1273 5130 1333 5190 tibi
1347 5131 1530 5209 displiceret,
1548 5132 1609 5193 uisi
1623 5134 1703 5192 Deus
1712 5130 1769 5191 tibi

183 5223 291 5303 gratie
303 5223 500 5298 subornatos,
511 5237 547 5280 ac
560 5219 712 5283 suffultos.
724 5221 812 5294 Quod
821 5219 951 5281 minime
999 5220 1126 5300 luceret,
1150 5227 1182 5284 et
1194 5222 1261 5302 ejus
1274 5223 1386 5284 veritas
1399 5222 1456 5282 tibi
1470 5225 1654 5284 ostenderet.
1672 5242 1687 5281 u
1707 5221 1769 5283 Sed

183 5316 381 5377 tolerandum
392 5331 493 5393 genus
508 5312 631 5390 erroris,
651 5313 752 5391 exiis,
767 5331 838 5393 quae
852 5314 952 5394 capite
1000 5314 1178 5395 necipsurei
1186 5314 1272 5376 istius
1285 5314 1443 5393 cogitatio,
1454 5332 1511 5375 nee
1520 5315 1646 5374 initium
1658 5314 1768 5375 volun-

206 5519 218 5563 t
233 5516 282 5564 ur.
295 5516 315 5561 ll
326 5515 355 5561 ιιι
366 5516 412 5562 Act.
423 5524 484 5561 tum-
492 5513 539 5560 ἵει.
552 5513 661 5562 cru-t
673 5512 697 5559 ld
710 5525 744 5570 cp.
756 5514 869 5559 curru-t
882 5514 907 5560 lc
919 5516 955 5562 Pr.
969 5526 1035 5561 ιιιιιι
1048 5515 1114 5562 Cone.
1126 5526 1221 5561 risu.-
1233 5515 1247 5560 t
1259 5515 1333 5560 tract.
1347 5514 1370 5558 tn
1382 5516 1418 5561 Pr.
1431 5513 1529 5560 ιιι-5
1542 5515 1581 5562 'lc
1593 5517 1723 5570 xrrtulcuu.
