4078 6168
145 466 997 627 THEOLOGICORUM·
1082 478 1652 627 DOGMATUM

354 814 451 919 na
507 811 1139 921 incautioribus
1193 812 1424 919 vassi

567 1089 829 1173 LIBER
895 1089 1217 1174 PRIMUS

121 1321 149 1379 lu
168 1321 228 1390 QUO
250 1323 425 1383 HAERESUM
449 1324 611 1398 audiuit,
639 1325 718 1391 QUAE
751 1324 956 1381 CATHOLICAE
981 1327 1026 1383 DE
1052 1325 1314 1385 laetanturque
1344 1324 1436 1382 Flbhl
1464 1323 1680 1381 lathusim

616 1422 716 1489 SUNT,
735 1422 899 1478 HISTORIA
919 1422 1155 1479 assentanea.

912 1871 981 1932 riti.
989 1893 1004 1929 ο
1016 1873 1063 1930 Er
1071 1890 1133 1950 quo
1144 1870 1192 1930 vir
1200 1870 1284 1931 idem
1295 1887 1436 1931 summus
1447 1867 1574 1945 colligit,
1588 1883 1678 1925 «non

912 1963 1096 2024 sublimibus
1134 1962 1406 2042 inquisitionibus,
1445 1965 1500 2020 aut
1527 1956 1679 2035 ejusmodi

229 2070 256 2150 (J
267 2072 431 2153 ApUT
491 2074 672 2155 pRlMU
679 2077 714 2155 Μ
913 2056 1032 2116 curiosa
1058 2055 1270 2133 indagatione,
1305 2073 1376 2133 quas
1403 2051 1522 2131 ingenii
1547 2046 1678 2109 humani

533 2150 534 2153 ’
718 2140 727 2160 ’
913 2154 1038 2226 captum
1052 2154 1186 2227 superet,
1206 2165 1284 2226 opus
1297 2164 1362 2207 osse
1376 2145 1422 2205 illi
1437 2142 1551 2205 Christi
1562 2146 1677 2220 myste-

912 2240 977 2300 rio:
994 2241 1047 2300 sed
1060 2239 1120 2300 tide
1141 2240 1261 2319 potius,
1276 2256 1347 2317 quae
1371 2236 1512 2317 simplici,
1535 2252 1593 2294 nec
1614 2232 1678 2294 ullo

119 2350 239 2436 Spaopsig
262 2357 407 2420 mmmm
429 2360 571 2437 omnium,
592 2378 661 2441 qm,
687 2362 863 2424 catholicam
911 2332 981 2392 fuco
1015 2330 1186 2392 adulterata
1211 2332 1374 2392 traditione
1402 2333 1531 2390 constet.
1560 2349 1575 2385 ο
1604 2327 1678 2401 Quas

151 2447 347 2511 ircaman'omk
367 2450 456 2528 fidem
479 2462 708 2534 oppupnmm,
730 2474 797 2536 qm„
825 2455 865 2516 ad
911 2428 1068 2530 postrema
1090 2443 1155 2484 non
1182 2424 1231 2529 sic·
1247 2423 1446 2529 intelligenda
1474 2426 1567 2527 sunt,
1591 2419 1678 2498 quasi

35 2564 36 2567 ι
148 2537 228 2601 decem
241 2543 340 2624 cappa
355 2552 541 2605 revocamur,
912 2534 1013 2577 omnis
1027 2516 1066 2576 ab
1080 2517 1152 2592 hoo,
1168 2523 1197 2577 et
1208 2516 1359 2577 srmrhbus
1372 2514 1540 2577 tractandis
1562 2518 1678 2590 myste-

35 2668 36 2681 ,
912 2609 965 2669 riis
980 2615 1120 2669 arceatur
1139 2609 1317 2688 disputandi
1331 2608 1499 2680 subtilitas3
1525 2603 1606 2667 nihil
1631 2608 1676 2677 ut,

35 2694 96 2751 be
149 2694 860 2786 uotfete'mapnumaspiciamus-omentum:
912 2706 1026 2779 prater
1053 2702 1183 2773 nudam,
1212 2720 1248 2761 ao
1273 2700 1442 2780 simplicem
1467 2698 1540 2758 fidoi
1563 2695 1680 2776 profes-

35 2754 97 2865 θίαν
119 2790 180 2852 Due
195 2795 453 2875 manifestaturos
467 2797 499 2857 iu
519 2796 863 2877 compendiatum
912 2793 1042 2869 sionem,
1067 2794 1212 2855 adhibere
1236 2794 1303 2853 istie
1327 2792 1435 2865 liceat,
1457 2791 1541 2869 quod
1564 2789 1590 2848 si
1611 2788 1677 2864 tiat,

35 2878 98 2971 ,sm
118 2885 223 2963 spirita,
237 2893 403 2969 conspectus
428 2888 562 2970 Angelis,
584 2887 767 2968 praedicatos
789 2909 862 2972 qen-
913 2885 1016 2945 omnis
1036 2885 1191 2965 extemplo
1204 2885 1332 2945 tollatur
1350 2902 1367 2945 e
1388 2884 1490 2944 medio
1502 2881 1679 2941 divinarum

119 2975 191 3048 ίίίιι,
203 2979 373 3040 creditusr'o
383 2979 500 3053 mendo,
517 2989 678 3060 asumptus
692 2981 862 3060 topiariae.
912 2995 1018 3038 rerum
1038 2978 1174 3052 seientia,
1198 2996 1293 3056 quam
1315 2975 1502 3054 theologiam
1526 2973 1676 3033 dicimus:

118 3067 194 3128 Jurat
206 3071 287 3130 euim
310 3071 349 3131 de
367 3072 591 3133 iucarnationis
613 3073 761 3151 mysterio
779 3074 864 3153 loqui
913 3069 999 3147 eujus
1012 3070 1072 3130 hoc
1085 3088 1201 3131 munus
1212 3075 1268 3145 cst,
1284 3088 1323 3129 ex
1336 3068 1474 3147 ejusdem
1488 3065 1560 3126 fidei
1577 3065 1680 3126 deere-

117 3159 326 3237 instituentem‚
343 3163 383 3224 ah
397 3162 459 3223 illis
472 3164 625 3243 auspicari
643 3164 746 3224 verbis
765 3165 863 3245 Apus·
911 3162 1053 3237 tis,vslut
1062 3162 1232 3242 principiiS,
1241 3162 1382 3237 latentes,
1394 3168 1425 3222 ct
1434 3177 1560 3221 arcanas
1573 3175 1679 3219 rorum

118 3251 246 3332 tulique
266 3255 333 3332 ejus
359 3260 396 3316 ut
409 3257 670 3333 magnitudinem,
685 3255 729 3316 ita
746 3258 865 3335 magui·
912 3253 1038 3314 illarum
1065 3256 1208 3315 notiones
1241 3252 1488 3333 argumentando
1522 3250 1694 3328 colligere.-

116 3345 198 3405 tudini
211 3364 317 3426 parem
335 3346 570 3423 obscuritatem,
590 3347 864 3429 difficultatemque
912 3346 1030 3407 Verum
1040 3346 1100 3406 hoc
1113 3346 1228 3425 Cyrillo
1242 3345 1459 3406 tantummodo
1474 3344 1583 3423 placet,
1599 3343 1680 3403 utin

116 3438 323 3499 commendant.
345 3460 360 3496 ο
379 3439 432 3498 Fet
452 3439 562 3514 euim,
586 3445 623 3500 ut
635 3440 675 3499 ad
688 3440 796 3500 eadem
809 3441 864 3502 illa
912 3437 965 3498 illo
981 3439 1157 3509 scrutando,
1179 3456 1215 3498 ac
1235 3438 1420 3516 disputando
1435 3436 1595 3515 mysterio,
1616 3435 1679 3514 pri-

116 3528 191 3589 rerha
211 3529 347 3609 cyrillus
372 3530 415 3590 ait
429 3530 669 3603 Alexandrinus,
685 3549 793 3592 revera
813 3550 863 3592 sa·
912 3546 988 3603 mas,
1007 3529 1202 3608 potioresque
1216 3535 1317 3608 partes
1340 3529 1398 3589 sibi
1418 3528 1494 3589 fides
1514 3527 1680 3588 christiana

117 3620 220 3698 puna,
233 3638 291 3682 uec
304 3622 446 3683 humana
458 3623 586 3700 quidem
599 3622 665 3683 ullo
679 3623 772 3684 modo
785 3643 793 3698 ;
809 3624 862 3684 sed
912 3621 1075 3695 vendicet,
1104 3621 1231 3700 ejusque
1256 3622 1349 3684 ductu
1369 3623 1507 3682 humana
1530 3620 1621 3697 ratio,
1650 3624 1681 3679 et

117 3710 199 3773 divina
213 3715 317 3794 potius
330 3722 425 3794 atque
438 3714 472 3773 in
494 3714 663 3776 reconditis
676 3716 862 3793 quibusdam
912 3713 1065 3773 industria
1096 3713 1299 3792 gubernetur.
1333 3735 1348 3771 a
1374 3715 1493 3793 Quippe
1529 3728 1680 3790 magnum

116 3806 366 3879 pneumatibus,
393 3813 424 3866 et
444 3807 706 3885 incomprehensis
729 3806 862 3866 dillicul-
905 3805 1031 3877 bouum
1045 3804 1164 3866 confert
1178 3806 1335 3883 inquisitio
1349 3805 1496 3879 veritatis,
1507 3810 1542 3864 ut
1555 3804 1597 3863 ait
1611 3803 1681 3863 Ful·

116 3897 208 3958 tatibua
230 3900 347 3978 posita,
362 3898 441 3958 illud
455 3898 568 3959 Christi
581 3899 773 3978 mysterium.
790 3899 863 3971 ldso
911 3894 1060 3975 gentius²,
1074 3914 1143 3976 quae
1157 3901 1263 3958 tamen
1277 3902 1351 3957 tunc
1363 3896 1533 3957 desiderato
1545 3912 1609 3955 non
1617 3893 1681 3953 fru-

35 4006 36 4055 g
117 3983 202 4050 heatus
223 3991 322 4051 David
341 3990 375 4050 in
390 3989 511 4050 Psalmo
523 3989 673 4051 cecinit¹:
694 3991 738 4052 Et
763 3995 864 4071 posuit
911 3992 1027 4049 stratur
1040 3988 1163 4064 effectu,
1179 3989 1204 4048 si
1218 3989 1309 4049 rectis
1329 3988 1369 4049 ad
1388 3988 1455 4049 veri
1468 3986 1679 4063 coguitionem

117 4081 387 4143 immistionum
398 4100 483 4143 suom
492 4101 503 4142 .·
517 4081 683 4142 incircuitu
692 4082 755 4163 ejus
764 4084 862 4143 taber·
912 4080 1001 4141 lincis
1020 4080 1143 4140 animus
1161 4081 1322 4142 innitatur.
1339 4101 1354 4138 a
1378 4081 1421 4141 Dc
1435 4098 1497 4159 quo
1509 4079 1571 4139 late
1584 4077 1678 4139 disse·

117 4171 230 4232 ιοσνίοοι
240 4173 343 4234 illias:
354 4172 501 4234 ίαιεθνοεα
512 4192 590 4253 aquo
603 4173 764 4234 inauditas
773 4174 861 4235 seru.
912 4173 1032 4232 ruimus
1045 4172 1079 4232 in
1092 4173 1320 4251 prolegomenis
1334 4172 1435 4251 operis
1445 4170 1568 4233 totiust

119 4260 159 4322 lbi
176 4264 334 4341 tenebras,
355 4267 478 4344 opinor,
502 4265 582 4325 nihil
607 4265 691 4326 aliud
715 4264 862 4345 appellat,
952 4265 1038 4324 Hane
1065 4282 1163 4325 unam
1190 4264 1283 4325 tuisse
1313 4264 1438 4339 labem,
1468 4269 1499 4325 at
1524 4264 1679 4325 sentinam

118 4368 190 4429 mam
209 4356 372 4418 obscuram
383 4356 599 4434 intelligentiae
613 4358 860 4436 perceptionem,
907 4374 1055 4431 ⁴errorum
1068 4357 1229 4432 omnium,
1246 4358 1301 4436 qui
1314 4356 1459 4417 adversus
1481 4355 1678 4417 sanctissimas

118 4458 168 4520 qua
180 4449 213 4509 in
225 4449 332 4510 oculos
344 4449 459 4510 mantis
471 4449 569 4509 instar
592 4449 735 4527 caliginis
757 4449 861 4511 incur·
912 4448 1082 4523 Trinitatis,
1098 4453 1128 4508 et
1142 4443 1295 4509 incarnati
1309 4448 1396 4509 verbi
1410 4449 1554 4526 dogmata
1573 4448 1676 4528 pullu-

142 4647 158 4686 ο
174 4639 242 4691 Τίνι.
259 4651 299 4701 ιιι,
313 4635 360 4699 ίθ,
374 4633 446 4691 utin
465 4635 562 4691 Grteeo
578 4635 690 4705 legitur.
703 4636 750 4688 Καὶ
763 4637 859 4708 ὁμολο-
908 4638 948 4699 καὶ
962 4636 1034 4705 ἔθητο
1045 4638 1132 4698 σκότος
1145 4634 1285 4707 ἀποκρνρὴν
1296 4635 1382 4701 meat,
1393 4635 1474 4707 κίιιλῳ
1486 4636 1586 4706 αὑτοῦὴ
1601 4638 1677 4708 σκηνή

35 4730 36 4733 ’
119 4719 217 4786 quidem
232 4720 295 4791 μέγα
313 4717 366 4771 ἐστὶ
384 4718 414 4771 rb
432 4722 476 4785 τῆς
496 4717 616 4781 εθοεθείας
636 4720 778 4790 μυστήριον·
801 4719 861 4780 Θεὸς
909 4719 993 4784 αὺτοῦ,
1004 4718 1127 4773 σκοτεινὸν
1137 4719 1202 4790 ὕδωρ
1213 4716 1237 4771 ἐν
1254 4719 1365 4790 νεφέλαις
1375 4717 1463 4791 ἀέριον.
1479 4722 1578 4793 σκότον,
1596 4716 1689 4794 οἴμας

35 4860 36 4863 ¹
120 4792 269 4871 θῖπιριίιθηέν
287 4800 370 4872 σαρκί,
391 4799 518 4868 ἐδικαιώθη
533 4799 557 4855 ἐν
576 4800 703 4873 πνεύματι,
716 4801 784 4873 ὤφθη
804 4800 859 4873 Ἀγ·
909 4804 988 4876 λέγων
1013 4801 1083 4857 οὐδὲν
1104 4802 1206 4875 ἕτερον,
1227 4802 1291 4870 πλὴν
1311 4804 1349 4856 ὅτι
1374 4823 1422 4856 πον
1442 4805 1539 4866 πάντως
1560 4804 1603 4872 τὴν
1626 4813 1676 4860 τῶν

120 4879 189 4947 τίλας,
209 4883 328 4958 ίιιηρίχθη
342 4881 368 4936 ἐν
385 4883 491 4947 ἔθνεσιν,
507 4880 631 4953 ἐπιστεύθη
653 4882 677 4936 ἐν
691 4886 791 4957 κόσμῳ,
805 4884 860 4937 das·
910 4884 1008 4939 ἐννοιῶν
1023 4886 1189 4940 δυσκάτοπτον
1198 4884 1290 4957 εθρεσιν
1304 4889 1354 4950 τοῖς
1364 4891 1407 4954 τῆς
1420 4888 1528 4949 διανοίας
1542 4886 1677 4959 ὀφθαλμοῖς

120 4958 207 5033 'listris
218 4966 285 5040 δόξῃ.
909 4967 1000 5041 ἀχλύος
1014 4968 1081 5037 δίκην
1097 4964 1273 5041 ἐμπίπτουσαν.
1288 4970 1362 5042 ταύτῃ
1379 4989 1419 5023 τοι
1437 4970 1515 5042 φαμὲν
1529 4973 1675 5041 ζητημάτων

35 5044 36 5053 ³
145 5046 255 5106 ίθῐιη.
274 5051 320 5106 lib.
346 5050 383 5105 ΙίῙ
405 5056 510 5105 contra
534 5054 613 5106 Neet.
636 5049 697 5106 init.
713 5052 793 5123 Σοφία
812 5051 860 5123 γὰρ
909 5050 1012 5124 ίσρνῶν,
1024 5053 1065 5105 καί
1085 5052 1221 5123 περιεργίας
1243 5056 1286 5119 τῆς
1306 5050 1415 5105 ἐπέκεινα
1427 5058 1471 5106 νοῦ
1492 5054 1616 5119 δεδεῆσθαι
1632 5052 1674 5124 μὲν

121 5123 200 5197 Μῦς,
213 5135 253 5187 καὶ
267 5133 312 5187 οὒκ
326 5132 464 5205 ἀνθρωπίνη
481 5132 563 5197 ποθὲν,
578 5134 630 5187 θεία
651 5134 678 5188 δὲ
697 5136 804 5207 μᾶλλον,
819 5135 860 5188 καί
909 5134 1023 5206 οὖδαρῶς
1042 5135 1071 5188 ιδ
1092 5136 1197 5205 Χριστοῦ
1223 5130 1367 5206 μυστήριον·
1396 5136 1500 5196 πίστεως
1527 5133 1553 5187 δὲ
1578 5135 1675 5205 μᾶλλον

123 5204 272 5287 &batpalmis
288 5218 339 5272 τισί
353 5217 437 5287 βάθεοί
449 5235 488 5282 τι,
505 5217 544 5269 καί
559 5216 735 5289 ἀνιαταληθίαις
748 5218 859 5289 κειμένη,
909 5216 998 5284 ἁπλῆς,
1013 5217 1054 5269 καί
1067 5215 1218 5290 ἀκααοῦργον
1230 5215 1334 5289 ἐχούσης
1348 5218 1391 5285 τὴν
1405 5218 1549 5289 παράδοσιν.

122 5288 236 5367 :illpmu
254 5302 398 5373 μυστήριον.
414 5300 501 5371 ψάλλει
526 5304 584 5370 γοῦν
606 5300 621 5353 ὁ
640 5302 758 5372 μακάριος
772 5299 858 5365 hade,

141 5468 206 5518 thu
217 5479 320 5521 rut-2
334 5476 384 5520 Lib.
397 5475 404 5519 Ι
417 5476 444 5520 ad
456 5477 557 5521 Τεισία.
567 5488 630 5520 ιιι.-
642 5477 656 5521 ³
669 5477 721 5532 Gap.
735 5486 758 5521 ιν
769 5473 827 5521 Prot.
844 5484 859 5523 ι.
875 5477 893 5529 1,
906 5476 921 5533 5
933 5477 959 5520 ts
970 5484 991 5520 ct
1004 5476 1037 5521 lt.
