4136 6178
298 271 337 330 θῇ
816 264 1141 331 summutceltutt
1161 264 1379 331 DOGMATUM

297 429 430 509 gratiam
448 428 562 490 Christi
580 426 795 489 medicinalem
807 427 972 489 Armeoani
992 446 1069 508 pro·
1122 428 1197 491 bere
1218 429 1345 489 student
1370 426 1547 504 Armuoani,
1571 424 1649 488 illud
1671 441 1737 487 esse
1753 445 1771 482 r
1782 441 1894 486 rerum

298 520 375 581 bant
384 537 565 581 reramesse
579 519 764 601 proprieque
773 519 1069 594 diotamesritatem3
1123 519 1313 598 adjutorium
1325 517 1449 593 Christi,
1460 535 1524 597 quo
1535 516 1686 578 divinitus
1695 515 1892 596 adjuvemur,

298 612 382 691 quod
396 611 589 689 Augustinus
604 633 620 670 u
633 611 766 691 gratiam
779 611 893 673 Christi
905 610 1073 672 medicina·
1124 616 1159 672 ut
1178 609 1368 673 declinemus
1385 629 1405 671 s
1428 609 1521 683 malo,
1546 613 1578 670 et
1595 608 1743 671 heismus
1760 607 1891 681 bonum,

298 704 361 764 lem
375 703 465 765 docet
479 722 544 765 esse
563 702 757 777 suavitatem,
783 720 846 782 qua
864 701 900 763 fit
913 707 950 764 ut
962 701 1073 780 diliga-
1123 701 1365 782 quibusduobus
1377 697 1791 778 universejustitiahominis
1807 716 1892 759 rom-

299 811 368 855 mus
378 796 488 855 [teum.
505 816 520 853 u
539 793 659 873 Quippe
681 793 807 872 ‹gratiae
827 792 1073 895 illiuseoufesp'o·
1123 793 1355 872 prehenditur.»
1378 792 1590 870 ldqueomnes
1602 789 1821 871 Augustiuiab
1833 789 1894 850 illis

298 904 372 947 nem
385 885 591 966 aPelagianis
605 885 726 963 quaerit,
749 903 812 964 qua
832 883 869 945 fit
889 891 925 947 ut
947 889 1073 964 peceato
1123 884 1251 963 prolutus
1260 884 1420 947 sententie
1434 884 1632 945 ooufirmsnt.
1644 883 1759 962 thue
1770 881 1894 943 exlibro

300 982 478 1052 caveantur,
494 975 741 1057 tentationesque
754 980 951 1055 superentur.
967 996 983 1035 r>
992 975 1074 1036 Hine
1122 974 1158 1037 de
1168 973 1287 1056 Spiritu
1300 984 1328 1035 et
1343 974 1458 1050 littera,
1473 974 1536 1035 line
1549 974 1731 1054 eupitisxru.
1749 971 1895 1052 proponi·

299 1073 416 1144 eutem,
439 1073 470 1128 et
492 1086 529 1128 ex
547 1066 694 1129 omnibus
714 1065 880 1146 Augustini
900 1066 1071 1143 sententiis,
1123 1071 1185 1129 tur.
1210 1066 1420 1128 «Mandatum
1445 1065 1470 1129 si
1498 1065 1535 1127 fit
1555 1065 1666 1129 timore
1693 1082 1805 1144 prenae,
1830 1080 1895 1124 uon

299 1178 377 1239 quas
398 1159 438 1219 ad
462 1158 540 1219 illud
559 1158 784 1220 adstruendum
807 1157 967 1237 eolligunt,
993 1158 1073 1238 idip-
1123 1157 1377 1236 amorejustitise,
1393 1156 1544 1219 serviliter
1556 1156 1602 1231 fit,
1618 1172 1685 1218 non
1698 1155 1893 1217 liberaliter:

299 1261 383 1327 sum,
411 1250 497 1331 quod
523 1249 674 1311 haetenus
703 1265 895 1329 pugnamus,
932 1250 1071 1324 effieitur,
1123 1253 1154 1310 et
1165 1248 1234 1310 ideo
1249 1267 1314 1309 nou
1324 1248 1370 1310 fit.
1393 1249 1463 1310 Non
1483 1248 1569 1311 enim
1586 1247 1767 1310 fruetusest
1780 1245 1894 1320 honus,

298 1341 419 1402 nullum
444 1359 509 1402 esse
537 1341 754 1403 medisinalem
782 1340 896 1401 Christi
929 1340 1071 1420 gratiam,
1123 1340 1178 1420 qui
1203 1341 1241 1402 de
1256 1340 1412 1402 iubentutis
1439 1339 1542 1402 radios
1565 1357 1631 1403 nou
1652 1338 1775 1419 surgit:
1799 1339 1895 1401 Porro

301 1438 414 1510 preter
428 1432 600 1508 robustam,
620 1432 756 1508 firmum,
783 1437 814 1493 et
833 1449 964 1512 operum
984 1432 1073 1492 moli·
1122 1437 1227 1493 autem
1251 1432 1278 1493 si
1302 1432 1381 1494 adsit
1408 1431 1493 1508 fides,
1521 1449 1591 1510 quse
1623 1429 1896 1510 perdilectionem

300 1523 413 1584 tricem
447 1523 626 1598 raritatem3
655 1521 809 1583 initialem
839 1528 945 1583 auum
977 1521 1074 1585 enimi
1123 1529 1282 1602 operatur,
1297 1523 1406 1602 insipit
1416 1521 1621 1587 condelectari
1640 1521 1738 1601 legi»
1761 1526 1821 1582 eto.
1837 1520 1898 1582 llio

303 1613 460 1682 effaetum.
476 1613 578 1693 quiin
592 1615 657 1675 sola
671 1612 848 1688 voluntatis,
872 1631 969 1694 eaque
989 1614 1072 1690 rudi,
1122 1613 1149 1675 si
1162 1614 1262 1694 grstia
1275 1613 1390 1675 Christi
1415 1635 1431 1671 r
1451 1614 1485 1675 in
1505 1631 1612 1677 amore
1630 1612 1770 1691 jrutitie,
1790 1617 1822 1673 et
1834 1612 1896 1673 ilde

305 1711 336 1766 et
347 1703 502 1765 imbecilla
516 1705 654 1766 motione
675 1703 825 1777 consistit,
845 1723 911 1766 nou
930 1722 995 1766 esse
1008 1723 1076 1784 gra·
1124 1704 1391 1783 perdilectionem
1406 1711 1553 1783 operante
1562 1703 1602 1765 uh
1616 1703 1789 1783 Augustino
1804 1702 1899 1781 signi-

302 1795 378 1857 ham
409 1795 533 1858 Christi.
563 1795 686 1857 Etenim
719 1796 813 1858 talem
840 1795 891 1857 isti
917 1795 1075 1858 ueritatem
1124 1798 1245 1871 fleatur,
1260 1796 1332 1859 etin
1351 1795 1487 1857 lruetum
1500 1795 1618 1859 ferente
1632 1796 1759 1857 raritate
1772 1816 1809 1859 :o
1827 1813 1898 1875 pro-

302 1891 450 1967 queerunt
470 1887 555 1969 apud
574 1887 795 1966 Augustinum,
818 1886 947 1968 eJusque
958 1886 1072 1965 verbis,
1123 1888 1416 1970 eumquaecunque
1429 1888 1489 1950 hoe
1501 1906 1542 1951 ex
1553 1887 1634 1962 loeo,
1650 1893 1681 1951 et
1693 1887 1897 1966 rerumgesta

303 1984 336 2041 et
361 1979 545 2042 arroteritate
565 1978 744 2055 mulimunt,
767 1998 783 2037 r
808 1997 872 2059 qua
892 1985 924 2041 et
951 1984 1075 2060 peecata
1125 1996 1198 2041 sunt
1220 1979 1371 2041 similibus
1392 1985 1541 2058 oonoepts
1561 1979 1682 2056 verbis,
1706 1978 1899 2041 medicinalis

304 2077 464 2149 caventur,
488 2076 520 2132 et
534 2071 722 2132 tentationes
739 2075 937 2151 superentur.
952 2090 968 2127 u
987 2070 1072 2143 Quod
1125 2070 1226 2151 gratia
1240 2070 1365 2145 Christi,
1380 2087 1417 2133 se
1433 2070 1607 2150 Pelagisnss
1620 2071 1762 2151 opposita
1771 2069 1899 2132 mullei-

303 2163 440 2242 proleeto
465 2181 530 2223 nou
549 2162 772 2242 cujuscumque
789 2162 925 2223 eariutis
937 2161 1075 2222 offitium
1126 2168 1187 2239 tur,
1203 2163 1359 2242 operatrix
1373 2169 1430 2237 est,
1454 2168 1485 2225 et
1496 2161 1675 2238 fructifero3
1692 2181 1751 2225 nee
1762 2162 1823 2224 slis
1836 2162 1898 2225 diei

304 2260 362 2327 est,
378 2254 432 2315 sed
445 2260 590 2323 sotuosae,
604 2272 640 2315 ae
660 2255 760 2315 Deum
778 2252 925 2315 omnibus
944 2259 1074 2333 antepo-
1126 2253 1351 2333 christigratia
1365 2253 1467 2331 debet,
1482 2254 1543 2315 nisi
1554 2271 1622 2333 quse
1637 2254 1741 2331 operis
1751 2258 1798 2314 est
1805 2253 1897 2314 elleo-

305 2345 419 2420 neutls‚
436 2361 501 2404 nou
516 2342 680 2419 inchoatae,
702 2362 760 2406 neo
779 2344 951 2425 perfeetum
973 2343 1075 2405 adhue
1126 2347 1198 2423 trix,
1213 2346 1272 2407 hoe
1283 2352 1330 2407 est
1342 2345 1448 2409 adulta
1457 2345 1525 2424 jam
1546 2350 1578 2407 et
1596 2345 1693 2407 robur
1707 2346 1829 2424 adepta.
1845 2345 1899 2406 Sia

303 2436 402 2497 robur
416 2436 546 2515 adeptee.
563 2434 1076 2515 NeealiudAugustinitestimonio
1126 2438 1181 2517 qui
1208 2439 1246 2498 ab
1266 2435 1375 2499 iisdem
1396 2436 1576 2501 Armerenis
1598 2436 1727 2501 effertur
1745 2437 1831 2499 loom
1857 2454 1897 2499 ex

305 2545 371 2611 prae
392 2546 424 2589 se
438 2527 554 2604 ferunt,
570 2525 690 2606 quereb
703 2525 764 2587 illis
776 2527 923 2589 uitentur.
941 2526 981 2586 Ut
992 2525 1076 2605 quod
1126 2530 1253 2609 epistole
1281 2529 1445 2609 Augustini
1472 2545 1536 2605 uxr,
1551 2528 1672 2592 nullom
1698 2529 1806 2605 sliam,
1834 2528 1896 2589 nisi

305 2617 338 2679 in
353 2618 484 2699 epistole
520 2636 644 2679 sxxxrx
656 2615 788 2680 scribit:
808 2618 892 2691 erri
913 2622 1019 2681 autem
1032 2617 1077 2679 sie
1125 2620 1291 2702 perieulum
1336 2621 1495 2683 caritatem
1536 2626 1645 2695 must,
1691 2620 1895 2700 expultricem

305 2710 437 2772 audiunt
450 2710 534 2789 quod
545 2708 590 2769 ait
600 2709 650 2770 lex
661 2728 670 2785 ;
683 2707 749 2769 Non
763 2707 953 2790 sumopere,
970 2714 1005 2769 ut
1017 2708 1077 2769 hoe
1125 2713 1290 2791 timoris,et
1302 2713 1558 2792 concupiscentiae
1567 2711 1898 2792 domitricem,selegis

306 2801 381 2881 quio
394 2801 569 2869 didicerint,
583 2800 724 2862 sufficere
736 2798 795 2860 sihi
807 2799 1007 2879 arbitrentur,
1020 2818 1078 2863 neo
1126 2805 1354 2882 observantem,
1381 2805 1413 2866 id
1440 2810 1487 2867 est
1512 2812 1740 2884 prompturum
1764 2821 1897 2884 operum

307 2891 461 2971 adjutorio
474 2894 582 2971 gratiae
597 2891 652 2953 liei
665 2891 706 2952 od
727 2890 903 2952 laciendum
917 2891 1000 2969 quod
1009 2891 1077 2969 jus·
1126 2898 1343 2973 exeeutrioem,
1361 2903 1397 2959 ut
1414 2902 1446 2961 et
1466 2896 1528 2957 alia
1539 2915 1579 2959 ex
1592 2896 1767 2975 Augustino
1785 2896 1897 2957 eodem

306 3001 377 3045 sum
388 2989 434 3046 est
447 2984 516 3044 deri
529 2983 589 3044 sibi
599 2983 748 3045 virtutem
761 2983 900 3058 eredunt,
916 2989 947 3044 et
960 2988 1077 3065 petant,
1127 2990 1273 3068 adjuncta
1285 2989 1353 3051 loos
1363 2989 1588 3051 demonstrant.

307 3076 346 3137 ad
359 3077 419 3137 boe
430 3075 475 3136 eis
489 3075 537 3137 he
549 3073 741 3151 stibintruoit,
767 3082 799 3135 ut
813 3072 974 3136 absumet
987 3073 1078 3136 delic-
1168 3082 1221 3142 Vl.
1252 3081 1391 3159 Idipsum
1423 3080 1534 3159 qrrirrto
1568 3099 1606 3141 ex
1640 3085 1897 3159 argumentorum
1995 3106 2023 3149 sn
2036 3117 2064 3148 a·

308 3174 414 3228 tam.»
446 3167 609 3240 Quodnam
631 3166 714 3227 aliud
740 3165 859 3244 gratim,
890 3184 926 3226 ae
945 3167 1080 3229 caritatis
1128 3172 1238 3253 eapite.
1250 3172 1329 3233 etad
1337 3173 1396 3233 hoe
1407 3171 1736 3251 adscriptisAugustiui
1761 3172 1898 3234 testimo·

307 3276 407 3337 genus
421 3258 577 3319 indicatur
595 3257 645 3318 his
659 3257 772 3335 verbis,
796 3257 857 3318 nisi
870 3257 1024 3338 perfer-le,
1050 3263 1081 3321 et
1129 3265 1189 3324 niis
1215 3264 1299 3343 apud
1330 3263 1541 3344 dogmatistes,
1574 3264 1758 3325 ostertditur.
1793 3262 1897 3342 Siqui-

308 3349 347 3411 ad
375 3350 571 3429 operandum
597 3348 741 3425 efficeris,
763 3366 799 3409 ae
820 3354 954 3411 strenuus
968 3349 983 3409 ?
997 3351 1079 3411 Tum
1128 3357 1200 3418 dem
1215 3377 1231 3415 e
1244 3355 1321 3417 illud
1330 3357 1443 3431 solum,
1460 3355 1599 3429 unicum,
1616 3361 1648 3419 et
1660 3372 1772 3417 rerum
1790 3355 1898 3435 gratiss

308 3440 417 3520 paucis
431 3439 609 3520 issiett'eciist
631 3438 903 3521 eiusm0d‘1ffl'sslt'oe
923 3440 1079 3523 &emptum
1130 3449 1255 3522 Christi,
1269 3453 1302 3510 et
1313 3447 1421 3527 gratie
1431 3449 1505 3509 novi
1517 3448 1694 3509 testamenti
1707 3447 1898 3526 adjutorium

308 3530 494 3613 orlp'utoriom
509 3534 639 3613 opponit
650 3531 821 3606 Pelagianee
835 3532 956 3611 gratiae,
971 3533 1080 3615 equod
1130 3545 1239 3601 eontra
1251 3545 1406 3612 naturam,
1422 3538 1534 3617 legem,
1547 3539 1733 3616 doctrinam,
1752 3538 1898 3619 preceps

309 3622 533 3685 adfaciendam
551 3622 716 3702 justitiam,
737 3623 810 3685 deto
828 3624 906 3703 legis
927 3632 1080 3706 prerepto
1131 3630 1897 3711 cognitionem,pereutiremissiouemdistiuetum;

310 3715 517 3776 necessarium
528 3720 584 3775 est.
600 3735 616 3773 u
632 3715 800 3777 lndehane
815 3714 913 3796 ipsam
927 3717 1081 3781 caritatem
1131 3722 1220 3800 illud,
1238 3722 1378 3803 inquam,
1391 3740 1454 3801 quo
1469 3722 1590 3785 dileetio
1600 3722 1742 3801 justitias,
1757 3740 1813 3784 seu
1827 3722 1901 3783 ehu·

309 3805 353 3866 eit
365 3824 431 3867 esse
444 3806 671 3887 plenitudinem
684 3805 772 3887 legis.
787 3828 810 3864 u·
820 3807 937 3868 Eodem
948 3808 1083 3889 pertinet
1131 3814 1205 3876 ritas
1222 3814 1407 3877 diffunditur
1431 3814 1467 3875 ln
1491 3814 1634 3879 sordibus
1654 3814 1777 3884 nostru
1804 3820 1841 3876 ut
1860 3832 1901 3875 eu

310 3899 394 3976 quod
411 3916 451 3960 ex
468 3897 556 3961 initio
570 3898 658 3979 epist.
675 3914 756 3973 cxlv,
773 3898 812 3959 ab
834 3897 895 3958 illis
911 3898 1077 3982 profertur,
1132 3907 1189 3969 isto
1202 3906 1256 3969 Dei
1268 3906 1431 3971 dilectione
1444 3911 1598 3986 praecepte
1609 3906 1771 3987 ierimus,
1786 3926 1802 3965 r
1819 3924 1901 3985 quse·

310 3988 364 4049 ubi
379 3990 423 4050 ait
434 3991 563 4068 August.
582 4007 724 4051 «novam
739 3989 907 4069 quemdem
924 3991 1080 4071 haeresim,
1130 4015 1199 4060 rere
1221 4016 1264 4075 se,
1289 4004 1321 4061 et
1346 4016 1386 4061 ex
1406 3997 1573 4077 Augustini
1591 3996 1666 4061 loeis
1687 3998 1901 4063 demonstrare

311 4086 343 4140 et
353 4079 512 4141 inimicam
529 4081 636 4159 gratiae
653 4081 766 4141 Christi
788 4089 895 4144 contra
917 4082 1082 4145 Eoelesism
1130 4089 1325 4170 profitentur.
1356 4090 1422 4153 Hor
1446 4093 1552 4153 autem
1578 4106 1643 4153 uon
1669 4089 1829 4168 quodlibet
1855 4095 1902 4150 est

312 4170 426 4231 Christi
446 4171 554 4231 sonari
573 4170 745 4253 insurgere,
769 4171 935 4236 homiuum
958 4174 1081 4251 scilieet,
1131 4182 1282 4245 auxilium
1296 4179 1412 4257 gratiae,
1426 4180 1475 4243 vel
1488 4180 1656 4243 voluntatis
1671 4181 1831 4262 impulsio3
1847 4181 1901 4243 sed

312 4263 368 4342 qui
392 4268 517 4325 tantum
532 4263 649 4325 audent
671 4264 843 4326 infirmitati
867 4265 1014 4327 humanae
1026 4268 1083 4327 tri·
1132 4273 1283 4352 ejusmodi
1295 4272 1398 4352 plene,
1410 4272 1495 4352 quod
1506 4278 1652 4353 vegetum
1665 4273 1714 4350 sit,
1729 4273 1900 4335 soltrmum

312 4355 408 4416 buere
421 4355 587 4435 potestatis,
603 4361 638 4417 ut
650 4355 711 4416 hoe
721 4354 822 4416 solum
831 4356 872 4419 ad
885 4357 1083 4437 migrationi
1132 4371 1224 4445 atque
1237 4364 1419 4445 perfeetum.

313 4447 467 4527 pertinere
481 4447 681 4525 contendant,
696 4447 781 4528 quod
801 4467 873 4510 eum
888 4449 986 4511 libero
999 4450 1082 4511 arbi-
1172 4458 1242 4519 Non
1255 4456 1340 4518 aliud
1357 4456 1534 4534 significant
1553 4455 1721 4536 Augustini
1739 4455 1903 4517 mutoutie

313 4538 385 4614 trio,
420 4543 451 4599 et
484 4557 549 4600 non
581 4538 727 4620 peeeandi
761 4540 960 4621 possibilitate
987 4543 1082 4606 oresti
1133 4568 1253 4625 omnes,
1286 4547 1400 4629 quibus
1425 4548 1465 4609 sd
1499 4547 1677 4627 hujusmodi
1712 4547 1903 4626 probandam

316 4648 435 4706 sumus,
460 4636 491 4690 et
506 4631 558 4691 liei
578 4630 736 4708 manime,
756 4650 826 4711 quae
837 4652 856 4695 a
869 4633 960 4695 nobis
974 4634 1085 4715 imple·
1133 4640 1265 4720 gratiam
1278 4646 1420 4718 suuntur,
1433 4657 1504 4721 qum
1517 4640 1630 4719 partim
1644 4658 1683 4701 ex
1695 4637 1776 4701 libro
1785 4637 1821 4700 de
1832 4638 1904 4718 Spi-

315 4726 435 4797 rentur,
452 4721 635 4801 accepimus,
652 4722 804 4784 Ceterum
817 4724 857 4785 ad
871 4724 980 4787 eadem
994 4743 1083 4788 meu·
1134 4732 1196 4795 ritu
1222 4741 1249 4795 et
1275 4732 1400 4808 littera;
1429 4731 1543 4811 purtim
1569 4750 1610 4793 ex
1630 4731 1709 4795 libro
1743 4729 1777 4792 de
1804 4730 1905 4812 pratris

315 4812 387 4873 data
401 4812 550 4874 servande
561 4817 592 4873 et
605 4812 764 4893 implenda
776 4814 863 4876 nullo
877 4815 982 4879 divino
995 4817 1085 4896 adju·
1137 4821 1253 4887 Christi
1276 4823 1379 4905 petite
1406 4828 1480 4887 sunt
1497 4842 1504 4885 :
1533 4840 1640 4905 paruam
1664 4841 1703 4885 ex
1727 4821 1796 4884 eliis
1817 4820 1905 4882 libris

318 4901 398 4965 torio
412 4921 470 4964 uos
483 4920 603 4985 egere.»
619 4904 656 4965 Et
667 4903 718 4965 hie
730 4906 816 4969 loeus
824 4906 961 4986 gratiam
971 4908 1086 4970 Christi
1134 4920 1280 4994 excepte.
1309 4915 1424 4979 Omnes
1454 4919 1561 4979 autem
1587 4932 1625 4977 eo
1653 4914 1844 4994 conspirant,
1868 4916 1905 4972 ut

316 4993 416 5057 solam
429 4994 510 5057 hane
527 4995 686 5076 exprimit,
708 5015 771 5078 qus
784 4998 930 5061 mandata
946 5016 1082 5081 servare,
1134 5005 1246 5069 Christi
1259 5006 1360 5087 gratis
1367 5006 1406 5067 sit
1420 5005 1612 5084 adjutorium
1630 5004 1769 5067 validum
1782 5022 1819 5069 se
1832 5020 1904 5084 per-

317 5092 348 5148 et
358 5086 488 5167 implere
502 5105 675 5167 possumus.
1133 5096 1259 5175 sectum,
1274 5116 1337 5177 quo
1351 5115 1416 5163 nou
1429 5098 1531 5161 solum
1544 5096 1678 5161 velimus
1687 5095 1771 5176 quod
1785 5093 1903 5159 bouum

187 5225 227 5256 Μ,
254 5224 272 5255 ς,
357 5180 395 5240 V.
408 5181 455 5240 lto
469 5185 616 5263 quartum
630 5197 728 5259 genus
748 5181 925 5257 argumenti
943 5184 1083 5247 eumdem
1134 5193 1190 5263 est,
1203 5189 1364 5253 sedetiam
1374 5206 1552 5269 operemur.
1568 5188 1621 5251 Sle
1633 5187 1766 5251 enimin
1779 5184 1907 5248 lilrrodr

317 5271 514 5332 commendat
540 5271 683 5351 gratiam,
719 5277 876 5356 actuosam
902 5273 1027 5350 scilieet,
1054 5281 1085 5338 et
1133 5277 1264 5359 Spiritu,
1278 5288 1305 5341 et
1320 5279 1432 5352 littero,
1448 5280 1548 5360 rapite
1570 5298 1643 5355 xxv,
1664 5278 1763 5358 gratia
1776 5276 1903 5351 Christi,

317 5379 447 5441 operum
460 5362 655 5441 effeetrtoem,
675 5380 747 5426 oum
770 5380 809 5431 ex
826 5365 998 5449 Augustino
1011 5385 1084 5451 pro·
1135 5368 1200 5437 sive
1214 5371 1288 5437 nori
1298 5371 1496 5449 Testamenti.
1510 5372 1544 5439 in
1556 5388 1594 5434 eo
1610 5369 1765 5451 propmih
1778 5368 1904 5443 dim,
