3994 6164
345 305 410 373 iifl
769 368 772 371 ,
858 307 1184 373 remismundus
1202 306 1421 373 DOCMATUH

350 475 462 555 quarto
481 473 659 537 6166166616
672 474 780 555 Pcyni,
795 475 850 555 qui
866 475 1012 537 vicesimo
1029 494 1114 538 nono
1166 476 1282 538 mentis
1296 493 1415 551 eorum,
1433 482 1464 538 et
1476 477 1647 552 sententie,
1663 479 1716 558 qui
1732 479 1803 541 duas
1815 498 1902 562 opem.

350 566 515 644 respondet
526 567 597 627 Maii
610 567 756 645 Romani,
769 567 938 631 indictione
950 572 986 647 63
1006 567 1117 650 661661
1164 568 1266 629 116666
1280 569 1456 631 asserebant
1470 591 1478 646 3
1494 576 1645 650 tanquam
1655 571 1726 632 inde
1740 590 1902 653 mnsequens

349 675 453 719 annus
464 657 574 719 Christi
582 660 654 724 633.
1165 666 1260 737 66661,
1286 661 1363 722 duas
1390 680 1454 723 esse
1480 662 1657 724 voluntates
1684 657 1904 741 cormariensi

389 749 440 811 ΠΙ.
456 751 494 811 16
508 752 705 815 lateranensi
722 753 842 832 synodo
860 753 995 816 Marthro
1014 753 1117 833 ponti-
1166 753 1366 833 confligentes
1379 754 1523 816 invicem.
1540 756 1643 830 Quare
1648 755 1904 827 consultinsrideri

349 840 408 905 tice
429 841 547 917 habita,
572 862 666 917 anno,
691 850 726 905 ut
744 851 850 924 postea
872 845 1116 922 6166661916
1166 844 1235 917 sihi,
1263 851 1299 906 ut
1322 864 1475 922 666666,
1500 865 1558 908 nec
1581 848 1654 909 duae
1681 849 1858 928 operationes
1876 851 1902 912 in

350 936 513 997 secretario
527 934 629 1016 primo
644 934 666 1011 ¹,
690 937 842 1000 Martinus
859 939 942 1018 Papa
959 938 1116 1019 synodum
1166 936 1284 998 Christo
1301 938 1567 1015 ,nominarentum
1602 940 1658 1000 sed
1680 958 1761 1000 unus
1780 941 1904 1005 duntaxat

349 1026 520 1107 alloquens,
542 1028 720 1105 affirmarit,
741 1050 756 1089 s
777 1037 850 1092 anta
871 1048 971 1093 annos
992 1031 1115 1093 octode·
1165 1046 1307 1109 operans.
1322 1029 1371 1090 Ad
1383 1030 1615 1092 hsecllonorius
1627 1029 1831 1112 respondens,
1844 1034 1904 1098 iilud

350 1120 421 1196 cim,
452 1122 570 1201 Cyrum
596 1140 693 1186 unam
714 1125 927 1202 operationem
946 1124 981 1185 in
994 1123 1116 1185 Christo
1165 1119 1440 1199 Sergiiconsilium
1454 1123 1607 1203 probavit,
1622 1124 1789 1186 retinendae
1801 1142 1904 1187 concor·

349 1211 544 1286 divinitatis,
573 1219 605 1275 ct
630 1214 833 1277 humanitatis
861 1217 895 1277 in
921 1216 1116 1278 Alexandria
1166 1212 1226 1274 dire
1240 1215 1350 1291 666116,
1369 1215 1485 1295 alioqui
1503 1234 1569 1277 non
1591 1216 1671 1277 duas
1684 1217 1904 1281 emeroluaiatcs

350 1304 428 1366 urbe
441 1306 651 1383 dafinismtem,
667 1308 708 1368 66
720 1308 957 1370 similitudinem
974 1308 1115 1388 Acepha-
1169 1304 1323 1385 protessus
1335 1307 1369 1368 in
1393 1307 1515 1369 Christo
1533 1309 1703 1370 contrarias
1724 1309 1800 1371 inter
1814 1328 1851 1387 sc,
1864 1314 1904 1373 sad

350 1396 454 1461 lorum
475 1398 631 1460 ordinasse
652 1400 784 1480 capitula
801 1418 934 1463 numero
956 1418 1068 1463 novem
1082 1401 1116 1462 in
1171 1414 1268 1459 unam
1276 1400 1503 1477 tantummodo,
1519 1406 1554 1461 nt
1567 1419 1708 1481 pugnarn
1718 1400 1807 1475 illam,
1820 1419 1850 1464 sc
1860 1402 1905 1464 dis

351 1489 484 1553 ambone
502 1491 733 1569 predicantem,
753 1510 826 1554 cuna
844 1493 1038 1555 anathemate
1061 1494 1117 1573 qni
1171 1492 1309 1553 cordiam
1326 1494 1524 1554 voluntatum
1542 1494 1770 1555 intercluderet.
1793 1495 1834 1556 De
1857 1513 1904 1579 666

350 1581 394 1642 sic
419 1599 483 1645 non
507 1584 644 1652 sandrat,
668 1584 764 1664 impis
791 1585 1010 1665 promulgasse.
1039 1606 1055 1645 6
1084 1586 1117 1647 Si
1168 1589 1284 1663 postea.

352 1674 522 1737 octodecim
545 1693 643 1738 annos
656 1676 694 1738 66
707 1678 860 1739 sexcentis
873 1677 1117 1758 etqundraginta
1195 1674 1339 1738 'Moritur
1364 1685 1435 1757 post
1459 1679 1527 1739 1666
1551 1677 1708 1739 honorius
1740 1696 1812 1760 6666
1841 1699 1904 1742 anno

352 1784 466 1829 novem
489 1769 643 1842 detrahas,
666 1770 805 1851 reliquus
819 1772 878 1832 erit
890 1788 992 1832 annus
1004 1771 1117 1833 Christi
1166 1768 1277 1829 Christi
1294 1772 1365 1844 638,
1381 1770 1432 1830 661
1447 1771 1771 1834 Severinussuccessit.
1787 1772 1840 1833 Sed
1854 1773 1904 1852 ajat

353 1860 424 1937 631,
438 1878 501 1940 666
517 1879 612 1935 anno,
632 1863 683 1923 vel
694 1869 842 1942 sequente
863 1864 961 1943 Cyrus
974 1862 1117 1924 haeresim
1167 1860 1320 1922 ordinatio
1332 1861 1424 1922 dilata
1438 1869 1494 1940 est,
1510 1862 1593 1942 6666
1603 1865 1744 1925 nondum
1754 1863 1903 1944 6116666-

351 1970 440 2015 suam
464 1954 631 2033 predicare
654 1956 792 2036 66666611,
809 1955 867 2017 snb
886 1955 1012 2017 initium
1026 1957 1117 2018 aditae
1166 1956 1244 2031 iore,
1268 1954 1316 2014 uti
1338 1960 1494 2032 moserat,
1524 1962 1592 2017 rata
1615 1961 1697 2018 esset
1722 1955 1819 2017 habita
1839 1954 1904 2017 illius

353 2045 435 2108 illius
449 2047 540 2123 sedis,
560 2066 596 2109 ac
610 2056 717 2128 postea
735 2049 854 2128 synodo
869 2049 988 2122 habita,
1003 2067 1118 2111 novem
1167 2044 1284 2107 electio.
1315 2047 1426 2125 Itaque
1451 2065 1583 2109 cessasse
1603 2048 1718 2110 dicitnr
1744 2049 1904 2128 episcopatus

353 2139 498 2218 capitula,
514 2140 577 2200 sive
595 2140 878 2218 anathematismos,
902 2142 1116 2220 promulgarit,
1167 2135 1207 2196 ab
1220 2137 1380 2199 Anastasio
1400 2157 1520 2200 anunm
1533 2158 1648 2216 unum,
1667 2156 1784 2203 menses
1800 2144 1902 2220 septen,

354 2247 406 2293 an.
430 2232 501 2305 633,
513 2247 585 2293 cum
608 2233 674 2310 J'am
689 2232 895 2293 Theodosiani
915 2233 955 2294 66
973 2233 1117 2296 Ecclesiae
1167 2228 1233 2290 dies
1251 2230 1481 2310 septemdecim.
1510 2233 1577 2306 666
1599 2234 1721 2294 ratione
1741 2235 1903 2294 consecratus

352 2322 607 2384 communionem
623 2323 748 2385 admissi
761 2328 874 2385 essent.
1168 2326 1214 2382 est
1233 2338 1316 2382 anno
1351 2324 1462 2384 61666
1495 2324 1607 2386 eodem
1641 2325 1726 2400 obiit,
1761 2341 1825 2385 cum
1851 2327 1904 2403 post
1960 2316 1961 2355 ³

394 2415 467 2476 Erat
489 2418 565 2477 1666
588 2415 781 2477 Alexandria
799 2416 993 2495 Sophronias
1006 2436 1118 2480 mona·
1168 2412 1402 2476 coronationem
1425 2417 1554 2478 sedisset
1590 2435 1713 2479 menses
1734 2416 1826 2491 dnos,
1854 2414 1903 2474 dics
1960 2482 1961 2489 ,

354 2507 465 2581 chus',
491 2508 540 2570 vir
559 2526 706 2587 6666666
728 2508 848 2579 doctus,
864 2514 895 2570 et
912 2516 1046 2572 6666166.
1062 2510 1120 2573 Hic
1169 2507 1901 2589 66616666666666666666666666666
1960 2584 1961 2589 ἵ

353 2601 438 2680 6666
458 2601 574 2679 Cyrum
596 2600 796 2662 vehementer
813 2601 933 2670 institit,
960 2620 1000 2663 66
1023 2621 1120 2665 unam
1208 2598 1246 2658 V.
1264 2597 1331 2658 Sub
1342 2599 1401 2660 hoc
1410 2600 1567 2680 pontifice,
1581 2602 1741 2662 Heraclius
1754 2602 1901 2680 imperator,

353 2693 388 2753 in
402 2692 520 2755 Christo
541 2693 754 2772 operationem
772 2693 962 2770 decerneret,
980 2699 1073 2774 61666
1085 2702 1121 2756 61
1169 2696 1292 2751 auctore
1316 2692 1435 2771 Sergio,
1450 2693 1522 2754 fidei
1540 2694 1703 2767 Ecttesim,
1715 2694 1744 2754 id
1757 2689 1903 2772 66166666-

353 2786 522 2864 septimum
541 2785 620 2846 illud
642 2785 813 2865 capitulum
838 2785 1007 2847 induceret.
1033 2788 1121 2861 Quod
1170 2782 1294 2859 tionem,
1320 2785 1539 2863 promulgavit,
1564 2787 1735 2847 indictione
1748 2782 1855 2846 xn'hoc
1870 2786 1904 2843 est
1935 2767 1946 2810 ¹¹

351 2894 426 2938 cum
439 2878 479 2938 ab
497 2878 550 2939 illo
568 2897 633 2940 non
651 2879 842 2959 impetraret,
864 2878 1120 2960 Constantinopo·
1169 2892 1253 2935 anno
1275 2874 1386 2936 Christi
1400 2879 1470 2954 639,
1482 2896 1544 2957 666
1556 2879 1685 2940 6616666
1704 2877 1806 2939 Christi
1818 2892 1903 2956 operu-
1960 2874 1961 2891 ¹

352 2969 410 3031 lim
432 2970 473 3031 66
499 2971 641 3049 Sergium
663 2971 807 3044 accurrit,
832 2975 868 3030 ut
887 2970 954 3048 ejus
975 2971 1121 3033 adversus
1168 2967 1299 3043 tionem,
1315 2963 1903 3048 61661661616166666666661166166611,

353 3061 471 3139 Cynam
489 3061 669 3142 imploraret
689 3062 913 3124 anctoritatem.
929 3064 1068 3124 Tandem
1083 3082 1120 3125 66
1169 3059 1223 3119 scd
1237 3058 1325 3137 quasi
1338 3060 1422 3123 aliud
1433 3063 1564 3140 agendo,
1575 3058 1904 3140 66666166666666166

352 3153 484 3215 6666616
508 3171 558 3215 res
586 3159 643 3230 est,
672 3159 708 3214 ut
727 3154 809 3215 inter
832 3154 901 3216 illos
926 3157 1119 3233 conveniret,
1170 3151 1379 3226 conditueret,
1395 3171 1435 3214 na
1453 3155 1522 3233 quis
1536 3160 1601 3215 tam
1625 3172 1731 3230 unam,
1753 3149 1904 3232 prandeas

355 3246 517 3325 utriusque
537 3247 792 3327 supprimendam
814 3265 880 3309 csse
908 3249 1118 3310 mentionem:
1170 3243 1388 3322 operationes,
1421 3251 1453 3306 st
1489 3246 1667 3311 voluntates
1698 3246 1856 3308 nominaret
1879 3240 1904 3300 in

352 3355 458 3400 66666
480 3357 588 3417 unam,
604 3357 663 3401 nec
682 3341 759 3402 duas
772 3339 922 3416 actiones,
940 3347 995 3401 aut
1010 3342 1123 3403 volun·
1171 3334 1309 3412 Christo;
1338 3338 1602 3416 quemadmodum
1627 3359 1647 3401 a
1670 3339 1781 3418 Sergio,
1805 3341 1831 3397 st
1853 3332 1905 3393 allis

355 3435 431 3491 tates
454 3449 520 3492 esse
540 3433 760 3495 nominandas.
783 3434 829 3497 lta
851 3434 978 3513 Sergius
995 3435 1121 3515 incpis-
1171 3428 1371 3489 constitutum
1396 3447 1461 3491 esse
1483 3436 1574 3492 antea
1592 3432 1797 3494 meminimus.
1811 3429 1905 3503 nepa

353 3521 418 3583 1616
431 3522 471 3585 sd
485 3522 657 3593 Honestam
675 3543 800 3607 papam,
825 3543 894 3603 quaa
908 3526 983 3587 actis
1004 3527 1122 3588 inserta
1171 3537 1205 3581 re
1219 3538 1347 3599 agemus
1368 3528 1485 3601 postea.
1505 3524 1632 3603 Sergius
1649 3521 1815 3586 Patriarcha
1831 3519 1904 3579 Cous

353 3622 400 3678 est
411 3617 522 3697 synodi
541 3614 660 3679 sextae⁸.
1170 3613 1609 3696 tantinopolihahitasynodo‚
1625 3607 1903 3693 Ecthesimprcharit,

393 3711 447 3773 [V.
459 3711 545 3771 idem
562 3727 655 3788 porro
670 3708 874 3789 Sophronias,
890 3711 1074 3791 paulopost,
1089 3710 1123 3772 16
1171 3722 1269 3785 eaque
1278 3705 1401 3785 publice
1415 3707 1571 3788 proposita
1590 3707 1682 3770 est¹¹.
1697 3703 1825 3768 Severini
1837 3714 1904 3779 6666

352 3809 493 3864 6616666
507 3800 873 3880 633,llierosolymornm
894 3801 992 3863 factus
1004 3803 1124 3882 661666-
1171 3797 1397 3878 apocrisiarii¹¹,
1413 3798 1467 3878 qui
1477 3799 1742 3877 Constantinopoli
1755 3802 1820 3858 tnnc
1827 3794 1903 3865 arant,
1960 3792 1961 3803 ¹

352 3913 422 3976 pus,
437 3896 589 3957 celebrata
600 3894 719 3974 synodo
730 3893 810 3954 benc
821 3893 948 3973 longam
962 3895 1121 3975 epistolam
1171 3890 1258 3951 utah
1281 3890 1467 3969 imperatore
1489 3892 1580 3953 electi
1602 3890 1753 3975 pontilicis
1771 3884 1904 3949 66611666-
1960 3904 1961 3915 ’

353 3988 474 4068 scripsit
486 3988 523 4049 66
546 3987 700 4066 Sergium,
717 4003 788 4065 ques
801 3985 891 4060 lecta,
909 3992 940 4047 61
953 3987 1122 4066 approbata
1170 3983 1289 4044 tionem
1307 3982 1519 4062 impetrarent,
1534 3984 1630 4045 variis
1651 3982 1748 4045 modis
1766 3974 1867 4052 1661611,
1878 3976 1905 4031 ut

354 4079 440 4139 estin
454 4080 573 4159 synodo
587 4084 673 4139 sexta
686 4073 908 4151 oecumenica‘,
927 4078 1034 4157 16666
1047 4080 1123 4140 6666
1171 4074 1218 4135 1111
1230 4073 1451 4135 assentirentur
1466 4074 1578 4136 adduci
1588 4095 1654 4138 666
1667 4074 1833 4156 potuerunt.

354 4169 547 4248 operationes
580 4167 722 4228 distinete
742 4163 910 4227 adstruit⁸.
945 4166 1123 4241 Quinetiam
1212 4167 1330 4227 Eodem
1343 4165 1472 4241 anno¹⁸,
1490 4185 1552 4247 666
1565 4168 1712 4230 haeretica
1724 4158 1838 4227 ecthesis
1848 4170 1903 4236 pro·

354 4260 490 4322 Romam
503 4260 542 4322 sd
556 4258 731 4320 Honorium
749 4258 867 4320 litteras
887 4258 972 4321 misit
985 4276 1041 4338 per
1054 4260 1122 4321 Ste-
1172 4246 1904 4339 6116666666661666616616666166661111111

353 4354 493 4433 phanum
519 4355 689 4414 Dorensem
703 4349 915 4432 episcopare,
944 4350 1056 4430 quilius
1084 4352 1122 4413 de
1175 4350 1359 4429 subrogatus
1400 4357 1445 4412 est
1490 4352 1628 4433 Pyrrhus
1668 4343 1904 4439 Chrysopolim}³

353 4446 725 4509 novationotheletarum
736 4443 849 4504 haeresi
859 4443 1022 4505 certiorem
1033 4443 1123 4505 illum
1175 4443 1358 4518 monachus,
1368 4449 1400 4503 ct
1412 4443 1583 4523 presbyter,
1600 4434 1903 4523 66666616616811310

353 4538 504 4614 reddidit;
532 4538 687 4617 66616666
712 4542 783 4618 6661
800 4536 888 4612 obiit,
915 4552 997 4597 anno
1021 4535 1121 4599 flama
1173 4536 1325 4616 particeps
1337 4535 1474 4613 haeresis,
1484 4544 1516 4597 et
1525 4536 1717 4598 Heraclianus
1730 4524 1843 4592 ecthesis
1851 4535 1904 4601 pre

354 4629 405 4690 6111
417 4631 468 4706 26,
484 4630 595 4691 Christi
604 4631 675 4690 636.
1172 4632 1340 4709 pugnator.
1365 4628 1495 4688 Interim
1518 4629 1664 4689 Severino
1691 4629 1816 4691 mortum
1839 4624 1902 4674 1110

393 4720 522 4797 Eodem,
550 4739 612 4800 666
637 4720 847 4800 Sophronias,
875 4737 974 4795 anno,
1002 4720 1122 4799 scripsit
1172 4696 1903 4792 6666616616,66666611.166666611661111111111

354 4813 448 4874 etiam
462 4812 587 4890 Sergius
603 4809 839 4873 6611666666τ
854 4859 861 4889 ,
883 4818 914 4873 et
934 4830 980 4886 ea,
996 4830 1066 4891 666
1081 4811 1120 4874 ab
1172 4812 1328 4892 Pyrrhum
1341 4812 1462 4887 institit,
1478 4810 1659 4873 utia’etlsesis
1671 4809 1731 4881 illu,
1743 4796 1901 4866 arrodat,

355 4904 460 4985 (tyrio,
473 4903 686 4983 etSophrcnio
703 4909 787 4983 gesta
800 4904 971 4985 scriptaque
985 4904 1118 4982 inerant,
1171 4903 1303 4986 puhlicis
1329 4904 1362 4963 in
1389 4902 1464 4965 locis
1485 4921 1634 4984 suspensa
1655 4897 1856 4964 detraheretur,
1875 4896 1902 4941 ⁸⁰

354 4998 515 5078 exposuit3
539 5013 602 5056 non
622 4995 689 5057 sine
707 4996 843 5076 maligna
863 4997 1120 5077 interpretatione
1171 4999 1381 5059 damnaretur.

378 5228 391 5272 1
405 5227 468 5272 Tam.
480 5226 505 5270 lv
516 5224 652 5273 carsit-t
665 5225 734 5281 Epist.
747 5226 818 5281 sergii
838 5224 956 5271 66116666,
977 5223 1001 5269 16
1015 5223 1161 5279 1166661161
1180 5223 1264 5271 llsrsa.
1275 5224 1373 5271 6611616.
1385 5223 1409 5269 in
1424 5222 1477 5269 Coti.
1490 5223 1616 5270 torst-t
1628 5222 1676 5269 111.
1691 5208 1812 5269 11¹.th
1827 5204 1901 5298 01Μῇ

237 5280 240 5287 ’
352 5291 427 5336 666.
441 5288 521 5335 6.-6
535 5289 597 5332 6.-
609 5288 623 5332 6
635 5288 713 5343 666.
733 5288 919 5336 anteactarum,
931 5291 947 5342 a
960 5284 1110 5332 rvooas.-a
1126 5285 1206 5329 666
1217 5286 1297 5329 sacras
1312 5288 1336 5328 n
1357 5286 1382 5329 6
1400 5285 1452 5330 san.
1465 5291 1508 5329 ιιι.
1526 5297 1594 5329 ιιι-
1612 5285 1625 5328 6
1638 5283 1676 5339 aa.
1690 5275 1830 5324 6666661
1851 5262 1878 5329 ¹¹¹.

352 5353 514 5409 36616166,
530 5358 547 5396 t.
560 5351 586 5394 lv
596 5350 731 5395 Consti-tt
745 5349 825 5393 1166116
836 5349 859 5391 16
870 5349 936 5393 Cone.
948 5348 1021 5391 Later.
1034 5348 1093 5393 secr.
1105 5359 1121 5397 ι,
1134 5353 1149 5391 t.
1162 5347 1189 5390 ll'
1201 5347 1296 5392 Cona-
1303 5348 1330 5391 16
1340 5347 1393 5390 Vide
1406 5348 1492 5393 1161161,
1511 5347 1576 5397 litam
1593 5347 1623 5395 lh.
1641 5346 1696 5391 secr.
1708 5352 1762 5385 ¹¹³·
1776 5333 1798 5376 ¹¹
1814 5321 1898 5383 simu

352 5410 435 5459 6666.
445 5414 509 5470 caps
521 5415 545 5459 n
559 5414 615 5461 coc.
630 5412 767 5462 6666-16
780 5412 835 5457 sn.
850 5411 874 5456 n
889 5422 924 5467 op.
935 5410 964 5455 aa
976 5411 1037 5456 666,
1046 5410 1068 5454 ιι
1080 5411 1159 5456 scas.
1170 5410 1275 5459 666.-
1287 5408 1313 5454 sa
1327 5409 1411 5455 666
1424 5387 1897 5458 666666666616111161·

353 5478 432 5522 16661.
