4122 6248
874 315 1198 387 summottottttl
1220 318 1436 389 mouerunt

1227 487 1342 549 Contra
1360 494 1508 569 utrosque
1522 492 1727 553 communiter
1738 493 1796 554 hoc
1809 494 1871 556 loco
1888 497 1928 558 di·

1183 580 1373 656 epulandum
1387 586 1443 654 cst,
1458 600 1496 643 ee
1514 582 1687 645 docendum
1707 586 1863 665 perfectam
1881 588 1928 648 bo·

586 694 619 776 C
631 689 781 774 APUT
832 687 911 770 M
1183 668 1277 731 minis
1296 670 1328 731 in
1347 673 1465 734 Christo
1485 674 1577 735 fuisse
1593 682 1747 754 naturum,
1762 681 1930 741 31331333·

1184 761 1276 822 uibus
1293 763 1449 842 expletam
1464 767 1625 845 partibus3
1641 770 1747 848 quales
1760 778 1829 831 suut
1840 773 1930 832 anima

1183 858 1213 913 et
1226 872 1347 934 corpus.
1367 858 1434 931 Quo
1447 876 1511 919 uuo
1525 859 1744 937 demonstrem,
1757 881 1874 924 caussam
1885 865 1930 925 sd·

365 961 410 1022 lie
421 959 557 1023 tomam
573 953 688 1017 Cbruti
701 956 818 1014 uuturoe
837 949 1132 1033 pertulissemus
1182 963 1289 1011 versus
1311 948 1379 1009 lllos
1404 950 1498 1013 etiem
1516 951 1732 1029 obtinebimus,
1750 954 1802 1035 qui
1815 962 1866 1018 aut
1878 956 1931 1017 elfl-

407 1050 506 1115 Groeci
530 1051 649 1123 ιῦιιώδη,
675 1045 785 1107 Latini
806 1041 1016 1105 substantivam
1039 1038 1131 1101 33ιηί-
1182 1036 1264 1115 giem
1283 1040 1381 1103 solem
1399 1043 1534 1105 hominis
1548 1044 1764 1108 adumbratam
1778 1048 1811 1108 iu
1824 1048 1930 1110 Christo

404 1152 477 1205 nunt
492 1162 502 1202 .·
517 1139 592 1203 113
603 1157 660 1219 quo
671 1137 802 1199 Arianos
808 1135 990 1216 presertim,
1004 1140 1033 1193 ot
1043 1131 1133 1212 Apol·
1181 1149 1246 1195 esse
1274 1134 1397 1196 mentiti
1424 1141 1517 1212 sunl3
1545 1144 1600 1199 aut
1629 1140 1727 1201 solam
1747 1140 1856 1203 anime
1872 1141 1932 1202 sub

404 1237 557 1299 liuuristus
586 1231 702 1311 infestos
732 1228 891 1303 debemus3
927 1245 1051 1309 quorum
1079 1223 1133 1285 illi
1181 1223 1325 1287 stantiam
1348 1226 1464 1307 absque
1487 1247 1615 1309 corpore
1637 1231 1741 1309 fuisse,
1762 1250 1833 1294 cum
1851 1233 1932 1313 hujus

404 1329 551 1399 animuum
588 1324 641 1384 isti
670 1330 785 1403 purtem
820 1321 930 1382 unimur
963 1316 1129 1380 detrabunt.
1180 1316 1332 1396 imagine,
1354 1338 1390 1380 ac
1410 1320 1522 1381 larva:
1546 1327 1601 1383 331
1622 1323 1706 1385 istud
1730 1324 1831 1404 ipsum
1853 1343 1932 1386 carue

402 1425 433 1485 A.
465 1420 538 1482 Tum
564 1433 709 1495 corpore,
739 1431 831 1494 quum
858 1415 958 1474 cuimu
984 1415 1131 1490 intersum
1180 1409 1310 1472 minime
1326 1420 1477 1487 constare,
1491 1413 1656 1476 sedelieua
1665 1417 1850 1489 exmateria,
1859 1416 1932 1477 33131

402 1514 491 1592 fuisse
526 1507 698 1579 Clrc'stum,
724 1523 740 1565 e
763 1504 927 1585 Scripturis
954 1502 1127 1564 ostenditur.
1180 1504 1355 1573 exaethcre,
1368 1505 1747 1588 coelovecssedecerptum
1762 1510 1929 1570 existiment

400 1610 430 1667 A.
454 1600 624 1665 Praesertim
639 1617 699 1678 quo
712 1597 858 1658 bominem
869 1596 961 1678 sitisse
976 1594 1130 1657 Christum
1180 1596 1265 1663 Quos
1284 1615 1393 1659 omues
1415 1616 1478 1659 uua
1507 1597 1574 1660 hacc
1599 1600 1791 1681 prescriptio
1814 1618 1931 1662 summo

399 1697 512 1759 docem.
541 1695 571 1755 5.
604 1688 757 1754 Probatur
785 1687 863 1749 idem
896 1707 934 1749 eu
964 1686 1127 1763 eriueiliis,
1179 1690 1273 1766 vebit,
1298 1709 1369 1770 quse
1390 1709 1497 1753 verum
1519 1698 1551 1753 et
1569 1693 1725 1772 integram
1750 1694 1930 1755 uebnumiu

400 1788 528 1851 murime
542 1781 735 1865 peuerulidus,
755 1784 783 1841 ’1.
809 1779 883 1842 Tum
898 1779 1078 1860 urpunrcutis
1092 1798 1129 1840 eu
1179 1782 1300 1843 Christo
1314 1783 1406 1844 fuisse
1426 1783 1562 1846 hominis
1580 1785 1743 1847 ostendet:
1767 1803 1930 1849 sumturus

401 1880 544 1944 Patribus
556 1876 694 1939 collectis.
716 1873 802 1936 Velut
816 1872 932 1955 quodsi
946 1892 1022 1953 pars
1039 1873 1130 1934 ulter-
1178 1875 1317 1953 demum,
1340 1895 1377 1937 ee
1398 1876 1551 1956 perfectus
1570 1878 1666 1939 homo
1689 1878 1743 1940 ille
1763 1878 1811 1953 sit,
1832 1879 1881 1957 qui
1898 1895 1930 1939 ex

401 1984 468 2037 utro
486 1972 607 2043 deesset,
631 1987 688 2029 uon
702 1974 772 2027 essct
786 1965 869 2027 bomo
883 1984 979 2027 verus.
994 1968 1024 2027 9.
1042 1965 1129 2028 Alter
1176 1969 1282 2029 anima
1292 1968 1422 2042 ratione,
1434 1988 1470 2030 ae
1482 1975 1586 2031 mente
1599 1970 1747 2050 predita:
1762 1976 1792 2033 31
1805 1989 1927 2052 corpore,

400 2069 479 2130 locus
492 2058 720 2145 urpumeuteuili
731 2078 769 2120 ec
781 2057 841 2138 fine
856 2057 1083 2126 lucoruuliouis.
1099 2066 1127 2119 et
1177 2060 1208 2121 id
1222 2065 1269 2121 est
1282 2079 1373 2122 carne
1387 2062 1596 2141 componitur.

397 2159 516 2222 comitio
530 2157 605 2231 Dci;
621 2158 674 2235 qui
687 2152 740 2214 boc
755 2150 866 2226 uoluit,
882 2157 915 2211 ut
928 2149 1012 2212 bomo
1026 2150 1062 2212 ab
1076 2150 1126 2211 lo·
1218 2154 1257 2214 ll.
1281 2154 1470 2216 Persuadent
1481 2154 1541 2216 hoc
1554 2173 1648 2217 sacrm
1658 2156 1927 2237 imprimentem,
1953 2191 2026 2236 pm„

398 2253 475 2312 mine
494 2249 703 2310 redimeretur.
724 2246 774 2305 10.
799 2242 875 2303 Item
892 2242 971 2324 quod
982 2243 1128 2305 Medmtor
1177 2263 1247 2324 qum
1265 2252 1430 2326 rituumque
1452 2245 1574 2311 homiui
1600 2247 1723 2309 Christo
1745 2249 1928 2313 smstuumu
1957 2255 2027 2353 m

398 2364 455 2405 esse
481 2340 619 2404 Cbristur
638 2336 750 2409 debuit,
775 2336 901 2415 adeoque
927 2354 1011 2397 uerus
1030 2334 1123 2404 bomo,
1178 2337 1347 2417 assignant.
1375 2339 1399 2398 E
1424 2337 1538 2416 quibus
1571 2339 1793 2403 celeberrimus
1822 2347 1865 2403 esi
1888 2342 1929 2404 hic
1958 2344 2027 2413 3331

398 2427 1124 2515 333333νεῦ133,331313333333313133113113.
1177 2430 1307 2491 loannis
1330 2431 1531 2509 Evangelislae
1557 2431 1655 2508 locus,
1679 2432 1715 2494 iu
1739 2454 1802 2514 quo
1827 2435 1929 2496 terim
1961 2405 2027 2509 opp

399 2534 447 2590 ll.
463 2526 512 2589 Ad
522 2525 580 2586 ltus
594 2528 699 2597 totum,
720 2529 748 2582 ct
765 2520 910 2601 inteprum
925 2519 1070 2581 lorniucm
1085 2519 1126 2581 li·
1177 2541 1246 2583 curo
1259 2522 1376 2602 fuctum
1386 2523 1594 2584 essedioitur:
1611 2543 1673 2604 quo
1687 2531 1787 2588 curuis
1799 2527 1930 2588 uocabulo
1949 2510 2027 2564 ,eum

399 2619 500 2681 bereri
512 2617 652 2699 oportuit,
671 2612 748 2675 uude
765 2620 793 2673 ct
813 2613 926 2674 umumi
938 2632 945 2673 ι
966 2632 1032 2694 quoe
1051 2613 1127 2674 ratio
1176 2619 1275 2675 totam
1310 2614 1477 2692 significari
1507 2615 1644 2677 hominis
1678 2622 1822 2680 usturam
1852 2619 1930 2697 vitige

340 2730 346 2741 ·
399 2714 536 2796 frequens
549 2716 589 2770 cst
605 2709 637 2769 iu
648 2724 701 2767 333
715 2706 856 2767 Petrum.
1177 2707 1281 2767 Patres
1294 2706 1561 2786 interpretantur:
1575 2713 1608 2769 et
1620 2708 1688 2769 fuse
1701 2710 1785 2772 inter
1796 2710 1866 2772 ulios
1876 2708 1931 2770 lul

1176 2799 1300 2876 gentius
1327 2799 1361 2858 iu
1384 2797 1464 2859 libro
1493 2799 1595 2878 primo
1621 2799 1662 2861 ud
1689 2801 1929 2864 Truuuuuuuut

190 2946 318 2994 correctum
399 2900 422 2959 l.
445 2899 508 2958 Hae
528 2896 563 2956 iu
584 2891 792 2955 controversia
812 2889 939 2950 infestos
960 2889 1053 2949 habet
1073 2890 1126 2949 Ee·
1178 2889 1228 2949 Sic
1244 2889 1409 2969 Apostolus
1429 2890 1581 2964 Paulusl,
1598 2892 1637 2952 de
1650 2892 1716 2955 filio
1738 2895 1793 2956 Dei
1808 2895 1928 2974 loquens

188 3002 330 3099 rupppffipu
357 2986 690 3064 olesiaelidesantiquos
705 3001 812 3044 omnes
823 2982 994 3056 haereticos,
1003 2982 1127 3060 quodiu
1180 2981 1237 3056 (lui
1251 2980 1348 3061 sectus
1368 2989 1407 3042 est
1421 2981 1459 3054 ei,
1479 2982 1595 3061 inquit,
1616 3002 1653 3045 eu
1665 2986 1774 3047 terrim
1793 2985 1883 3050 Dauid
1895 3005 1930 3046 se·

221 3122 307 3160 „m
357 3086 436 3145 libro
450 3081 551 3162 primo
572 3076 754 3159 percensui:
777 3076 832 3153 qui
845 3074 1006 3135 homiuem
1026 3075 1126 3153 specie
1175 3073 1301 3135 crudum
1330 3091 1457 3135 currum.
1495 3075 1630 3136 ioannes
1660 3077 1736 3139 item
1765 3079 1797 3139 in
1821 3077 1931 3158 epistole
2028 3140 2029 3149 ,

187 3169 332 3265 Λᾞῇξζξζ
357 3185 448 3238 tentus
469 3177 663 3250 assumptum
691 3172 907 3248 putaverunt:
936 3166 1051 3246 quique
1076 3167 1126 3228 uel
1176 3167 1304 3247 prima;
1342 3165 1379 3227 Iu
1401 3165 1454 3227 loe
1483 3168 1666 3246 copuoscitur
1692 3170 1829 3251 Spiritus
1849 3170 1899 3231 tter·
1910 3167 1929 3229 ⁸.

201 3235 318 3319 tismvu·
356 3285 462 3331 veram
476 3282 599 3327 curnem
613 3261 739 3322 inficiati
753 3264 844 3320 suut:
861 3259 909 3319 vel
926 3260 1034 3319 ecoelo
1050 3259 1125 3319 deli·
1178 3259 1279 3320 Oruuis
1289 3258 1424 3339 spiritus,
1441 3263 1494 3339 qui
1508 3259 1665 3336 confitetur
1676 3262 1779 3323 lesum
1797 3262 1929 3324 Christum

212 3336 299 3372 untur.
356 3363 466 3423 hatum
488 3373 599 3438 corpus
621 3355 785 3426 dixerunt3
812 3351 862 3412 uel
889 3352 1037 3425 animam,
1057 3370 1126 3431 par·
1177 3350 1492 3419 intumescimus
1508 3350 1633 3413 Dcoesl.
1649 3353 1697 3417 m
1710 3354 1928 3437 omumspim'tm,

355 3463 456 3517 temve
480 3450 592 3511 animae
617 3449 828 3524 segregarunt,
859 3442 966 3522 quales
987 3443 1070 3517 Arii,
1095 3448 1126 3503 et
1174 3444 1229 3523 qui
1242 3442 1331 3503 331311
1344 3443 1454 3520 lesum,
1471 3462 1509 3515 eu
1528 3445 1590 3505 Deo
1611 3464 1669 3505 uon
1690 3455 1753 3509 est:
1779 3452 1816 3507 ut
1834 3447 1865 3506 iu
1879 3448 1929 3506 Lt-

355 3542 543 3625 Apollinaris
556 3538 699 3617 discipuli
711 3536 797 3597 fuere
812 3555 819 3596 :
835 3553 970 3615 quorum
989 3534 1123 3595 1113133-
1174 3535 1241 3594 tino
1252 3535 1378 3613 legitur.
1394 3536 1474 3597 Nam
1489 3538 1522 3597 in
1538 3538 1644 3599 Graeeo
1665 3539 1758 3601 aliter
1776 3539 1832 3600 hoc
1844 3556 1928 3599 mem·

354 3640 436 3699 «litus
450 3634 588 3696 animam
604 3630 750 3690 sustulit:
775 3633 809 3688 ut
822 3628 881 3688 hoc
899 3628 1008 3706 posito,
1026 3634 1125 3688 muta·
1173 3627 1266 3687 lirum
1280 3628 1452 3708 concipitur
1467 3649 1474 3689 :
1492 3628 1533 3690 Et
1552 3630 1645 3690 omnis
1665 3632 1801 3712 spiritus,
1820 3635 1869 3713 qui
1883 3647 1930 3689 rou

353 3732 453 3792 tiones
471 3742 590 3799 omues,
612 3741 682 3801 quae
703 3740 741 3782 ex
759 3720 984 3786 affectionibus,
1006 3725 1036 3779 et
1049 3739 1122 3799 pcr—
1173 3719 1330 3799 confitetur
1355 3720 1456 3781 lesum
1477 3720 1630 3785 dirrutum
1659 3723 1692 3783 iu
1715 3742 1802 3785 cume
1827 3723 1927 3794 ueniae,

353 3820 544 3903 passionibus
558 3820 634 3877 ortes
648 3818 732 3890 sunt,
755 3812 908 3873 diuinitati
926 3812 986 3891 ipsi
1004 3812 1123 3873 tribue·
1173 3829 1230 3871 nou
1252 3818 1295 3871 est
1315 3830 1353 3872 eu
1377 3810 1449 3873 Deo.
1477 3814 1524 3874 Ita
1541 3813 1715 3894 Cyprianus
1738 3816 1821 3876 hunc
1840 3816 1929 3875 locum

353 3921 442 3989 reut;
478 3909 612 3987 indeque
648 3905 849 3984 colligerent,
886 3909 1030 3964 nutrirem
1067 3903 1123 3964 lilii
1173 3901 1280 3977 citati,
1296 3908 1327 3963 et
1340 3904 1534 3982 Augustinus
1548 3910 1680 3967 tractatu
1696 3914 1783 3969 sexto
1798 3907 1826 3967 iu
1840 3906 1928 3987 episto

352 4014 488 4088 paterne
501 4019 566 4063 esse
580 3997 780 4072 dissimilem
797 4014 855 4057 nco
874 3996 914 4055 ab
927 3997 997 4071 huc,
1013 4001 1120 4075 utpote
1173 3995 1232 4057 lum
1255 3995 1405 4057 Jouuuis:
1425 3997 1480 4076 qui
1500 4004 1532 4058 et
1553 3998 1684 4061 alterum
1703 4001 1841 4061 codicum
1860 3995 1928 4056 Lati·

352 4094 551 4165 immutabili,
567 4090 750 4153 mutabilem
771 4088 856 4148 illam
874 4106 939 4148 esse
961 4087 1120 4166 genitam:
1173 4105 1285 4148 norum
1298 4088 1465 4149 lectionem
1477 4090 1535 4150 sub
1549 4089 1646 4152 finem
1660 4098 1808 4153 tractatus
1822 4089 1926 4169 adjicit:

351 4198 387 4253 ut
404 4187 509 4251 scribit
528 4180 705 4245 Eustathius
724 4180 935 4240 Antiocheuus
954 4180 1122 4259 Episcopus
1171 4197 1267 4258 quam
1293 4180 1421 4259 quidem
1449 4180 1489 4241 eh
1518 4182 1671 4245 haereticis
1704 4184 1844 4247 abrasum
1873 4198 1927 4242 estc

349 4282 433 4363 apud
450 4276 716 4348 theodoricanum
734 4277 764 4333 et
778 4290 835 4333 nos
849 4272 929 4331 libro
943 4271 1044 4351 primo
1059 4290 1122 4333 me·
1171 4271 1275 4332 scribit
1289 4272 1430 4333 Socrates
1439 4270 1463 4350 ⁸,
1484 4273 1635 4335 nimirum
1653 4275 1693 4339 ab
1713 4274 1768 4353 iis,
1790 4276 1842 4355 qui
1860 4272 1926 4335 diri·

349 4368 525 4442 minimus¹,
555 4364 778 4446 Apollinarista
809 4381 894 4439 vero,
929 4363 1119 4443 precipuum
1171 4364 1300 4425 uitatem
1314 4363 1354 4424 ab
1368 4365 1508 4426 humane
1519 4370 1632 4426 natura
1644 4368 1837 4447 separabant,
1852 4370 1880 4425 et
1892 4364 1926 4423 ita

348 4466 531 4529 ademerunt
552 4459 666 4519 animoe
688 4461 831 4537 partem,
856 4454 941 4535 quod
964 4473 983 4515 a
1007 4455 1118 4516 Grecis
1169 4456 1325 4519 Christum
1353 4457 1544 4519 solvebant:
1579 4458 1686 4539 qrtrrles
1714 4459 1800 4522 luere
1825 4456 1926 4521 Paulus

348 4562 377 4613 tt
390 4560 532 4631 ἡγεμονικὸν
551 4550 676 4626 dicitur,
702 4547 790 4628 quasi
809 4546 989 4628 principem,
1011 4551 1041 4607 et
1062 4565 1118 4627 pu·
1168 4548 1403 4624 Samosateuus,
1420 4549 1582 4626 Photinus,
1598 4555 1629 4611 et
1642 4550 1812 4612 Nestorius.

347 4641 817 4715 1333131333333331333,1333331
825 4638 968 4715 amusium
978 4643 1114 4715 mentem,
1206 4642 1329 4701 Rursus
1342 4641 1508 4720 Apostolus
1520 4642 1554 4702 in
1573 4640 1702 4721 epistola
1715 4641 1756 4707 ud
1772 4640 1902 4705 Hebrum
1910 4655 1923 4711 ,·

346 4729 1112 4815 dequalraeresilutaestexplieatumlibroeodem,
1167 4729 1243 4806 Ouia
1271 4751 1340 4812 erpo
1357 4732 1448 4812 pueri
1455 4778 1462 4807 ,
1490 4730 1622 4811 iuquit⁷,
1648 4734 1924 4815 commumcuuerusp

345 4827 444 4907 capite
457 4833 555 4889 sexto.
1163 4823 1257 4896 cerui,
1273 4823 1466 4904 eteuupuini,
1481 4829 1510 4885 et
1525 4824 1731 4904 ipsesimiliter
1741 4823 1926 4906 pemseipuulr

380 5022 401 5062 a
418 5007 548 5062 Eosrmu.
574 5000 700 5058 Antioch.
714 4999 789 5070 apud
803 4999 967 5056 Theodoret.
982 4998 1050 5054 dial.
1067 4998 1115 5053 111.
1166 5001 1258 5067 tectu,
1278 5004 1408 5068 τηνικαῦτα
1431 4999 1475 5062 τὰς
1488 5004 1537 5055 τῶν
1558 5002 1643 5055 παθῶν
1663 5000 1807 5066 ἀλλοιώσεις
1819 5006 1853 5073 cp
1872 4995 1922 5066 lib»

344 5089 390 5142 Διὰ
401 5088 425 5142 ci
443 5086 469 5140 bi
483 5086 538 5158 περὶ
550 5085 645 5139 πολλοῦ
664 5086 791 5137 ποιοῦνται
806 5081 926 5137 δεικνύναι
940 5082 982 5135 τὸν
1000 5082 1114 5152 Χριστὸν,
1165 5083 1322 5155 περιάψαντες
1344 5083 1473 5155 πνεύματι,
1496 5083 1584 5155 ῥᾳδίως
1606 5083 1768 5139 baulme
1790 5079 1922 5145 structu

343 5172 437 5243 ἄψυχον
452 5168 606 5239 ἀνειληφέναι
620 5172 704 5238 σῶμα,
719 5166 819 5237 γεώδεις
832 5165 982 5225 πλάττοντες
1002 5163 1114 5231 deducu
1164 5164 1208 5219 clu
1222 5164 1274 5218 lust
1288 5165 1317 5219 τδ
1327 5165 1430 5238 τριπτδν
1441 5163 1467 5219 lu
1480 5169 1524 5234 τῆς
1538 5164 1658 5239 dsplmou
1672 5167 1765 5240 φύσεως
1777 5164 1890 5240 γεννηθὲν

341 5251 550 5320 tauctoritatem
564 5249 709 5322 ὓποφδεῖρα1
722 5267 788 5309 τινας
802 5246 871 5302 ταῦθ’
894 5247 970 5310 οὕτως
984 5245 1049 5319 ἔχειν
1064 5246 1115 5319 ὁρῐ-
1189 5302 1190 5305 Ἴ

341 5478 354 5525 7
370 5418 447 5527 {13:⁹⁰
460 5414 591 5523 'pili-*⁹
603 5415 656 5470 cup.
667 5425 713 5460 xvu
725 5413 919 5471 αντιφ-111331.
933 5410 1122 5467 unu-ubam.
1132 5410 1240 5463 snt-t
1253 5409 1331 5457 trun
1343 5411 1464 5459 13313131.
1473 5409 1523 5458 131.
1530 5421 1550 5457 t.
1560 5411 1659 5457 usu-u
1669 5408 1837 5457 1131111133
1844 5417 1918 5452 m·-

415 5488 459 5532 .u.
500 5505 507 5522 .
