4072 6164
575 368 626 419 ,m
640 330 943 410 ,manaimus
965 332 1037 394 us.
1060 332 1111 401 ιν,
1134 332 1217 395 oar.
1240 333 1319 395 xvi.
1680 298 1740 397 aas

133 520 282 600 pulchre
296 524 390 583 dena,
404 499 670 578 quemadmodum
685 504 716 560 et
725 504 847 559 naturae
859 499 921 559 cni·
972 511 1034 569 tur,
1057 516 1118 578 qua
1137 500 1184 560 sui
1203 504 1301 579 parte,
1315 505 1371 560 aut
1387 505 1500 560 natura
1518 500 1551 561 id
1565 500 1611 561 illi
1626 518 1737 563 conve-

133 630 207 672 σῃ,
219 610 282 652 aaa
295 591 525 667 concedantur3
541 598 573 653 et
584 610 669 652 unus
690 592 724 652 ln
738 609 770 652 se
788 596 921 669 utraque
973 591 1058 666 niat;
1074 592 1189 671 quippe
1216 591 1301 671 quod
1325 593 1445 653 ratione
1467 593 1625 653 utentibus
1651 593 1738 656 facile

128 684 279 761 recipiat
297 684 446 757 Christus,
468 684 533 744 sive
559 683 685 745 Verbum
707 702 775 743 caro
795 684 918 762 sactum.
972 684 1132 744 succurrit.
1165 684 1252 744 Sicut
1268 704 1283 741 a
1297 690 1329 744 ct
1350 685 1374 744 si
1401 684 1484 745 diem
1511 685 1635 761 dixeris,
1661 686 1738 746 lucis

130 775 282 854 Vigilius
297 794 419 855 quoquc
435 776 493 835 sub
507 775 604 836 finem
615 776 687 836 libri
705 774 807 854 quinti
819 783 921 837 contra
972 792 1040 835 rem
1063 775 1209 850 ostendis,
1235 793 1305 855 qaas
1323 776 1406 836 diam
1427 781 1563 856 praestat,
1579 777 1650 839 licet
1672 797 1736 839 non
1765 818 1769 825 -

129 865 324 949 Eutychen,
353 885 393 927 ex
417 868 528 928 eodem
555 868 673 928 Hilario
700 868 804 929 locum
837 866 922 927 hunc
974 866 1087 926 dixeris
1101 867 1219 942 luocm;
1234 887 1250 925 a
1268 873 1303 927 ut
1316 867 1360 928 ait
1373 869 1501 928 Tertull.
1516 868 1549 928 ln
1562 868 1734 950 Scorpium,

129 957 264 1019 refert:
281 981 293 1016 r
309 959 453 1037 Videsne,
468 960 580 1037 iuquit,
596 961 705 1033 baum,
718 964 750 1020 et
761 960 922 1019 bominem
973 976 1040 1038 cap.
1058 975 1100 1019 rx.

129 1050 182 1111 ita
197 1051 378 1130 predicari,
395 1058 431 1112 ut
443 1069 527 1111 mors
540 1051 672 1125 homini,
687 1052 752 1111 Deo
768 1069 842 1111 vero
854 1069 920 1111 car·
1011 1052 1053 1110 X.
1071 1051 1182 1124 Quinta
1193 1053 1295 1112 cautio
1309 1052 1398 1112 nobis
1408 1070 1448 1112 cx
1461 1051 1578 1130 Vigih‘o
1589 1055 1734 1131 suppetit,
1764 1069 1790 1112 a·
1806 1067 1902 1123 augura.

130 1144 192 1203 nis
209 1143 357 1203 excitatio
371 1143 557 1222 deputetur?
570 1145 719 1204 Naturam
736 1143 789 1203 Dei
803 1144 839 1203 in
856 1143 919 1202 vir·
970 1142 1005 1201 in
1017 1141 1099 1202 libro
1112 1149 1215 1205 contra
1229 1143 1385 1225 Eutychen
1397 1145 1523 1222 quinto:
1536 1144 1591 1204 ubi
1600 1146 1738 1205 animad-

131 1240 215 1296 tute
230 1236 468 1295 resurrectionis
489 1235 646 1313 intelligs3
661 1234 921 1313 dispensationem
970 1234 1074 1308 vertit,
1091 1235 1125 1294 in
1139 1236 1420 1297 communicatione
1438 1236 1632 1308 idiomatum,
1648 1236 1738 1297 aliter

131 1326 289 1387 bominis
310 1326 344 1386 in
367 1333 468 1388 morte
496 1344 647 1406 cognosce
663 1347 671 1387 ι
687 1332 719 1388 et
752 1345 825 1387 oum
860 1328 922 1387 sint
969 1325 1192 1406 proprietatem,
1205 1328 1294 1387 aliter
1314 1329 1543 1388 communionem
1559 1329 1738 1388 carumdem

132 1424 285 1497 utraque
297 1419 458 1497 utriusque
469 1425 553 1497 gesta
565 1419 807 1491 naturis‚unum
816 1424 922 1479 tamen
972 1435 1095 1493 vocum,
1111 1424 1143 1478 ct
1162 1419 1381 1481 attributorum
1401 1420 1555 1498 usurpari.
1572 1421 1651 1480 Nam
1664 1440 1738 1500 pro·

131 1512 260 1571 Jesum
284 1528 356 1571 erim
382 1516 540 1572 memento
567 1528 643 1587 essa,
673 1511 727 1591 qui
754 1516 922 1589 utrumque
968 1509 1073 1589 prium
1081 1528 1154 1570 cum
1163 1510 1305 1586 dicimus,
1316 1512 1411 1572 dandi
1421 1529 1493 1572 casu
1505 1512 1740 1575 utimurzvelut

133 1607 236 1664 esta
972 1601 1132 1680 proprium
1168 1604 1333 1664 asserimus
1369 1622 1436 1665 esse
1474 1605 1593 1665 Christo
1630 1605 1737 1665 mori:

180 1693 349 1757 Arnobius
367 1694 443 1755 item
462 1694 496 1754 in
518 1692 725 1774 Disputatione
746 1713 812 1755 eam
832 1692 923 1755 Sera·
970 1710 1119 1753 commane
1137 1712 1211 1755 vero
1232 1695 1378 1770 dieentes,
1398 1714 1463 1756 non
1478 1695 1541 1771 itti,
1563 1695 1664 1756 sedin
1686 1696 1740 1757 iilo

130 1792 236 1869 piane
247 1805 261 1846 .·
277 1787 339 1846 «In
353 1786 445 1847 unico
461 1786 538 1847 Filio
553 1787 619 1861 Dei,
632 1787 745 1865 inquit,
761 1787 839 1846 duas
857 1803 921 1846 esse
975 1801 1140 1846 commune
1149 1787 1397 1865 pronuntiamus.
1407 1788 1466 1849 Sed
1475 1788 1627 1866 Vigilium
1636 1789 1742 1849 andia-

133 1879 338 1941 saihstantias
356 1877 520 1957 profiteor,
536 1885 566 1939 et
587 1879 723 1957 assigno.
746 1879 845 1939 Habet
867 1896 922 1957 per
975 1894 1063 1937 mus:
1080 1878 1573 1954 «Adhucdicamusmaniiestius,
1584 1881 1637 1955 ait,
1649 1899 1740 1960 prop-

134 1971 392 2045 humanilatem,
408 1975 444 2030 ut
456 1988 528 2032 vere
541 1974 647 2032 minor
656 1972 745 2031 Patre
758 1970 923 2031 sitzbabet
972 1972 1020 2028 ter
1045 1987 1109 2045 eos,
1136 1970 1191 2049 qui
1215 1989 1271 2047 per
1294 1972 1481 2051 imperitiam
1504 1989 1623 2046 sensus,
1648 1977 1739 2033 natu-

134 2064 236 2126 undc
249 2063 381 2124 initium
390 2081 461 2124 vere
470 2064 600 2142 sumpsit
611 2082 650 2124 cx
659 2063 924 2142 temporezbabet
972 2078 1079 2121 rarum
1118 2063 1355 2142 proprietatem,
1400 2069 1431 2124 et
1471 2065 1736 2139 communionem,

134 2156 236 2218 unde
250 2172 325 2215 vers
337 2156 375 2214 sit
387 2154 584 2231 impassibilis
596 2174 604 2230 ;
618 2154 715 2216 babet
724 2161 756 2215 ct
765 2155 848 2215 unde
857 2173 923 2235 pas-
972 2153 1235 2230 quemadmodum
1250 2155 1370 2215 dicatur
1378 2156 1412 2215 in
1427 2155 1561 2230 Christo,
1572 2174 1637 2215 non
1651 2156 1739 2217 intel-

134 2248 250 2311 sibilis
259 2246 492 2308 exstitit:babet
501 2248 585 2308 unde
594 2265 666 2308 vere
676 2247 858 2308 immortalis
868 2249 920 2308 sit:
972 2244 1736 2325 ligentesmbutuntur,etrefugiuntbaecnomina.

134 2341 247 2402 habet
267 2339 350 2399 unde
368 2357 441 2399 rere
464 2338 503 2399 sit
525 2344 678 2417 mortuus,
707 2345 739 2400 ct
765 2340 921 2418 sepultus3
973 2336 1138 2396 Diversum
1160 2342 1216 2412 est,
1241 2344 1333 2416 atquc
1357 2339 1505 2415 alienum,
1530 2339 1654 2399 initium
1676 2358 1740 2401 non
1848 2412 1849 2415 Ἴ

135 2432 249 2493 habet
281 2430 364 2490 unde
391 2448 554 2509 nunquam
580 2430 711 2491 cessavit
739 2430 868 2506 vivere;
894 2437 925 2491 et
972 2427 1098 2499 hebere,
1114 2434 1145 2488 et
1156 2446 1195 2489 cs
1207 2430 1295 2489 initio
1310 2431 1476 2493 subsistere
1489 2452 1496 2491 :
1510 2432 1601 2507 mori,
1616 2437 1647 2492 et
1661 2433 1740 2492 mori

136 2522 418 2596 vitamomuibus,
435 2523 489 2601 qui
502 2522 623 2599 vivunt,
640 2540 696 2583 suo
715 2522 844 2584 arbitrio
862 2523 923 2583 dis·
973 2537 1038 2579 non
1058 2537 1157 2599 posse.
1172 2522 1212 2580 ut
1231 2528 1336 2582 tamen
1355 2524 1433 2583 sicut
1452 2523 1511 2602 ipsi
1530 2525 1649 2585 Christo
1667 2543 1740 2604 pro-

137 2628 296 2699 pensare,
313 2636 325 2671 s
344 2621 401 2675 etc.
973 2611 1078 2690 prium
1091 2617 1137 2671 est
1150 2618 1318 2691 utrumque
1332 2615 1393 2674 :ita
1403 2634 1467 2675 non
1480 2616 1550 2694 ipsi,
1563 2616 1617 2676 sed
1632 2617 1741 2696 inipso

186 2707 378 2786 Hispaleuse
392 2706 563 2767 seorrndum
579 2705 744 2766 concilium
756 2706 791 2765 in
803 2706 924 2767 actione
974 2708 1020 2762 est
1039 2709 1207 2782 utrumque
1228 2722 1403 2767 commuue.
1431 2708 1466 2766 Si
1490 2707 1575 2767 enim
1589 2707 1739 2784 dicamus,

137 2799 389 2871 tertiadecima,
411 2798 567 2858 uberrime
587 2798 625 2859 de
644 2799 702 2858 hac
722 2815 756 2857 re
776 2797 922 2876 disputat,
973 2795 1047 2873 quia
1060 2796 1118 2875 ipsi
1132 2800 1178 2856 est
1191 2815 1375 2859 commune:
1391 2817 1515 2860 neeesse
1525 2806 1581 2871 cst,
1596 2807 1631 2860 ut
1641 2802 1743 2879 exiga-

138 2913 181 2955 ac
197 2910 277 2973 qnae
291 2892 330 2953 de
342 2892 462 2953 Christo
477 2890 598 2950 diversa
610 2890 643 2950 in
658 2889 823 2967 Scripturis
834 2907 925 2969 expo·
974 2891 1025 2946 tur
1042 2905 1060 2947 a
1079 2887 1168 2948 nobis
1190 2890 1275 2962 dare,
1301 2896 1332 2950 et
1354 2892 1514 2951 ostendere
1536 2892 1643 2965 alium,
1668 2911 1740 2953 cum

138 2991 285 3057 uantur,
306 2984 340 3043 in
356 2984 538 3055 humanam,
559 2981 760 3058 divinamque
780 2987 925 3042 astruam
973 2996 1036 3057 quo
1050 2978 1079 3039 ei
1099 2979 1138 3039 sit
1150 2981 1209 3041 boc
1220 2981 1324 3060 ipsum
1342 3000 1506 3043 commune
1520 3003 1527 3068 ς
1539 3000 1608 3062 quae
1629 2984 1742 3062 profes

139 3076 324 3141 distribuit.
350 3075 429 3136 Vide
457 3074 654 3135 Ferrandum
680 3074 713 3132 in
738 3073 866 3152 epistola
887 3071 926 3134 ad
974 3070 1069 3131 sionis
1093 3072 1256 3133 necessitas
1273 3074 1307 3133 in
1330 3074 1461 3134 Nestorii
1483 3076 1582 3154 vergit
1608 3076 1741 3154 impium

139 3166 363 3234 Anatoliam¹.
562 3216 567 3228 ,
891 3208 892 3211 ,
974 3162 1098 3239 dogma.
1117 3163 1226 3223 Melius
1242 3164 1346 3241 igitur,
1371 3172 1403 3226 at
1422 3166 1576 3228 Catholiec
1596 3167 1739 3243 dicimus,

190 3261 249 3323 IX.
266 3260 476 3321 'theodoretus
495 3259 529 3317 in
552 3257 673 3333 dialogo
693 3257 786 3317 tertio
799 3276 805 3317 :
822 3258 925 3335 «Ergo
973 3251 1100 3331 inipso,
1117 3259 1147 3313 et
1159 3272 1224 3314 non
1238 3255 1297 3335 ipsi
1310 3274 1374 3316 esse
1389 3276 1566 3319 commune.
1577 3260 1616 3318 nt
1630 3259 1741 3320 melius

142 3363 185 3417 ut
209 3355 319 3426 homo,
346 3351 531 3432 passionem,
561 3349 674 3427 inquit,
705 3349 873 3408 sustinuit:
890 3354 926 3408 ut
973 3344 1045 3422 ipsi.
1063 3350 1094 3404 et
1107 3363 1171 3405 non
1190 3346 1304 3425 inipso
1328 3348 1459 3409 dicimus
1479 3351 1640 3429 proprium
1659 3369 1737 3412 esse.

141 3456 261 3512 autem
276 3447 367 3512 Deus,
382 3443 522 3524 passione
531 3439 670 3520 superior
683 3441 831 3502 mensim.
846 3462 862 3498 s
975 3436 1055 3514 Ergo
1073 3438 1235 3516 proprium
1258 3443 1304 3498 est
1323 3439 1369 3499 illi
1387 3441 1478 3513 mori,
1501 3446 1627 3520 propter
1647 3448 1738 3503 natu-

190 3540 286 3601 Idem
301 3545 406 3599 tamen
421 3535 633 3595 'theodoretus
646 3532 808 3608 observem
825 3551 926 3612 neque
975 3546 1043 3588 ram
1061 3529 1171 3605 carnis,
1191 3548 1261 3608 quae
1284 3533 1423 3592 mortalis
1446 3538 1511 3594 est:
1525 3540 1557 3594 et
1578 3536 1739 3615 proprium

142 3650 281 3712 semper
302 3635 446 3691 naturam
467 3626 610 3705 exprimi,
636 3625 807 3685 seeundum
830 3643 926 3704 quam
975 3625 1021 3681 est
1039 3619 1084 3679 illi
1110 3639 1174 3680 non
1198 3622 1288 3695 mori,
1313 3629 1440 3702 propter
1462 3631 1607 3687 naturam
1629 3627 1737 3706 Verbi,

142 3725 189 3785 de
198 3727 271 3783 toto
285 3719 405 3779 tlbristo
416 3716 533 3794 aliquid
547 3715 660 3776 dieitur
675 3733 682 3773 :
700 3732 800 3793 neque
811 3714 926 3773 veroid
975 3729 1045 3790 quas
1057 3712 1138 3771 mori
1152 3730 1215 3772 nou
1229 3720 1339 3793 potest.
1354 3716 1431 3775 ltem
1445 3723 1572 3796 propter
1587 3717 1740 3780 ineffabile

142 3831 282 3879 necesse
305 3809 415 3884 uideri,
444 3806 708 3887 quemadmodum
734 3822 806 3865 oum
830 3805 925 3865 homo
975 3803 1159 3881 mysterium
1179 3806 1303 3866 unionis
1323 3812 1525 3887 utrarumque
1544 3816 1738 3888 naturarum,

144 3896 357 3971 dissimilibus
383 3920 400 3963 e
425 3899 603 3961 substantiis
634 3903 762 3974 constet,
799 3902 926 3976 propter
976 3895 1150 3956 communis
1161 3896 1273 3975 inipso
1286 3898 1344 3958 luit
1356 3900 1739 3965 mortalitascarnichrbi

145 4019 235 4083 quas
254 3996 353 4058 multa
366 3996 405 4055 dc
417 3999 483 4053 toto
498 3992 692 4052 affirmantur
703 3989 843 4057 bomine,
858 4007 925 4069 quta
976 3992 1110 4062 naturas,
1129 4005 1199 4066 quae
1216 3990 1295 4049 mori
1309 4008 1373 4050 non
1391 3992 1509 4070 potuit:
1522 3999 1554 4053 et
1567 3996 1741 4056 communis

145 4094 252 4157 unius
265 4090 304 4150 dc
321 4087 441 4149 duabus
457 4084 598 4164 partibus
618 4082 834 4143 tantummodo
857 4100 925 4160 pro-
977 4080 1011 4138 in
1025 4079 1091 4157 ipso
1106 4084 1151 4139 est
1162 4082 1376 4142 immortalitas
1389 4083 1482 4143 Verbi
1498 4090 1618 4145 nature
1628 4087 1738 4164 curnis,

146 4188 226 4270 pria
249 4188 332 4253 sunt,
357 4197 422 4240 non
442 4184 548 4237 tamen
566 4180 715 4254 perpetuo
739 4173 926 4234 nominatim
977 4189 1048 4250 quae
1061 4172 1155 4231 morti
1167 4171 1336 4235 succubuit.
1354 4175 1435 4253 Ergo
1450 4174 1528 4236 siout
1545 4176 1589 4237 illi
1603 4179 1694 4255 mori,
1709 4186 1741 4240 st

146 4282 188 4342 fit
203 4276 275 4354 ejus
297 4272 426 4339 mentio,
442 4268 530 4346 cajus
555 4268 651 4345 gratia
671 4265 729 4326 toti
747 4265 794 4325 illi
815 4282 926 4325 convc-
977 4282 1041 4323 non
1055 4264 1147 4339 mori,
1164 4282 1202 4325 cx
1217 4265 1354 4344 utrisque
1368 4267 1488 4328 naturis
1500 4274 1546 4329 cst
1559 4270 1738 4349 proprium3

147 4373 262 4434 niunt.
282 4363 449 4426 Noneuim
463 4359 587 4439 quando
603 4359 764 4436 Scriptura
784 4357 928 4435 caligasse
977 4355 1020 4415 ita
1044 4374 1210 4417 commune
1233 4364 1277 4418 est
1300 4358 1335 4418 in
1357 4359 1424 4438 ipso
1448 4361 1587 4440 utrisque
1609 4364 1740 4439 naturis,

149 4463 253 4527 refert
279 4457 375 4519 Issaei
397 4453 513 4528 oculos,
538 4451 673 4530 corporis
693 4449 836 4509 meminit
850 4469 858 4524 ;
874 4454 929 4508 aut
977 4447 1061 4527 quod
1081 4446 1205 4508 illarum
1232 4455 1276 4509 cst
1304 4450 1508 4528 proprium.»
1526 4452 1738 4531 HicVigilius,

150 4572 232 4620 enm
266 4549 472 4631 paralyticum
495 4563 514 4604 a
539 4544 659 4604 Christo
693 4547 836 4602 curatum
864 4558 928 4601 csse
977 4555 1047 4615 quas
1065 4544 1138 4599 sunt
1153 4540 1279 4619 propria
1301 4545 1421 4603 naturae
1442 4542 1601 4623 cujusque,
1623 4545 1741 4607 Christo

151 4648 252 4719 dicit3
266 4661 336 4722 quas
349 4658 419 4720 pars
436 4638 503 4716 eJ'us
522 4634 718 4709 laboraverit,
741 4650 865 4711 corpus,
887 4650 929 4692 an
977 4629 1036 4690 dici
1055 4631 1180 4709 propria
1203 4632 1270 4691 vult
1282 4651 1289 4692 :
1301 4634 1478 4694 eommunia
1497 4652 1582 4709 vero,
1598 4655 1663 4697 non
1684 4637 1743 4716 ipsi

151 4740 277 4811 anima,
293 4733 437 4795 declarat.
454 4729 489 4790 Id
503 4727 587 4789 enim
606 4742 708 4806 perse
730 4724 929 4785 manifestum
977 4722 1095 4782 Christo
1110 4742 1118 4797 ;
1134 4724 1188 4783 scd
1202 4725 1234 4784 iu
1248 4724 1367 4785 Christo
1380 4746 1387 4787 ε
1399 4728 1635 4804 quiancmiucm
1646 4730 1742 4791 alirun

153 4838 218 4895 est.
249 4828 310 4889 Sed
335 4823 475 4886 absolute
498 4827 529 4882 et
552 4820 673 4879 Isaacus
696 4815 866 4890 caecrrtissc,
895 4821 926 4875 et
976 4813 1071 4874 habet
1093 4814 1240 4886 Christus,
1269 4835 1332 4895 quo
1358 4836 1430 4878 cum
1457 4820 1486 4880 ei
1514 4839 1680 4883 commune
1704 4824 1745 4883 sit
1794 4814 1800 4825 ’

152 4925 255 4985 homo
265 4916 419 4979 dissolutis
427 4911 564 4973 menbris
571 4910 664 4969 fuisse
675 4908 798 4968 dieitur.
810 4906 926 4967 Eodem
975 4904 1090 4984 aliquid
1103 4925 1110 4965 ε
1123 4907 1287 4984 siquidem,
1302 4915 1338 4970 ut
1358 4910 1491 4991 Cyrillus
1511 4912 1544 4972 in
1568 4914 1743 4994 Deterrima

154 5014 255 5078 modo
269 5011 405 5071 Christus
418 5004 595 5084 simpliciter
610 5019 726 5080 passus,
739 5017 776 5059 ac
786 5003 928 5059 mortuus
976 4997 1060 5057 tertii
1073 4996 1310 5060 anathematismi
1324 5010 1424 5063 contro
1441 5004 1603 5065 orientales
1618 5007 1739 5068 scribit:

155 5125 226 5171 esse
240 5104 337 5165 iertur
348 5120 355 5162 :
368 5105 399 5161 et
412 5099 450 5159 ab
465 5102 581 5158 caterno
595 5092 743 5154 exstitisse
756 5111 763 5152 ε
774 5109 832 5152 nec
845 5089 928 5150 addi-
981 5111 996 5147 «
1010 5090 1094 5169 quod
1108 5108 1274 5154 commune
1287 5093 1411 5173 dicitur,
1429 5115 1493 5157 nou
1507 5099 1563 5157 uni
1576 5116 1742 5161 commuue

195 5337 217 5377 a
237 5319 345 5375 Tusco.
363 5315 455 5387 Τοιγάρ
476 5331 516 5368 τοι
536 5311 570 5374 ὣς
586 5309 712 5382 ἄνθρωπος
726 5306 756 5361 rb
775 5306 851 5369 πάθος
870 5304 928 5360 bnt·
978 5323 1066 5377 peram·
1082 5306 1116 5368 ὡς
1126 5306 1189 5375 θεὸς,
1203 5308 1320 5379 κρείττων
1331 5310 1422 5372 πάθους
1434 5312 1563 5384 papianus.

188 5503 199 5547 t
211 5497 275 5543 Tam.
286 5491 317 5538 111
326 5492 381 5536 aitt.
393 5491 436 5535 PP.
