<?xml version="1.0" encoding="UTF-8"?>
<!DOCTYPE html PUBLIC "-//W3C//DTD XHTML 1.0 Transitional//EN"
    "http://www.w3.org/TR/xhtml1/DTD/xhtml1-transitional.dtd">
<html xmlns="http://www.w3.org/1999/xhtml" xml:lang="en" lang="en">
 <head>
  <title>
</title>
<meta http-equiv="Content-Type" content="text/html;charset=utf-8" />
  <meta name='ocr-system' content='tesseract 3.04.00' />
  <meta name='ocr-capabilities' content='ocr_page ocr_carea ocr_par ocr_line ocrx_word'/>
</head>
<body>
  <div class='ocr_page' id='page_1' title='image "./dogmatatheologi00unkngoog_0554.png"; bbox 0 0 4072 6164; ppageno 0'>
   <div class='ocr_carea' id='block_1_1' title="bbox 545 362 1702 463">
    <p class='ocr_par' dir='ltr' id='par_1_1' title="bbox 545 362 1702 463">
     <span class='ocr_line' id='line_1_1' title="bbox 545 362 1702 463; baseline 0 -18"><span class='ocrx_word' id='word_1_1' title='bbox 545 380 920 462; x_wconf 70' lang='lat' dir='ltr'>nomeneulatores,</span> <span class='ocrx_word' id='word_1_2' title='bbox 941 383 1016 446; x_wconf 84' lang='lat' dir='ltr'>ne.</span> <span class='ocrx_word' id='word_1_3' title='bbox 1039 385 1093 463; x_wconf 74' lang='lat' dir='ltr'>rr,</span> <span class='ocrx_word' id='word_1_4' title='bbox 1115 386 1204 448; x_wconf 81' lang='lat' dir='ltr'>cre.</span> <span class='ocrx_word' id='word_1_5' title='bbox 1226 385 1280 447; x_wconf 85' lang='lat' dir='ltr'>rx.</span> <span class='ocrx_word' id='word_1_6' title='bbox 1642 362 1702 445; x_wconf 77' lang='lat' dir='ltr'>cei</span> 
     </span>
    </p>
   </div>
   <div class='ocr_carea' id='block_1_2' title="bbox 107 548 1879 5052">
    <p class='ocr_par' dir='ltr' id='par_1_2' title="bbox 112 548 1705 1095">
     <span class='ocr_line' id='line_1_2' title="bbox 114 548 1705 633; baseline 0 -23"><span class='ocrx_word' id='word_1_7' title='bbox 114 548 216 630; x_wconf 81' lang='lat' dir='ltr'>oepit,</span> <span class='ocrx_word' id='word_1_8' title='bbox 243 553 275 610; x_wconf 89' lang='lat' dir='ltr'>et</span> <span class='ocrx_word' id='word_1_9' title='bbox 302 548 444 611; x_wconf 85' lang='lat' dir='ltr'>Verbum</span> <span class='ocrx_word' id='word_1_10' title='bbox 470 567 542 612; x_wconf 88' lang='lat' dir='ltr'>caro</span> <span class='ocrx_word' id='word_1_11' title='bbox 561 549 679 612; x_wconf 85' lang='lat' dir='ltr'>tactum</span> <span class='ocrx_word' id='word_1_12' title='bbox 691 556 748 628; x_wconf 87' lang='lat' dir='ltr'>est,</span> <span class='ocrx_word' id='word_1_13' title='bbox 762 554 799 610; x_wconf 91' lang='lat' dir='ltr'>ut</span> <span class='ocrx_word' id='word_1_14' title='bbox 812 566 883 610; x_wconf 87' lang='lat' dir='ltr'>earo</span> <span class='ocrx_word' id='word_1_15' title='bbox 936 550 1103 631; x_wconf 81' lang='lat' dir='ltr'>Episcbpus</span> <span class='ocrx_word' id='word_1_16' title='bbox 1114 551 1551 633; x_wconf 74' lang='lat' dir='ltr'>Carthaginensisinepistola</span> <span class='ocrx_word' id='word_1_17' title='bbox 1564 549 1606 613; x_wconf 82' lang='lat' dir='ltr'>od</span> <span class='ocrx_word' id='word_1_18' title='bbox 1622 548 1705 612; x_wconf 81' lang='lat' dir='ltr'>Vite·</span> 
     </span>
     <span class='ocr_line' id='line_1_3' title="bbox 113 640 1704 724; baseline 0 -21"><span class='ocrx_word' id='word_1_19' title='bbox 113 640 207 703; x_wconf 81' lang='lat' dir='ltr'>fieret</span> <span class='ocrx_word' id='word_1_20' title='bbox 226 642 317 703; x_wconf 87' lang='lat' dir='ltr'>Deus.</span> <span class='ocrx_word' id='word_1_21' title='bbox 343 662 359 700; x_wconf 80' lang='lat' dir='ltr'>r</span> <span class='ocrx_word' id='word_1_22' title='bbox 378 643 460 704; x_wconf 84' lang='lat' dir='ltr'>Item</span> <span class='ocrx_word' id='word_1_23' title='bbox 472 642 680 723; x_wconf 77' lang='lat' dir='ltr'>Augustinus3</span> <span class='ocrx_word' id='word_1_24' title='bbox 707 642 794 721; x_wconf 80' lang='lat' dir='ltr'>cnjus</span> <span class='ocrx_word' id='word_1_25' title='bbox 817 642 884 703; x_wconf 85' lang='lat' dir='ltr'>baec</span> <span class='ocrx_word' id='word_1_26' title='bbox 936 642 1005 720; x_wconf 87' lang='lat' dir='ltr'>lem,</span> <span class='ocrx_word' id='word_1_27' title='bbox 1022 651 1050 704; x_wconf 82' lang='lat' dir='ltr'>et</span> <span class='ocrx_word' id='word_1_28' title='bbox 1066 644 1291 707; x_wconf 79' lang='lat' dir='ltr'>Constantiam:</span> <span class='ocrx_word' id='word_1_29' title='bbox 1310 644 1421 719; x_wconf 77' lang='lat' dir='ltr'>«Quid</span> <span class='ocrx_word' id='word_1_30' title='bbox 1435 662 1510 724; x_wconf 79' lang='lat' dir='ltr'>ergo</span> <span class='ocrx_word' id='word_1_31' title='bbox 1522 661 1580 705; x_wconf 90' lang='lat' dir='ltr'>nos</span> <span class='ocrx_word' id='word_1_32' title='bbox 1593 641 1704 704; x_wconf 87' lang='lat' dir='ltr'>erube·</span> 
     </span>
     <span class='ocr_line' id='line_1_4' title="bbox 113 730 1703 819; baseline 0.002 -26"><span class='ocrx_word' id='word_1_33' title='bbox 113 733 214 796; x_wconf 80' lang='lat' dir='ltr'>verba</span> <span class='ocrx_word' id='word_1_34' title='bbox 237 732 345 796; x_wconf 89' lang='lat' dir='ltr'>snnt¹:</span> <span class='ocrx_word' id='word_1_35' title='bbox 376 754 392 793; x_wconf 80' lang='lat' dir='ltr'>a</span> <span class='ocrx_word' id='word_1_36' title='bbox 424 730 503 797; x_wconf 87' lang='lat' dir='ltr'>Nom</span> <span class='ocrx_word' id='word_1_37' title='bbox 517 741 548 797; x_wconf 91' lang='lat' dir='ltr'>et</span> <span class='ocrx_word' id='word_1_38' title='bbox 575 735 679 816; x_wconf 89' lang='lat' dir='ltr'>ipsum</span> <span class='ocrx_word' id='word_1_39' title='bbox 717 734 884 796; x_wconf 90' lang='lat' dir='ltr'>Dominum</span> <span class='ocrx_word' id='word_1_40' title='bbox 936 737 1063 814; x_wconf 86' lang='lat' dir='ltr'>scimus,</span> <span class='ocrx_word' id='word_1_41' title='bbox 1072 739 1126 815; x_wconf 88' lang='lat' dir='ltr'>ait,</span> <span class='ocrx_word' id='word_1_42' title='bbox 1137 736 1277 799; x_wconf 84' lang='lat' dir='ltr'>confiteri</span> <span class='ocrx_word' id='word_1_43' title='bbox 1287 740 1386 800; x_wconf 85' lang='lat' dir='ltr'>Deum</span> <span class='ocrx_word' id='word_1_44' title='bbox 1395 737 1703 819; x_wconf 88' lang='lat' dir='ltr'>propterhominem‚</span> 
     </span>
     <span class='ocr_line' id='line_1_5' title="bbox 113 825 1703 911; baseline 0.001 -25"><span class='ocrx_word' id='word_1_45' title='bbox 113 826 253 905; x_wconf 74' lang='lat' dir='ltr'>gloriae,</span> <span class='ocrx_word' id='word_1_46' title='bbox 279 825 315 886; x_wconf 88' lang='lat' dir='ltr'>in</span> <span class='ocrx_word' id='word_1_47' title='bbox 337 832 492 907; x_wconf 88' lang='lat' dir='ltr'>quantum</span> <span class='ocrx_word' id='word_1_48' title='bbox 517 829 611 890; x_wconf 89' lang='lat' dir='ltr'>homo</span> <span class='ocrx_word' id='word_1_49' title='bbox 636 828 735 889; x_wconf 85' lang='lat' dir='ltr'>iactus</span> <span class='ocrx_word' id='word_1_50' title='bbox 760 833 806 889; x_wconf 89' lang='lat' dir='ltr'>cst</span> <span class='ocrx_word' id='word_1_51' title='bbox 829 825 884 887; x_wconf 88' lang='lat' dir='ltr'>Dei</span> <span class='ocrx_word' id='word_1_52' title='bbox 935 835 1029 909; x_wconf 88' lang='lat' dir='ltr'>atque</span> <span class='ocrx_word' id='word_1_53' title='bbox 1042 831 1075 890; x_wconf 93' lang='lat' dir='ltr'>in</span> <span class='ocrx_word' id='word_1_54' title='bbox 1088 831 1218 893; x_wconf 89' lang='lat' dir='ltr'>homine</span> <span class='ocrx_word' id='word_1_55' title='bbox 1230 837 1339 891; x_wconf 89' lang='lat' dir='ltr'>natum</span> <span class='ocrx_word' id='word_1_56' title='bbox 1350 836 1381 892; x_wconf 89' lang='lat' dir='ltr'>et</span> <span class='ocrx_word' id='word_1_57' title='bbox 1393 848 1518 911; x_wconf 89' lang='lat' dir='ltr'>passum</span> <span class='ocrx_word' id='word_1_58' title='bbox 1531 874 1539 903; x_wconf 86' lang='lat'>,</span> <span class='ocrx_word' id='word_1_59' title='bbox 1552 845 1625 890; x_wconf 86' lang='lat' dir='ltr'>cum</span> <span class='ocrx_word' id='word_1_60' title='bbox 1637 846 1703 889; x_wconf 87' lang='lat' dir='ltr'>non</span> 
     </span>
     <span class='ocr_line' id='line_1_6' title="bbox 112 918 1705 1002; baseline 0.001 -23"><span class='ocrx_word' id='word_1_61' title='bbox 112 918 226 995; x_wconf 84' lang='lat' dir='ltr'>Filius,</span> <span class='ocrx_word' id='word_1_62' title='bbox 241 920 496 999; x_wconf 79' lang='lat' dir='ltr'>predestinatum</span> <span class='ocrx_word' id='word_1_63' title='bbox 518 938 584 983; x_wconf 88' lang='lat' dir='ltr'>esse</span> <span class='ocrx_word' id='word_1_64' title='bbox 604 921 777 983; x_wconf 72' lang='lat' dir='ltr'>didicimus.</span> <span class='ocrx_word' id='word_1_65' title='bbox 792 942 808 978; x_wconf 82' lang='lat' dir='ltr'>u</span> <span class='ocrx_word' id='word_1_66' title='bbox 826 918 885 980; x_wconf 85' lang='lat' dir='ltr'>Cui</span> <span class='ocrx_word' id='word_1_67' title='bbox 935 941 1104 1002; x_wconf 80' lang='lat' dir='ltr'><strong>negamus,</strong></span> <span class='ocrx_word' id='word_1_68' title='bbox 1129 924 1266 985; x_wconf 85' lang='lat' dir='ltr'>donante</span> <span class='ocrx_word' id='word_1_69' title='bbox 1297 926 1378 1000; x_wconf 86' lang='lat' dir='ltr'>Deo,</span> <span class='ocrx_word' id='word_1_70' title='bbox 1409 923 1526 984; x_wconf 82' lang='lat' dir='ltr'>factrrm</span> <span class='ocrx_word' id='word_1_71' title='bbox 1559 921 1705 984; x_wconf 89' lang='lat' dir='ltr'>eumdem</span> 
     </span>
     <span class='ocr_line' id='line_1_7' title="bbox 113 1010 1363 1095; baseline 0.002 -24"><span class='ocrx_word' id='word_1_72' title='bbox 113 1015 147 1072; x_wconf 85' lang='lat' dir='ltr'>et</span> <span class='ocrx_word' id='word_1_73' title='bbox 159 1010 220 1072; x_wconf 90' lang='lat' dir='ltr'>hoe</span> <span class='ocrx_word' id='word_1_74' title='bbox 230 1012 331 1074; x_wconf 89' lang='lat' dir='ltr'>simile</span> <span class='ocrx_word' id='word_1_75' title='bbox 349 1012 443 1093; x_wconf 86' lang='lat' dir='ltr'>poulo</span> <span class='ocrx_word' id='word_1_76' title='bbox 466 1018 538 1075; x_wconf 88' lang='lat' dir='ltr'>ante</span> <span class='ocrx_word' id='word_1_77' title='bbox 556 1013 687 1091; x_wconf 75' lang='lat' dir='ltr'>scripsit.</span> <span class='ocrx_word' id='word_1_78' title='bbox 704 1014 773 1074; x_wconf 77' lang='lat' dir='ltr'>«Eu</span> <span class='ocrx_word' id='word_1_79' title='bbox 786 1012 885 1091; x_wconf 79' lang='lat' dir='ltr'>gratia</span> <span class='ocrx_word' id='word_1_80' title='bbox 936 1015 1039 1095; x_wconf 89' lang='lat' dir='ltr'>ipsum</span> <span class='ocrx_word' id='word_1_81' title='bbox 1053 1016 1214 1077; x_wconf 89' lang='lat' dir='ltr'>hominem</span> <span class='ocrx_word' id='word_1_82' title='bbox 1225 1018 1333 1077; x_wconf 85' lang='lat' dir='ltr'>Deum.</span> <span class='ocrx_word' id='word_1_83' title='bbox 1347 1037 1363 1074; x_wconf 76' lang='lat' dir='ltr'>r&gt;</span> 
     </span>
    </p>

    <p class='ocr_par' dir='ltr' id='par_1_3' title="bbox 107 1102 1775 3395">
     <span class='ocr_line' id='line_1_8' title="bbox 111 1102 1706 1185; baseline 0.002 -21"><span class='ocrx_word' id='word_1_84' title='bbox 111 1102 153 1165; x_wconf 82' lang='lat' dir='ltr'>fit</span> <span class='ocrx_word' id='word_1_85' title='bbox 163 1103 204 1164; x_wconf 87' lang='lat' dir='ltr'>ab</span> <span class='ocrx_word' id='word_1_86' title='bbox 217 1104 306 1165; x_wconf 89' lang='lat' dir='ltr'>initio</span> <span class='ocrx_word' id='word_1_87' title='bbox 324 1103 397 1166; x_wconf 90' lang='lat' dir='ltr'>fidei</span> <span class='ocrx_word' id='word_1_88' title='bbox 411 1123 476 1167; x_wconf 83' lang='lat' dir='ltr'>suae</span> <span class='ocrx_word' id='word_1_89' title='bbox 492 1106 586 1168; x_wconf 89' lang='lat' dir='ltr'>borno</span> <span class='ocrx_word' id='word_1_90' title='bbox 601 1107 788 1185; x_wconf 79' lang='lat' dir='ltr'>quicumque</span> <span class='ocrx_word' id='word_1_91' title='bbox 801 1103 886 1164; x_wconf 85' lang='lat' dir='ltr'>Chri·</span> <span class='ocrx_word' id='word_1_92' title='bbox 976 1108 1063 1169; x_wconf 86' lang='lat' dir='ltr'>VllI.</span> <span class='ocrx_word' id='word_1_93' title='bbox 1077 1109 1113 1168; x_wconf 89' lang='lat' dir='ltr'>in</span> <span class='ocrx_word' id='word_1_94' title='bbox 1123 1108 1253 1170; x_wconf 87' lang='lat' dir='ltr'>concilio</span> <span class='ocrx_word' id='word_1_95' title='bbox 1267 1107 1467 1170; x_wconf 85' lang='lat' dir='ltr'>Lateranensi</span> <span class='ocrx_word' id='word_1_96' title='bbox 1480 1112 1588 1168; x_wconf 88' lang='lat' dir='ltr'>contra</span> <span class='ocrx_word' id='word_1_97' title='bbox 1598 1107 1706 1169; x_wconf 77' lang='lat' dir='ltr'>Meno</span> 
     </span>
     <span class='ocr_line' id='line_1_9' title="bbox 111 1195 1706 1279; baseline 0.002 -24"><span class='ocrx_word' id='word_1_98' title='bbox 111 1195 246 1272; x_wconf 60' lang='lat' dir='ltr'>suanus,</span> <span class='ocrx_word' id='word_1_99' title='bbox 270 1214 333 1275; x_wconf 87' lang='lat' dir='ltr'>qua</span> <span class='ocrx_word' id='word_1_100' title='bbox 351 1198 450 1276; x_wconf 78' lang='lat' dir='ltr'>gratia</span> <span class='ocrx_word' id='word_1_101' title='bbox 474 1198 569 1260; x_wconf 91' lang='lat' dir='ltr'>bomo</span> <span class='ocrx_word' id='word_1_102' title='bbox 590 1198 643 1260; x_wconf 93' lang='lat' dir='ltr'>ille</span> <span class='ocrx_word' id='word_1_103' title='bbox 660 1199 700 1259; x_wconf 87' lang='lat' dir='ltr'>ab</span> <span class='ocrx_word' id='word_1_104' title='bbox 719 1197 808 1258; x_wconf 89' lang='lat' dir='ltr'>initio</span> <span class='ocrx_word' id='word_1_105' title='bbox 828 1214 884 1257; x_wconf 90' lang='lat' dir='ltr'>suo</span> <span class='ocrx_word' id='word_1_106' title='bbox 936 1198 1067 1260; x_wconf 84' lang='lat' dir='ltr'>theletus</span> <span class='ocrx_word' id='word_1_107' title='bbox 1077 1200 1185 1261; x_wconf 90' lang='lat' dir='ltr'>habito</span> <span class='ocrx_word' id='word_1_108' title='bbox 1196 1200 1254 1261; x_wconf 90' lang='lat' dir='ltr'>sub</span> <span class='ocrx_word' id='word_1_109' title='bbox 1268 1201 1400 1262; x_wconf 87' lang='lat' dir='ltr'>Martino</span> <span class='ocrx_word' id='word_1_110' title='bbox 1415 1197 1706 1279; x_wconf 78' lang='lat' dir='ltr'>primo³,Meximns</span> 
     </span>
     <span class='ocr_line' id='line_1_10' title="bbox 110 1286 1775 1370; baseline 0.002 -22"><span class='ocrx_word' id='word_1_111' title='bbox 110 1286 212 1348; x_wconf 83' lang='lat' dir='ltr'>iactus</span> <span class='ocrx_word' id='word_1_112' title='bbox 225 1295 272 1349; x_wconf 91' lang='lat' dir='ltr'>est</span> <span class='ocrx_word' id='word_1_113' title='bbox 286 1289 437 1350; x_wconf 81' lang='lat' dir='ltr'>Christus.</span> <span class='ocrx_word' id='word_1_114' title='bbox 453 1311 470 1348; x_wconf 79' lang='lat' dir='ltr'>o</span> <span class='ocrx_word' id='word_1_115' title='bbox 494 1290 614 1370; x_wconf 85' lang='lat' dir='ltr'>Quippe</span> <span class='ocrx_word' id='word_1_116' title='bbox 633 1290 747 1351; x_wconf 77' lang='lat' dir='ltr'>Christi</span> <span class='ocrx_word' id='word_1_117' title='bbox 761 1308 821 1351; x_wconf 80' lang='lat' dir='ltr'>vox</span> <span class='ocrx_word' id='word_1_118' title='bbox 841 1288 884 1349; x_wconf 87' lang='lat' dir='ltr'>ihi</span> <span class='ocrx_word' id='word_1_119' title='bbox 936 1291 1152 1370; x_wconf 81' lang='lat' dir='ltr'>Aquileiensis,</span> <span class='ocrx_word' id='word_1_120' title='bbox 1172 1313 1187 1350; x_wconf 80' lang='lat' dir='ltr'>c</span> <span class='ocrx_word' id='word_1_121' title='bbox 1201 1293 1381 1354; x_wconf 86' lang='lat' dir='ltr'>Deificatam</span> <span class='ocrx_word' id='word_1_122' title='bbox 1390 1293 1583 1353; x_wconf 89' lang='lat' dir='ltr'>voluntatem</span> <span class='ocrx_word' id='word_1_123' title='bbox 1597 1291 1707 1352; x_wconf 89' lang='lat' dir='ltr'>huma·</span> <span class='ocrx_word' id='word_1_124' title='bbox 1768 1314 1775 1325; x_wconf 82' lang='lat'>·</span> 
     </span>
     <span class='ocr_line' id='line_1_11' title="bbox 111 1380 1703 1465; baseline 0.001 -25"><span class='ocrx_word' id='word_1_125' title='bbox 111 1380 240 1459; x_wconf 78' lang='lat' dir='ltr'>propr-ie</span> <span class='ocrx_word' id='word_1_126' title='bbox 272 1382 393 1452; x_wconf 88' lang='lat' dir='ltr'>Deum,</span> <span class='ocrx_word' id='word_1_127' title='bbox 418 1382 536 1461; x_wconf 87' lang='lat' dir='ltr'>Deique</span> <span class='ocrx_word' id='word_1_128' title='bbox 565 1382 678 1442; x_wconf 89' lang='lat' dir='ltr'>Filium</span> <span class='ocrx_word' id='word_1_129' title='bbox 712 1380 882 1461; x_wconf 80' lang='lat' dir='ltr'>significat:</span> <span class='ocrx_word' id='word_1_130' title='bbox 936 1384 1130 1444; x_wconf 77' lang='lat' dir='ltr'>nemodixit.</span> <span class='ocrx_word' id='word_1_131' title='bbox 1139 1385 1177 1444; x_wconf 87' lang='lat' dir='ltr'>Et</span> <span class='ocrx_word' id='word_1_132' title='bbox 1186 1384 1518 1465; x_wconf 85' lang='lat' dir='ltr'>Densdeditepiscopus</span> <span class='ocrx_word' id='word_1_133' title='bbox 1529 1381 1703 1457; x_wconf 74' lang='lat' dir='ltr'>Sardiniae‘,</span> 
     </span>
     <span class='ocr_line' id='line_1_12' title="bbox 111 1473 1705 1552; baseline 0.002 -20"><span class='ocrx_word' id='word_1_134' title='bbox 111 1478 196 1533; x_wconf 84' lang='lat' dir='ltr'>certe</span> <span class='ocrx_word' id='word_1_135' title='bbox 231 1473 482 1552; x_wconf 81' lang='lat' dir='ltr'>conjunctionem</span> <span class='ocrx_word' id='word_1_136' title='bbox 513 1493 586 1536; x_wconf 91' lang='lat' dir='ltr'>cum</span> <span class='ocrx_word' id='word_1_137' title='bbox 613 1476 676 1536; x_wconf 86' lang='lat' dir='ltr'>Deo</span> <span class='ocrx_word' id='word_1_138' title='bbox 701 1473 826 1549; x_wconf 84' lang='lat' dir='ltr'>Verbo,</span> <span class='ocrx_word' id='word_1_139' title='bbox 855 1477 886 1533; x_wconf 89' lang='lat' dir='ltr'>et</span> <span class='ocrx_word' id='word_1_140' title='bbox 940 1474 1080 1536; x_wconf 66' lang='lat' dir='ltr'>&lt;ductum</span> <span class='ocrx_word' id='word_1_141' title='bbox 1095 1493 1163 1537; x_wconf 89' lang='lat' dir='ltr'>esse</span> <span class='ocrx_word' id='word_1_142' title='bbox 1176 1476 1339 1538; x_wconf 91' lang='lat' dir='ltr'>hominem</span> <span class='ocrx_word' id='word_1_143' title='bbox 1354 1477 1408 1538; x_wconf 86' lang='lat' dir='ltr'>Dei</span> <span class='ocrx_word' id='word_1_144' title='bbox 1421 1477 1563 1537; x_wconf 86' lang='lat' dir='ltr'>Verbum</span> <span class='ocrx_word' id='word_1_145' title='bbox 1576 1496 1592 1533; x_wconf 77' lang='lat' dir='ltr'>a</span> <span class='ocrx_word' id='word_1_146' title='bbox 1609 1474 1705 1535; x_wconf 89' lang='lat' dir='ltr'>eonfi-</span> 
     </span>
     <span class='ocr_line' id='line_1_13' title="bbox 110 1565 1707 1646; baseline 0.001 -21"><span class='ocrx_word' id='word_1_147' title='bbox 110 1565 360 1644; x_wconf 80' lang='lat' dir='ltr'>assumptionem</span> <span class='ocrx_word' id='word_1_148' title='bbox 373 1565 508 1627; x_wconf 90' lang='lat' dir='ltr'>hominis</span> <span class='ocrx_word' id='word_1_149' title='bbox 521 1566 603 1626; x_wconf 90' lang='lat' dir='ltr'>illius</span> <span class='ocrx_word' id='word_1_150' title='bbox 618 1566 761 1628; x_wconf 82' lang='lat' dir='ltr'>includit:</span> <span class='ocrx_word' id='word_1_151' title='bbox 774 1566 808 1625; x_wconf 89' lang='lat' dir='ltr'>in</span> <span class='ocrx_word' id='word_1_152' title='bbox 822 1583 885 1644; x_wconf 91' lang='lat' dir='ltr'>quo</span> <span class='ocrx_word' id='word_1_153' title='bbox 935 1569 1029 1627; x_wconf 89' lang='lat' dir='ltr'>tetur.</span> <span class='ocrx_word' id='word_1_154' title='bbox 1063 1566 1221 1646; x_wconf 79' lang='lat' dir='ltr'>Vigilius⁸</span> <span class='ocrx_word' id='word_1_155' title='bbox 1239 1589 1255 1627; x_wconf 81' lang='lat' dir='ltr'>c</span> <span class='ocrx_word' id='word_1_156' title='bbox 1276 1570 1318 1630; x_wconf 90' lang='lat' dir='ltr'>sic</span> <span class='ocrx_word' id='word_1_157' title='bbox 1340 1570 1439 1629; x_wconf 88' lang='lat' dir='ltr'>Deum</span> <span class='ocrx_word' id='word_1_158' title='bbox 1465 1567 1648 1643; x_wconf 86' lang='lat' dir='ltr'>bominem,</span> <span class='ocrx_word' id='word_1_159' title='bbox 1676 1572 1707 1627; x_wconf 92' lang='lat' dir='ltr'>et</span> 
     </span>
     <span class='ocr_line' id='line_1_14' title="bbox 109 1656 1708 1738; baseline 0.002 -21"><span class='ocrx_word' id='word_1_160' title='bbox 109 1657 281 1735; x_wconf 71' lang='lat' dir='ltr'>singularis</span> <span class='ocrx_word' id='word_1_161' title='bbox 293 1657 351 1717; x_wconf 83' lang='lat' dir='ltr'>ista</span> <span class='ocrx_word' id='word_1_162' title='bbox 359 1657 457 1736; x_wconf 78' lang='lat' dir='ltr'>gratia</span> <span class='ocrx_word' id='word_1_163' title='bbox 466 1656 615 1719; x_wconf 84' lang='lat' dir='ltr'>consistit.</span> <span class='ocrx_word' id='word_1_164' title='bbox 632 1659 670 1718; x_wconf 88' lang='lat' dir='ltr'>Et</span> <span class='ocrx_word' id='word_1_165' title='bbox 682 1658 716 1719; x_wconf 90' lang='lat' dir='ltr'>in</span> <span class='ocrx_word' id='word_1_166' title='bbox 730 1657 830 1737; x_wconf 89' lang='lat' dir='ltr'>primo</span> <span class='ocrx_word' id='word_1_167' title='bbox 850 1656 886 1718; x_wconf 87' lang='lat' dir='ltr'>de</span> <span class='ocrx_word' id='word_1_168' title='bbox 935 1658 1096 1720; x_wconf 89' lang='lat' dir='ltr'>hominem</span> <span class='ocrx_word' id='word_1_169' title='bbox 1121 1662 1218 1722; x_wconf 87' lang='lat' dir='ltr'>Deum</span> <span class='ocrx_word' id='word_1_170' title='bbox 1244 1660 1360 1722; x_wconf 84' lang='lat' dir='ltr'>facturn</span> <span class='ocrx_word' id='word_1_171' title='bbox 1390 1662 1445 1738; x_wconf 89' lang='lat' dir='ltr'>ait,</span> <span class='ocrx_word' id='word_1_172' title='bbox 1469 1667 1504 1722; x_wconf 91' lang='lat' dir='ltr'>ut</span> <span class='ocrx_word' id='word_1_173' title='bbox 1521 1679 1587 1722; x_wconf 87' lang='lat' dir='ltr'>non</span> <span class='ocrx_word' id='word_1_174' title='bbox 1613 1660 1708 1721; x_wconf 83' lang='lat' dir='ltr'>luerit</span> 
     </span>
     <span class='ocr_line' id='line_1_15' title="bbox 113 1748 1544 1832; baseline 0.001 -21"><span class='ocrx_word' id='word_1_175' title='bbox 113 1748 276 1818; x_wconf 78' lang='lat' dir='ltr'>Trinitate,</span> <span class='ocrx_word' id='word_1_176' title='bbox 292 1750 391 1830; x_wconf 84' lang='lat' dir='ltr'>eapite</span> <span class='ocrx_word' id='word_1_177' title='bbox 416 1766 481 1811; x_wconf 84' lang='lat' dir='ltr'>run.</span> <span class='ocrx_word' id='word_1_178' title='bbox 509 1750 624 1812; x_wconf 71' lang='lat' dir='ltr'>«Talis</span> <span class='ocrx_word' id='word_1_179' title='bbox 645 1750 730 1811; x_wconf 91' lang='lat' dir='ltr'>enim</span> <span class='ocrx_word' id='word_1_180' title='bbox 750 1754 816 1811; x_wconf 87' lang='lat' dir='ltr'>erat</span> <span class='ocrx_word' id='word_1_181' title='bbox 830 1748 884 1810; x_wconf 88' lang='lat' dir='ltr'>illa</span> <span class='ocrx_word' id='word_1_182' title='bbox 935 1755 1041 1812; x_wconf 85' lang='lat' dir='ltr'>tamen</span> <span class='ocrx_word' id='word_1_183' title='bbox 1054 1757 1223 1832; x_wconf 85' lang='lat' dir='ltr'>utcumque</span> <span class='ocrx_word' id='word_1_184' title='bbox 1237 1758 1502 1832; x_wconf 79' lang='lat' dir='ltr'>consumptum.»</span> <span class='ocrx_word' id='word_1_185' title='bbox 1542 1764 1544 1767; x_wconf 79' lang='grc'>’</span> 
     </span>
     <span class='ocr_line' id='line_1_16' title="bbox 109 1842 1706 1926; baseline 0.001 -22"><span class='ocrx_word' id='word_1_186' title='bbox 109 1842 279 1922; x_wconf 75' lang='lat' dir='ltr'>suceptio,</span> <span class='ocrx_word' id='word_1_187' title='bbox 307 1859 377 1921; x_wconf 78' lang='lat' dir='ltr'>qum</span> <span class='ocrx_word' id='word_1_188' title='bbox 400 1843 498 1903; x_wconf 87' lang='lat' dir='ltr'>Deum</span> <span class='ocrx_word' id='word_1_189' title='bbox 519 1842 681 1904; x_wconf 90' lang='lat' dir='ltr'>hominem</span> <span class='ocrx_word' id='word_1_190' title='bbox 704 1842 827 1917; x_wconf 83' lang='lat' dir='ltr'>faceret,</span> <span class='ocrx_word' id='word_1_191' title='bbox 853 1847 885 1902; x_wconf 91' lang='lat' dir='ltr'>et</span> <span class='ocrx_word' id='word_1_192' title='bbox 975 1843 1103 1905; x_wconf 90' lang='lat' dir='ltr'>Arnobii</span> <span class='ocrx_word' id='word_1_193' title='bbox 1117 1863 1192 1907; x_wconf 87' lang='lat' dir='ltr'>vero</span> <span class='ocrx_word' id='word_1_194' title='bbox 1218 1845 1250 1905; x_wconf 81' lang='lat' dir='ltr'>in</span> <span class='ocrx_word' id='word_1_195' title='bbox 1272 1845 1478 1926; x_wconf 80' lang='lat' dir='ltr'>Disputatione</span> <span class='ocrx_word' id='word_1_196' title='bbox 1497 1852 1598 1906; x_wconf 65' lang='lat' dir='ltr'>conce</span> <span class='ocrx_word' id='word_1_197' title='bbox 1616 1843 1706 1906; x_wconf 82' lang='lat' dir='ltr'>Seru·</span> 
     </span>
     <span class='ocr_line' id='line_1_17' title="bbox 108 1933 1705 2016; baseline 0.002 -21"><span class='ocrx_word' id='word_1_198' title='bbox 108 1934 275 1996; x_wconf 89' lang='lat' dir='ltr'>hominem</span> <span class='ocrx_word' id='word_1_199' title='bbox 289 1936 429 1996; x_wconf 81' lang='lat' dir='ltr'>Deum.»</span> <span class='ocrx_word' id='word_1_200' title='bbox 447 1936 546 2009; x_wconf 85' lang='lat' dir='ltr'>Quem</span> <span class='ocrx_word' id='word_1_201' title='bbox 559 1934 663 1996; x_wconf 91' lang='lat' dir='ltr'>locum</span> <span class='ocrx_word' id='word_1_202' title='bbox 671 1936 744 1996; x_wconf 84' lang='lat' dir='ltr'>citat</span> <span class='ocrx_word' id='word_1_203' title='bbox 753 1934 884 1995; x_wconf 87' lang='lat' dir='ltr'>Albinus</span> <span class='ocrx_word' id='word_1_204' title='bbox 934 1933 1065 2013; x_wconf 70' lang='lat' dir='ltr'>protem,</span> <span class='ocrx_word' id='word_1_205' title='bbox 1079 1942 1209 2016; x_wconf 83' lang='lat' dir='ltr'>pareat,</span> <span class='ocrx_word' id='word_1_206' title='bbox 1232 1944 1264 1998; x_wconf 86' lang='lat' dir='ltr'>et</span> <span class='ocrx_word' id='word_1_207' title='bbox 1288 1936 1414 1997; x_wconf 88' lang='lat' dir='ltr'>interim</span> <span class='ocrx_word' id='word_1_208' title='bbox 1438 1938 1519 1998; x_wconf 88' lang='lat' dir='ltr'>mira</span> <span class='ocrx_word' id='word_1_209' title='bbox 1542 1938 1705 1999; x_wconf 87' lang='lat' dir='ltr'>sententia.</span> 
     </span>
     <span class='ocr_line' id='line_1_18' title="bbox 110 2024 1707 2109; baseline 0.001 -21"><span class='ocrx_word' id='word_1_210' title='bbox 110 2027 239 2088; x_wconf 77' lang='lat' dir='ltr'>Flaccus</span> <span class='ocrx_word' id='word_1_211' title='bbox 260 2026 341 2088; x_wconf 88' lang='lat' dir='ltr'>libro</span> <span class='ocrx_word' id='word_1_212' title='bbox 360 2033 470 2106; x_wconf 82' lang='lat' dir='ltr'>quarto</span> <span class='ocrx_word' id='word_1_213' title='bbox 493 2035 597 2089; x_wconf 81' lang='lat' dir='ltr'>eontra</span> <span class='ocrx_word' id='word_1_214' title='bbox 613 2026 742 2088; x_wconf 83' lang='lat' dir='ltr'>Felicem</span> <span class='ocrx_word' id='word_1_215' title='bbox 761 2024 883 2107; x_wconf 77' lang='lat' dir='ltr'>Urpelr&#39;-</span> <span class='ocrx_word' id='word_1_216' title='bbox 937 2025 983 2087; x_wconf 87' lang='lat' dir='ltr'>Ita</span> <span class='ocrx_word' id='word_1_217' title='bbox 1005 2027 1089 2088; x_wconf 92' lang='lat' dir='ltr'>enim</span> <span class='ocrx_word' id='word_1_218' title='bbox 1114 2028 1269 2107; x_wconf 87' lang='lat' dir='ltr'>loquitur:</span> <span class='ocrx_word' id='word_1_219' title='bbox 1301 2050 1316 2088; x_wconf 82' lang='lat' dir='ltr'>c</span> <span class='ocrx_word' id='word_1_220' title='bbox 1330 2029 1430 2090; x_wconf 89' lang='lat' dir='ltr'>Homo</span> <span class='ocrx_word' id='word_1_221' title='bbox 1447 2047 1501 2109; x_wconf 88' lang='lat' dir='ltr'>per</span> <span class='ocrx_word' id='word_1_222' title='bbox 1520 2032 1633 2105; x_wconf 86' lang='lat' dir='ltr'>Deum,</span> <span class='ocrx_word' id='word_1_223' title='bbox 1652 2030 1707 2109; x_wconf 88' lang='lat' dir='ltr'>qui</span> 
     </span>
     <span class='ocr_line' id='line_1_19' title="bbox 109 2117 1708 2201; baseline 0.001 -19"><span class='ocrx_word' id='word_1_224' title='bbox 109 2128 230 2195; x_wconf 74' lang='lat' dir='ltr'>tartum,</span> <span class='ocrx_word' id='word_1_225' title='bbox 256 2120 316 2180; x_wconf 86' lang='lat' dir='ltr'>sub</span> <span class='ocrx_word' id='word_1_226' title='bbox 326 2120 463 2182; x_wconf 87' lang='lat' dir='ltr'>initium.</span> <span class='ocrx_word' id='word_1_227' title='bbox 481 2119 539 2193; x_wconf 80' lang='lat' dir='ltr'>Qui</span> <span class='ocrx_word' id='word_1_228' title='bbox 551 2126 582 2181; x_wconf 94' lang='lat' dir='ltr'>et</span> <span class='ocrx_word' id='word_1_229' title='bbox 594 2118 687 2198; x_wconf 88' lang='lat' dir='ltr'>paulo</span> <span class='ocrx_word' id='word_1_230' title='bbox 701 2124 773 2180; x_wconf 89' lang='lat' dir='ltr'>ante</span> <span class='ocrx_word' id='word_1_231' title='bbox 788 2117 882 2179; x_wconf 89' lang='lat' dir='ltr'>finem</span> <span class='ocrx_word' id='word_1_232' title='bbox 937 2136 1011 2180; x_wconf 90' lang='lat' dir='ltr'>eum</span> <span class='ocrx_word' id='word_1_233' title='bbox 1024 2121 1202 2201; x_wconf 79' lang='lat' dir='ltr'>assumpsit,</span> <span class='ocrx_word' id='word_1_234' title='bbox 1213 2121 1310 2182; x_wconf 81' lang='lat' dir='ltr'>taetus</span> <span class='ocrx_word' id='word_1_235' title='bbox 1321 2128 1366 2182; x_wconf 91' lang='lat' dir='ltr'>est</span> <span class='ocrx_word' id='word_1_236' title='bbox 1376 2123 1471 2197; x_wconf 80' lang='lat' dir='ltr'>Deus3</span> <span class='ocrx_word' id='word_1_237' title='bbox 1488 2140 1553 2182; x_wconf 89' lang='lat' dir='ltr'>nou</span> <span class='ocrx_word' id='word_1_238' title='bbox 1564 2123 1644 2182; x_wconf 86' lang='lat' dir='ltr'>Deus</span> <span class='ocrx_word' id='word_1_239' title='bbox 1651 2140 1708 2199; x_wconf 87' lang='lat' dir='ltr'>per</span> 
     </span>
     <span class='ocr_line' id='line_1_20' title="bbox 109 2210 1738 2293; baseline 0.001 -21"><span class='ocrx_word' id='word_1_240' title='bbox 109 2213 251 2292; x_wconf 72' lang='lat' dir='ltr'>epistole</span> <span class='ocrx_word' id='word_1_241' title='bbox 275 2210 316 2273; x_wconf 82' lang='lat' dir='ltr'>od</span> <span class='ocrx_word' id='word_1_242' title='bbox 339 2210 540 2293; x_wconf 62' lang='lat' dir='ltr'>dependam,</span> <span class='ocrx_word' id='word_1_243' title='bbox 575 2232 590 2269; x_wconf 83' lang='lat' dir='ltr'>a</span> <span class='ocrx_word' id='word_1_244' title='bbox 622 2212 657 2271; x_wconf 85' lang='lat' dir='ltr'>Si</span> <span class='ocrx_word' id='word_1_245' title='bbox 681 2212 763 2271; x_wconf 88' lang='lat' dir='ltr'>Deus</span> <span class='ocrx_word' id='word_1_246' title='bbox 789 2210 884 2271; x_wconf 90' lang='lat' dir='ltr'>homo</span> <span class='ocrx_word' id='word_1_247' title='bbox 936 2211 1107 2286; x_wconf 88' lang='lat' dir='ltr'>hominem,</span> <span class='ocrx_word' id='word_1_248' title='bbox 1125 2231 1219 2292; x_wconf 89' lang='lat' dir='ltr'>quem</span> <span class='ocrx_word' id='word_1_249' title='bbox 1227 2214 1404 2293; x_wconf 88' lang='lat' dir='ltr'>assumpsit,</span> <span class='ocrx_word' id='word_1_250' title='bbox 1415 2214 1514 2275; x_wconf 84' lang='lat' dir='ltr'>factus</span> <span class='ocrx_word' id='word_1_251' title='bbox 1523 2213 1738 2277; x_wconf 52' lang='lat' dir='ltr'>esthemo?</span> 
     </span>
     <span class='ocr_line' id='line_1_21' title="bbox 107 2302 1705 2386; baseline 0.002 -21"><span class='ocrx_word' id='word_1_252' title='bbox 107 2303 214 2365; x_wconf 81' lang='lat' dir='ltr'>laetus</span> <span class='ocrx_word' id='word_1_253' title='bbox 235 2311 293 2378; x_wconf 88' lang='lat' dir='ltr'>est,</span> <span class='ocrx_word' id='word_1_254' title='bbox 316 2304 429 2383; x_wconf 89' lang='lat' dir='ltr'>inquit,</span> <span class='ocrx_word' id='word_1_255' title='bbox 451 2303 560 2383; x_wconf 88' lang='lat' dir='ltr'>utique</span> <span class='ocrx_word' id='word_1_256' title='bbox 579 2303 675 2363; x_wconf 92' lang='lat' dir='ltr'>homo</span> <span class='ocrx_word' id='word_1_257' title='bbox 695 2304 776 2363; x_wconf 86' lang='lat' dir='ltr'>Deus</span> <span class='ocrx_word' id='word_1_258' title='bbox 788 2302 885 2363; x_wconf 86' lang='lat' dir='ltr'>factus</span> <span class='ocrx_word' id='word_1_259' title='bbox 937 2303 1056 2381; x_wconf 80' lang='lat' dir='ltr'>Negare</span> <span class='ocrx_word' id='word_1_260' title='bbox 1069 2304 1208 2377; x_wconf 82' lang='lat' dir='ltr'>videtur,</span> <span class='ocrx_word' id='word_1_261' title='bbox 1223 2304 1318 2366; x_wconf 84' lang='lat' dir='ltr'>Deum</span> <span class='ocrx_word' id='word_1_262' title='bbox 1333 2303 1446 2386; x_wconf 76' lang='lat' dir='ltr'>suetum</span> <span class='ocrx_word' id='word_1_263' title='bbox 1460 2324 1517 2369; x_wconf 81' lang='lat' dir='ltr'>ease</span> <span class='ocrx_word' id='word_1_264' title='bbox 1536 2305 1705 2383; x_wconf 80' lang='lat' dir='ltr'>lomz‘nem3</span> 
     </span>
     <span class='ocr_line' id='line_1_22' title="bbox 108 2396 1707 2479; baseline 0.001 -21"><span class='ocrx_word' id='word_1_265' title='bbox 108 2401 178 2472; x_wconf 78' lang='lat' dir='ltr'>cst,</span> <span class='ocrx_word' id='word_1_266' title='bbox 205 2403 333 2476; x_wconf 91' lang='lat' dir='ltr'>propter</span> <span class='ocrx_word' id='word_1_267' title='bbox 364 2397 515 2456; x_wconf 85' lang='lat' dir='ltr'>unitatem</span> <span class='ocrx_word' id='word_1_268' title='bbox 546 2412 696 2476; x_wconf 70' lang='lat' dir='ltr'>personae.</span> <span class='ocrx_word' id='word_1_269' title='bbox 723 2416 738 2452; x_wconf 81' lang='lat' dir='ltr'>o</span> <span class='ocrx_word' id='word_1_270' title='bbox 765 2396 886 2456; x_wconf 85' lang='lat' dir='ltr'>Rursus</span> <span class='ocrx_word' id='word_1_271' title='bbox 937 2412 1008 2456; x_wconf 89' lang='lat' dir='ltr'>cum</span> <span class='ocrx_word' id='word_1_272' title='bbox 1026 2396 1159 2457; x_wconf 87' lang='lat' dir='ltr'>alterum</span> <span class='ocrx_word' id='word_1_273' title='bbox 1181 2397 1330 2472; x_wconf 73' lang='lat' dir='ltr'>fateatur,</span> <span class='ocrx_word' id='word_1_274' title='bbox 1353 2396 1498 2459; x_wconf 79' lang='lat' dir='ltr'>hominem</span> <span class='ocrx_word' id='word_1_275' title='bbox 1517 2416 1573 2459; x_wconf 82' lang='lat' dir='ltr'>esse</span> <span class='ocrx_word' id='word_1_276' title='bbox 1591 2398 1707 2479; x_wconf 70' lang='lat' dir='ltr'>suetum</span> 
     </span>
     <span class='ocr_line' id='line_1_23' title="bbox 109 2485 1708 2566; baseline -0.001 -14"><span class='ocrx_word' id='word_1_277' title='bbox 109 2490 308 2564; x_wconf 71' lang='lat' dir='ltr'>Augustinus</span> <span class='ocrx_word' id='word_1_278' title='bbox 329 2488 414 2550; x_wconf 90' lang='lat' dir='ltr'>idem</span> <span class='ocrx_word' id='word_1_279' title='bbox 440 2487 501 2549; x_wconf 92' lang='lat' dir='ltr'>alio</span> <span class='ocrx_word' id='word_1_280' title='bbox 526 2487 559 2548; x_wconf 90' lang='lat' dir='ltr'>in</span> <span class='ocrx_word' id='word_1_281' title='bbox 584 2488 652 2548; x_wconf 85' lang='lat' dir='ltr'>loeo</span> <span class='ocrx_word' id='word_1_282' title='bbox 680 2487 802 2566; x_wconf 89' lang='lat' dir='ltr'>plenius</span> <span class='ocrx_word' id='word_1_283' title='bbox 828 2490 887 2549; x_wconf 87' lang='lat' dir='ltr'>hoc</span> <span class='ocrx_word' id='word_1_284' title='bbox 937 2485 1183 2561; x_wconf 53' lang='lat' dir='ltr'>neumarum</span> <span class='ocrx_word' id='word_1_285' title='bbox 1193 2488 1400 2550; x_wconf 88' lang='lat' dir='ltr'>absolutohoe</span> <span class='ocrx_word' id='word_1_286' title='bbox 1414 2489 1708 2551; x_wconf 79' lang='lat' dir='ltr'>inficiaturzverum</span> 
     </span>
     <span class='ocr_line' id='line_1_24' title="bbox 108 2578 1709 2662; baseline 0.001 -20"><span class='ocrx_word' id='word_1_287' title='bbox 108 2582 217 2662; x_wconf 86' lang='lat' dir='ltr'>ipsum</span> <span class='ocrx_word' id='word_1_288' title='bbox 224 2580 571 2660; x_wconf 83' lang='lat' dir='ltr'>explicans,utrumque</span> <span class='ocrx_word' id='word_1_289' title='bbox 578 2578 762 2655; x_wconf 84' lang='lat' dir='ltr'>defendit,et</span> <span class='ocrx_word' id='word_1_290' title='bbox 773 2579 886 2640; x_wconf 86' lang='lat' dir='ltr'>Filium</span> <span class='ocrx_word' id='word_1_291' title='bbox 937 2584 1065 2639; x_wconf 87' lang='lat' dir='ltr'>eatenus</span> <span class='ocrx_word' id='word_1_292' title='bbox 1086 2585 1223 2653; x_wconf 76' lang='lat' dir='ltr'>tanturm,</span> <span class='ocrx_word' id='word_1_293' title='bbox 1245 2586 1281 2641; x_wconf 90' lang='lat' dir='ltr'>ut</span> <span class='ocrx_word' id='word_1_294' title='bbox 1298 2581 1330 2641; x_wconf 92' lang='lat' dir='ltr'>id</span> <span class='ocrx_word' id='word_1_295' title='bbox 1344 2582 1526 2661; x_wconf 85' lang='lat' dir='ltr'>neutiquam</span> <span class='ocrx_word' id='word_1_296' title='bbox 1540 2600 1596 2661; x_wconf 89' lang='lat' dir='ltr'>per</span> <span class='ocrx_word' id='word_1_297' title='bbox 1609 2582 1709 2643; x_wconf 89' lang='lat' dir='ltr'>homi·</span> 
     </span>
     <span class='ocr_line' id='line_1_25' title="bbox 109 2671 1705 2753; baseline 0 -18"><span class='ocrx_word' id='word_1_298' title='bbox 109 2674 171 2736; x_wconf 85' lang='lat' dir='ltr'>Dei</span> <span class='ocrx_word' id='word_1_299' title='bbox 192 2674 308 2735; x_wconf 83' lang='lat' dir='ltr'>iactum</span> <span class='ocrx_word' id='word_1_300' title='bbox 331 2691 398 2735; x_wconf 88' lang='lat' dir='ltr'>esse</span> <span class='ocrx_word' id='word_1_301' title='bbox 420 2672 521 2733; x_wconf 85' lang='lat' dir='ltr'>lilium</span> <span class='ocrx_word' id='word_1_302' title='bbox 546 2671 701 2748; x_wconf 84' lang='lat' dir='ltr'>hominis,</span> <span class='ocrx_word' id='word_1_303' title='bbox 729 2677 760 2733; x_wconf 87' lang='lat' dir='ltr'>et</span> <span class='ocrx_word' id='word_1_304' title='bbox 785 2672 885 2733; x_wconf 88' lang='lat' dir='ltr'>filium</span> <span class='ocrx_word' id='word_1_305' title='bbox 937 2671 1209 2751; x_wconf 81' lang='lat' dir='ltr'>nomadeptussit3</span> <span class='ocrx_word' id='word_1_306' title='bbox 1222 2673 1363 2753; x_wconf 88' lang='lat' dir='ltr'>sicutper</span> <span class='ocrx_word' id='word_1_307' title='bbox 1372 2674 1471 2734; x_wconf 91' lang='lat' dir='ltr'>Deum</span> <span class='ocrx_word' id='word_1_308' title='bbox 1481 2674 1575 2734; x_wconf 90' lang='lat' dir='ltr'>homo</span> <span class='ocrx_word' id='word_1_309' title='bbox 1587 2673 1705 2752; x_wconf 85' lang='lat' dir='ltr'>hebuit,</span> 
     </span>
     <span class='ocr_line' id='line_1_26' title="bbox 107 2763 1708 2842; baseline -0.001 -14"><span class='ocrx_word' id='word_1_310' title='bbox 107 2766 250 2829; x_wconf 84' lang='lat' dir='ltr'>hominis</span> <span class='ocrx_word' id='word_1_311' title='bbox 264 2784 330 2827; x_wconf 80' lang='lat' dir='ltr'>esse</span> <span class='ocrx_word' id='word_1_312' title='bbox 350 2765 466 2827; x_wconf 86' lang='lat' dir='ltr'>iactum</span> <span class='ocrx_word' id='word_1_313' title='bbox 476 2765 535 2825; x_wconf 85' lang='lat' dir='ltr'>Dei</span> <span class='ocrx_word' id='word_1_314' title='bbox 548 2764 677 2839; x_wconf 85' lang='lat' dir='ltr'>Filium;</span> <span class='ocrx_word' id='word_1_315' title='bbox 693 2768 786 2842; x_wconf 88' lang='lat' dir='ltr'>atque</span> <span class='ocrx_word' id='word_1_316' title='bbox 799 2764 887 2824; x_wconf 84' lang='lat' dir='ltr'>aliter</span> <span class='ocrx_word' id='word_1_317' title='bbox 937 2768 973 2823; x_wconf 90' lang='lat' dir='ltr'>ut</span> <span class='ocrx_word' id='word_1_318' title='bbox 989 2763 1078 2823; x_wconf 87' lang='lat' dir='ltr'>fieret</span> <span class='ocrx_word' id='word_1_319' title='bbox 1095 2765 1186 2825; x_wconf 85' lang='lat' dir='ltr'>Deus.</span> <span class='ocrx_word' id='word_1_320' title='bbox 1209 2764 1298 2837; x_wconf 82' lang='lat' dir='ltr'>Quod</span> <span class='ocrx_word' id='word_1_321' title='bbox 1316 2782 1354 2825; x_wconf 92' lang='lat' dir='ltr'>eo</span> <span class='ocrx_word' id='word_1_322' title='bbox 1378 2765 1469 2841; x_wconf 87' lang='lat' dir='ltr'>dicit,</span> <span class='ocrx_word' id='word_1_323' title='bbox 1491 2771 1527 2825; x_wconf 90' lang='lat' dir='ltr'>ut</span> <span class='ocrx_word' id='word_1_324' title='bbox 1547 2765 1656 2825; x_wconf 85' lang='lat' dir='ltr'>doceat</span> <span class='ocrx_word' id='word_1_325' title='bbox 1669 2784 1708 2826; x_wconf 87' lang='lat' dir='ltr'>ex</span> 
     </span>
     <span class='ocr_line' id='line_1_27' title="bbox 108 2854 1708 2935; baseline -0.001 -16"><span class='ocrx_word' id='word_1_326' title='bbox 108 2859 282 2919; x_wconf 84' lang='lat' dir='ltr'>sentientes</span> <span class='ocrx_word' id='word_1_327' title='bbox 290 2857 418 2920; x_wconf 89' lang='lat' dir='ltr'>reiellit:</span> <span class='ocrx_word' id='word_1_328' title='bbox 432 2879 444 2914; x_wconf 79' lang='lat' dir='ltr'>a</span> <span class='ocrx_word' id='word_1_329' title='bbox 456 2858 526 2917; x_wconf 90' lang='lat' dir='ltr'>Non</span> <span class='ocrx_word' id='word_1_330' title='bbox 537 2872 610 2932; x_wconf 81' lang='lat' dir='ltr'>crgo</span> <span class='ocrx_word' id='word_1_331' title='bbox 625 2854 713 2916; x_wconf 82' lang='lat' dir='ltr'>vobis</span> <span class='ocrx_word' id='word_1_332' title='bbox 727 2855 884 2935; x_wconf 84' lang='lat' dir='ltr'>subrepet,</span> <span class='ocrx_word' id='word_1_333' title='bbox 937 2856 992 2915; x_wconf 85' lang='lat' dir='ltr'>Dei</span> <span class='ocrx_word' id='word_1_334' title='bbox 1005 2855 1175 2928; x_wconf 82' lang='lat' dir='ltr'>voluntate,</span> <span class='ocrx_word' id='word_1_335' title='bbox 1191 2862 1222 2916; x_wconf 90' lang='lat' dir='ltr'>et</span> <span class='ocrx_word' id='word_1_336' title='bbox 1239 2855 1368 2917; x_wconf 84' lang='lat' dir='ltr'>arbitrio</span> <span class='ocrx_word' id='word_1_337' title='bbox 1381 2874 1449 2917; x_wconf 87' lang='lat' dir='ltr'>rem</span> <span class='ocrx_word' id='word_1_338' title='bbox 1463 2856 1708 2918; x_wconf 84' lang='lat' dir='ltr'>administratam</span> 
     </span>
     <span class='ocr_line' id='line_1_28' title="bbox 108 2946 1707 3029; baseline 0 -19"><span class='ocrx_word' id='word_1_339' title='bbox 108 2949 241 3028; x_wconf 82' lang='lat' dir='ltr'>inquit¹,</span> <span class='ocrx_word' id='word_1_340' title='bbox 261 2950 469 3029; x_wconf 88' lang='lat' dir='ltr'>quorumdam</span> <span class='ocrx_word' id='word_1_341' title='bbox 492 2948 645 3009; x_wconf 87' lang='lat' dir='ltr'>sententia</span> <span class='ocrx_word' id='word_1_342' title='bbox 666 2947 773 3008; x_wconf 89' lang='lat' dir='ltr'>minus</span> <span class='ocrx_word' id='word_1_343' title='bbox 786 2954 885 3008; x_wconf 88' lang='lat' dir='ltr'>atten-</span> <span class='ocrx_word' id='word_1_344' title='bbox 936 2946 1048 3007; x_wconf 80' lang='lat' dir='ltr'>brisse:</span> <span class='ocrx_word' id='word_1_345' title='bbox 1077 2948 1132 3026; x_wconf 92' lang='lat' dir='ltr'>qui</span> <span class='ocrx_word' id='word_1_346' title='bbox 1154 2948 1196 3008; x_wconf 90' lang='lat' dir='ltr'>sie</span> <span class='ocrx_word' id='word_1_347' title='bbox 1219 2948 1335 3021; x_wconf 85' lang='lat' dir='ltr'>voluit,</span> <span class='ocrx_word' id='word_1_348' title='bbox 1351 2948 1492 3009; x_wconf 91' lang='lat' dir='ltr'>eamdem</span> <span class='ocrx_word' id='word_1_349' title='bbox 1507 2966 1572 3009; x_wconf 86' lang='lat' dir='ltr'>esse</span> <span class='ocrx_word' id='word_1_350' title='bbox 1587 2954 1707 3010; x_wconf 85' lang='lat' dir='ltr'>naturae</span> 
     </span>
     <span class='ocr_line' id='line_1_29' title="bbox 107 3039 1708 3122; baseline -0.001 -20"><span class='ocrx_word' id='word_1_351' title='bbox 107 3047 220 3103; x_wconf 87' lang='lat' dir='ltr'>torum</span> <span class='ocrx_word' id='word_1_352' title='bbox 235 3043 269 3102; x_wconf 93' lang='lat' dir='ltr'>in</span> <span class='ocrx_word' id='word_1_353' title='bbox 285 3042 428 3122; x_wconf 67' lang='lat' dir='ltr'>regulam</span> <span class='ocrx_word' id='word_1_354' title='bbox 449 3041 539 3113; x_wconf 90' lang='lat' dir='ltr'>iidei,</span> <span class='ocrx_word' id='word_1_355' title='bbox 560 3044 591 3100; x_wconf 89' lang='lat' dir='ltr'>et</span> <span class='ocrx_word' id='word_1_356' title='bbox 607 3039 641 3099; x_wconf 89' lang='lat' dir='ltr'>in</span> <span class='ocrx_word' id='word_1_357' title='bbox 657 3039 887 3119; x_wconf 85' lang='lat' dir='ltr'>Scripturarum</span> <span class='ocrx_word' id='word_1_358' title='bbox 937 3040 1099 3118; x_wconf 83' lang='lat' dir='ltr'>uniusque</span> <span class='ocrx_word' id='word_1_359' title='bbox 1123 3057 1306 3119; x_wconf 90' lang='lat' dir='ltr'>personam,</span> <span class='ocrx_word' id='word_1_360' title='bbox 1322 3059 1386 3102; x_wconf 90' lang='lat' dir='ltr'>non</span> <span class='ocrx_word' id='word_1_361' title='bbox 1401 3039 1615 3102; x_wconf 83' lang='lat' dir='ltr'>substantiam.</span> <span class='ocrx_word' id='word_1_362' title='bbox 1632 3042 1708 3101; x_wconf 89' lang='lat' dir='ltr'>Pau·</span> 
     </span>
     <span class='ocr_line' id='line_1_30' title="bbox 108 3130 1708 3211; baseline -0.001 -15"><span class='ocrx_word' id='word_1_363' title='bbox 108 3134 240 3196; x_wconf 83' lang='lat' dir='ltr'>oraculo</span> <span class='ocrx_word' id='word_1_364' title='bbox 260 3134 447 3196; x_wconf 83' lang='lat' dir='ltr'>divinarum.</span> <span class='ocrx_word' id='word_1_365' title='bbox 476 3133 590 3193; x_wconf 86' lang='lat' dir='ltr'>Dicunt</span> <span class='ocrx_word' id='word_1_366' title='bbox 610 3132 705 3193; x_wconf 89' lang='lat' dir='ltr'>enim.</span> <span class='ocrx_word' id='word_1_367' title='bbox 726 3131 784 3205; x_wconf 80' lang='lat' dir='ltr'>Qui</span> <span class='ocrx_word' id='word_1_368' title='bbox 804 3130 886 3192; x_wconf 86' lang='lat' dir='ltr'>filins</span> <span class='ocrx_word' id='word_1_369' title='bbox 936 3131 1020 3192; x_wconf 84' lang='lat' dir='ltr'>bnus</span> <span class='ocrx_word' id='word_1_370' title='bbox 1046 3130 1271 3211; x_wconf 79' lang='lat' dir='ltr'>Aquileiensis⁸</span> <span class='ocrx_word' id='word_1_371' title='bbox 1304 3154 1319 3190; x_wconf 82' lang='lat' dir='ltr'>c</span> <span class='ocrx_word' id='word_1_372' title='bbox 1347 3133 1516 3196; x_wconf 86' lang='lat' dir='ltr'>exaltatum</span> <span class='ocrx_word' id='word_1_373' title='bbox 1541 3150 1606 3194; x_wconf 87' lang='lat' dir='ltr'>esse</span> <span class='ocrx_word' id='word_1_374' title='bbox 1633 3133 1708 3194; x_wconf 88' lang='lat' dir='ltr'>dicit</span> 
     </span>
     <span class='ocr_line' id='line_1_31' title="bbox 109 3222 1708 3305; baseline -0.003 -15"><span class='ocrx_word' id='word_1_375' title='bbox 109 3233 162 3290; x_wconf 81' lang='lat' dir='ltr'>ost</span> <span class='ocrx_word' id='word_1_376' title='bbox 180 3227 328 3305; x_wconf 87' lang='lat' dir='ltr'>hominis,</span> <span class='ocrx_word' id='word_1_377' title='bbox 352 3226 452 3287; x_wconf 86' lang='lat' dir='ltr'>factus</span> <span class='ocrx_word' id='word_1_378' title='bbox 470 3233 516 3287; x_wconf 88' lang='lat' dir='ltr'>est</span> <span class='ocrx_word' id='word_1_379' title='bbox 539 3225 621 3285; x_wconf 88' lang='lat' dir='ltr'>lilius</span> <span class='ocrx_word' id='word_1_380' title='bbox 641 3224 716 3285; x_wconf 87' lang='lat' dir='ltr'>Dei:</span> <span class='ocrx_word' id='word_1_381' title='bbox 746 3224 800 3302; x_wconf 92' lang='lat' dir='ltr'>qui</span> <span class='ocrx_word' id='word_1_382' title='bbox 813 3241 886 3285; x_wconf 87' lang='lat' dir='ltr'>vero</span> <span class='ocrx_word' id='word_1_383' title='bbox 935 3222 1097 3283; x_wconf 89' lang='lat' dir='ltr'>hominem</span> <span class='ocrx_word' id='word_1_384' title='bbox 1112 3222 1269 3284; x_wconf 83' lang='lat' dir='ltr'>Christum</span> <span class='ocrx_word' id='word_1_385' title='bbox 1284 3224 1394 3287; x_wconf 85' lang='lat' dir='ltr'>lesum</span> <span class='ocrx_word' id='word_1_386' title='bbox 1414 3226 1448 3286; x_wconf 89' lang='lat' dir='ltr'>iu</span> <span class='ocrx_word' id='word_1_387' title='bbox 1472 3225 1581 3302; x_wconf 88' lang='lat' dir='ltr'>Deum,</span> <span class='ocrx_word' id='word_1_388' title='bbox 1608 3225 1651 3286; x_wconf 91' lang='lat' dir='ltr'>ita</span> <span class='ocrx_word' id='word_1_389' title='bbox 1671 3232 1708 3287; x_wconf 89' lang='lat' dir='ltr'>ut</span> 
     </span>
     <span class='ocr_line' id='line_1_32' title="bbox 110 3314 1473 3395; baseline -0.007 -12"><span class='ocrx_word' id='word_1_390' title='bbox 110 3320 213 3383; x_wconf 83' lang='lat' dir='ltr'>Filius</span> <span class='ocrx_word' id='word_1_391' title='bbox 226 3320 293 3395; x_wconf 87' lang='lat' dir='ltr'>Dei,</span> <span class='ocrx_word' id='word_1_392' title='bbox 308 3339 373 3382; x_wconf 92' lang='lat' dir='ltr'>non</span> <span class='ocrx_word' id='word_1_393' title='bbox 387 3325 433 3381; x_wconf 89' lang='lat' dir='ltr'>est</span> <span class='ocrx_word' id='word_1_394' title='bbox 445 3318 543 3379; x_wconf 76' lang='lat' dir='ltr'>hctus</span> <span class='ocrx_word' id='word_1_395' title='bbox 560 3316 643 3377; x_wconf 87' lang='lat' dir='ltr'>lilius</span> <span class='ocrx_word' id='word_1_396' title='bbox 656 3316 801 3378; x_wconf 91' lang='lat' dir='ltr'>hominis.</span> <span class='ocrx_word' id='word_1_397' title='bbox 818 3317 886 3378; x_wconf 91' lang='lat' dir='ltr'>Hoc</span> <span class='ocrx_word' id='word_1_398' title='bbox 936 3332 1018 3374; x_wconf 90' lang='lat' dir='ltr'>unus</span> <span class='ocrx_word' id='word_1_399' title='bbox 1031 3314 1176 3394; x_wconf 91' lang='lat' dir='ltr'>idemque</span> <span class='ocrx_word' id='word_1_400' title='bbox 1190 3315 1229 3374; x_wconf 91' lang='lat' dir='ltr'>sit</span> <span class='ocrx_word' id='word_1_401' title='bbox 1243 3316 1323 3375; x_wconf 88' lang='lat' dir='ltr'>Dens</span> <span class='ocrx_word' id='word_1_402' title='bbox 1336 3315 1442 3376; x_wconf 86' lang='lat' dir='ltr'>homo.</span> <span class='ocrx_word' id='word_1_403' title='bbox 1458 3338 1473 3373; x_wconf 79' lang='lat' dir='ltr'>o</span> 
     </span>
    </p>

    <p class='ocr_par' dir='ltr' id='par_1_4' title="bbox 110 3406 1879 4317">
     <span class='ocr_line' id='line_1_33' title="bbox 110 3406 1831 3492; baseline -0.002 -18"><span class='ocrx_word' id='word_1_404' title='bbox 110 3418 151 3474; x_wconf 87' lang='lat' dir='ltr'>ut</span> <span class='ocrx_word' id='word_1_405' title='bbox 164 3412 313 3489; x_wconf 80' lang='lat' dir='ltr'>dicerent,</span> <span class='ocrx_word' id='word_1_406' title='bbox 328 3412 534 3492; x_wconf 86' lang='lat' dir='ltr'>quodverum</span> <span class='ocrx_word' id='word_1_407' title='bbox 543 3408 818 3484; x_wconf 74' lang='lat' dir='ltr'>estabendcrunt&#39;,</span> <span class='ocrx_word' id='word_1_408' title='bbox 833 3409 886 3469; x_wconf 88' lang='lat' dir='ltr'>sed</span> <span class='ocrx_word' id='word_1_409' title='bbox 978 3406 1019 3466; x_wconf 89' lang='lat' dir='ltr'>Ut</span> <span class='ocrx_word' id='word_1_410' title='bbox 1045 3410 1204 3485; x_wconf 84' lang='lat' dir='ltr'>assumpte</span> <span class='ocrx_word' id='word_1_411' title='bbox 1236 3406 1291 3466; x_wconf 83' lang='lat' dir='ltr'>Dei</span> <span class='ocrx_word' id='word_1_412' title='bbox 1319 3407 1352 3467; x_wconf 90' lang='lat' dir='ltr'>in</span> <span class='ocrx_word' id='word_1_413' title='bbox 1377 3407 1568 3487; x_wconf 86' lang='lat' dir='ltr'>hypostasim</span> <span class='ocrx_word' id='word_1_414' title='bbox 1595 3411 1707 3467; x_wconf 85' lang='lat' dir='ltr'>natura</span> <span class='ocrx_word' id='word_1_415' title='bbox 1779 3426 1831 3471; x_wconf 74' lang='lat' dir='ltr'>trau</span> 
     </span>
     <span class='ocr_line' id='line_1_34' title="bbox 110 3480 1879 3584; baseline -0.003 -18"><span class='ocrx_word' id='word_1_416' title='bbox 110 3522 226 3566; x_wconf 79' lang='lat' dir='ltr'>verum</span> <span class='ocrx_word' id='word_1_417' title='bbox 235 3505 339 3584; x_wconf 88' lang='lat' dir='ltr'>eloqui</span> <span class='ocrx_word' id='word_1_418' title='bbox 352 3501 687 3574; x_wconf 85' lang='lat' dir='ltr'>nonvaluerunt.Quid</span> <span class='ocrx_word' id='word_1_419' title='bbox 696 3501 884 3561; x_wconf 87' lang='lat' dir='ltr'>enimatten·</span> <span class='ocrx_word' id='word_1_420' title='bbox 937 3497 1083 3573; x_wconf 87' lang='lat' dir='ltr'>hominis,</span> <span class='ocrx_word' id='word_1_421' title='bbox 1098 3506 1215 3573; x_wconf 69' lang='grc' dir='ltr'>θεῳθῆναι</span> <span class='ocrx_word' id='word_1_422' title='bbox 1232 3497 1323 3559; x_wconf 88' lang='lat' dir='ltr'>idest</span> <span class='ocrx_word' id='word_1_423' title='bbox 1338 3499 1414 3559; x_wconf 82' lang='lat' dir='ltr'>Deua</span> <span class='ocrx_word' id='word_1_424' title='bbox 1427 3498 1508 3578; x_wconf 78' lang='lat' dir='ltr'>saeta</span> <span class='ocrx_word' id='word_1_425' title='bbox 1522 3498 1648 3574; x_wconf 80' lang='lat' dir='ltr'>dicitur3</span> <span class='ocrx_word' id='word_1_426' title='bbox 1663 3498 1706 3560; x_wconf 88' lang='lat' dir='ltr'>ita</span> <span class='ocrx_word' id='word_1_427' title='bbox 1730 3480 1879 3578; x_wconf 37' lang='lat' dir='ltr'>&amp;3¹3ssss</span> 
     </span>
     <span class='ocr_line' id='line_1_35' title="bbox 111 3587 1850 3677; baseline -0.005 -17"><span class='ocrx_word' id='word_1_428' title='bbox 111 3598 246 3673; x_wconf 80' lang='lat' dir='ltr'>derum,</span> <span class='ocrx_word' id='word_1_429' title='bbox 266 3597 327 3658; x_wconf 89' lang='lat' dir='ltr'>nisi</span> <span class='ocrx_word' id='word_1_430' title='bbox 346 3597 419 3677; x_wconf 89' lang='lat' dir='ltr'>quia</span> <span class='ocrx_word' id='word_1_431' title='bbox 441 3596 581 3657; x_wconf 87' lang='lat' dir='ltr'>humana</span> <span class='ocrx_word' id='word_1_432' title='bbox 601 3600 713 3653; x_wconf 89' lang='lat' dir='ltr'>natura</span> <span class='ocrx_word' id='word_1_433' title='bbox 733 3593 835 3671; x_wconf 89' lang='lat' dir='ltr'>potuit</span> <span class='ocrx_word' id='word_1_434' title='bbox 851 3594 885 3654; x_wconf 90' lang='lat' dir='ltr'>in</span> <span class='ocrx_word' id='word_1_435' title='bbox 937 3594 1091 3668; x_wconf 86' lang='lat' dir='ltr'>quatenus</span> <span class='ocrx_word' id='word_1_436' title='bbox 1105 3587 1231 3649; x_wconf 86' lang='lat' dir='ltr'>eVerbo</span> <span class='ocrx_word' id='word_1_437' title='bbox 1245 3595 1472 3669; x_wconf 83' lang='lat' dir='ltr'>estassumpta,</span> <span class='ocrx_word' id='word_1_438' title='bbox 1485 3589 1707 3672; x_wconf 60' lang='lat' dir='ltr'>tapetiaqhoc</span> <span class='ocrx_word' id='word_1_439' title='bbox 1758 3588 1850 3632; x_wconf 66' lang='lat'>“¹⁰⁸⁰&#39;&#39;-</span> 
     </span>
     <span class='ocr_line' id='line_1_36' title="bbox 111 3681 1706 3764; baseline -0.006 -13"><span class='ocrx_word' id='word_1_440' title='bbox 111 3689 228 3752; x_wconf 88' lang='lat' dir='ltr'>melins</span> <span class='ocrx_word' id='word_1_441' title='bbox 241 3688 443 3764; x_wconf 86' lang='lat' dir='ltr'>commutari,</span> <span class='ocrx_word' id='word_1_442' title='bbox 463 3687 497 3746; x_wconf 90' lang='lat' dir='ltr'>in</span> <span class='ocrx_word' id='word_1_443' title='bbox 512 3686 648 3748; x_wconf 89' lang='lat' dir='ltr'>deterius</span> <span class='ocrx_word' id='word_1_444' title='bbox 660 3690 766 3745; x_wconf 85' lang='lat' dir='ltr'>autem</span> <span class='ocrx_word' id='word_1_445' title='bbox 780 3684 887 3746; x_wconf 82' lang='lat' dir='ltr'>divina</span> <span class='ocrx_word' id='word_1_446' title='bbox 938 3681 1023 3761; x_wconf 91' lang='lat' dir='ltr'>quod</span> <span class='ocrx_word' id='word_1_447' title='bbox 1036 3686 1083 3742; x_wconf 90' lang='lat' dir='ltr'>est</span> <span class='ocrx_word' id='word_1_448' title='bbox 1102 3681 1287 3759; x_wconf 71' lang='lat' dir='ltr'>Verbipiearu‘.</span> <span class='ocrx_word' id='word_1_449' title='bbox 1311 3683 1399 3756; x_wconf 85' lang='lat' dir='ltr'>Quod</span> <span class='ocrx_word' id='word_1_450' title='bbox 1412 3683 1598 3743; x_wconf 79' lang='lat' dir='ltr'>vocabulum</span> <span class='ocrx_word' id='word_1_451' title='bbox 1615 3700 1706 3744; x_wconf 89' lang='lat' dir='ltr'>usur-</span> 
     </span>
     <span class='ocr_line' id='line_1_37' title="bbox 113 3774 1705 3863; baseline -0.006 -21"><span class='ocrx_word' id='word_1_452' title='bbox 113 3799 180 3843; x_wconf 92' lang='lat' dir='ltr'>non</span> <span class='ocrx_word' id='word_1_453' title='bbox 193 3779 318 3862; x_wconf 85' lang='lat' dir='ltr'>potuit?</span> <span class='ocrx_word' id='word_1_454' title='bbox 332 3782 397 3842; x_wconf 87' lang='lat' dir='ltr'>Hoc</span> <span class='ocrx_word' id='word_1_455' title='bbox 409 3797 519 3863; x_wconf 83' lang='lat' dir='ltr'>verum</span> <span class='ocrx_word' id='word_1_456' title='bbox 532 3782 589 3840; x_wconf 88' lang='lat' dir='ltr'>est.</span> <span class='ocrx_word' id='word_1_457' title='bbox 605 3777 665 3841; x_wconf 87' lang='lat' dir='ltr'>Sed</span> <span class='ocrx_word' id='word_1_458' title='bbox 681 3777 774 3837; x_wconf 83' lang='lat' dir='ltr'>etiam</span> <span class='ocrx_word' id='word_1_459' title='bbox 784 3776 838 3849; x_wconf 88' lang='lat' dir='ltr'>sic,</span> <span class='ocrx_word' id='word_1_460' title='bbox 854 3776 887 3837; x_wconf 93' lang='lat' dir='ltr'>id</span> <span class='ocrx_word' id='word_1_461' title='bbox 939 3775 1023 3851; x_wconf 85' lang='lat' dir='ltr'>pavit</span> <span class='ocrx_word' id='word_1_462' title='bbox 1035 3774 1171 3834; x_wconf 86' lang='lat' dir='ltr'>loannes</span> <span class='ocrx_word' id='word_1_463' title='bbox 1191 3776 1415 3843; x_wconf 81' lang='lat' dir='ltr'>Damascenus,</span> <span class='ocrx_word' id='word_1_464' title='bbox 1434 3774 1705 3845; x_wconf 84' lang='lat' dir='ltr'>«Delficationem,</span> 
     </span>
     <span class='ocr_line' id='line_1_38' title="bbox 113 3865 1702 3949; baseline -0.004 -18"><span class='ocrx_word' id='word_1_465' title='bbox 113 3878 163 3933; x_wconf 86' lang='lat' dir='ltr'>est</span> <span class='ocrx_word' id='word_1_466' title='bbox 174 3886 373 3949; x_wconf 86' lang='lat' dir='ltr'>nequaquam</span> <span class='ocrx_word' id='word_1_467' title='bbox 386 3869 421 3929; x_wconf 91' lang='lat' dir='ltr'>in</span> <span class='ocrx_word' id='word_1_468' title='bbox 433 3867 568 3930; x_wconf 87' lang='lat' dir='ltr'>deterius</span> <span class='ocrx_word' id='word_1_469' title='bbox 578 3865 739 3927; x_wconf 87' lang='lat' dir='ltr'>divinitate</span> <span class='ocrx_word' id='word_1_470' title='bbox 753 3869 884 3940; x_wconf 85' lang='lat' dir='ltr'>mutata,</span> <span class='ocrx_word' id='word_1_471' title='bbox 938 3865 1219 3942; x_wconf 86' lang='lat' dir='ltr'>Verbilieationem,</span> <span class='ocrx_word' id='word_1_472' title='bbox 1242 3871 1273 3926; x_wconf 91' lang='lat' dir='ltr'>et</span> <span class='ocrx_word' id='word_1_473' title='bbox 1300 3867 1521 3928; x_wconf 84' lang='lat' dir='ltr'>exaltationem</span> <span class='ocrx_word' id='word_1_474' title='bbox 1550 3867 1702 3927; x_wconf 78' lang='lat' dir='ltr'>earnis⁰o</span> 
     </span>
     <span class='ocr_line' id='line_1_39' title="bbox 114 3957 1707 4038; baseline -0.003 -15"><span class='ocrx_word' id='word_1_475' title='bbox 114 3963 255 4025; x_wconf 83' lang='lat' dir='ltr'>Verbum</span> <span class='ocrx_word' id='word_1_476' title='bbox 268 3968 371 4024; x_wconf 86' lang='lat' dir='ltr'>tamen</span> <span class='ocrx_word' id='word_1_477' title='bbox 385 3958 887 4023; x_wconf 78' lang='lat' dir='ltr'>earofacrumest.»1t10xveram</span> <span class='ocrx_word' id='word_1_478' title='bbox 938 3957 1110 4038; x_wconf 84' lang='lat' dir='ltr'>appellans.</span> <span class='ocrx_word' id='word_1_479' title='bbox 1140 3958 1220 4019; x_wconf 88' lang='lat' dir='ltr'>Usus</span> <span class='ocrx_word' id='word_1_480' title='bbox 1245 3963 1291 4018; x_wconf 89' lang='lat' dir='ltr'>est</span> <span class='ocrx_word' id='word_1_481' title='bbox 1315 3966 1347 4018; x_wconf 88' lang='lat' dir='ltr'>et</span> <span class='ocrx_word' id='word_1_482' title='bbox 1372 3958 1571 4034; x_wconf 84' lang='lat' dir='ltr'>Athanasius,</span> <span class='ocrx_word' id='word_1_483' title='bbox 1589 3958 1643 4019; x_wconf 88' lang='lat' dir='ltr'>sed</span> <span class='ocrx_word' id='word_1_484' title='bbox 1668 3957 1707 4019; x_wconf 92' lang='lat' dir='ltr'>de</span> 
     </span>
     <span class='ocr_line' id='line_1_40' title="bbox 113 4048 1708 4133; baseline -0.004 -15"><span class='ocrx_word' id='word_1_485' title='bbox 113 4055 176 4118; x_wconf 86' lang='lat' dir='ltr'>illis</span> <span class='ocrx_word' id='word_1_486' title='bbox 190 4056 265 4118; x_wconf 85' lang='lat' dir='ltr'>tidei</span> <span class='ocrx_word' id='word_1_487' title='bbox 275 4054 413 4130; x_wconf 79' lang='lat' dir='ltr'>regulam</span> <span class='ocrx_word' id='word_1_488' title='bbox 427 4053 567 4133; x_wconf 87' lang='lat' dir='ltr'>opponit.</span> <span class='ocrx_word' id='word_1_489' title='bbox 585 4073 600 4110; x_wconf 86' lang='lat'>«</span> <span class='ocrx_word' id='word_1_490' title='bbox 616 4050 691 4124; x_wconf 88' lang='lat' dir='ltr'>Quis</span> <span class='ocrx_word' id='word_1_491' title='bbox 704 4050 789 4111; x_wconf 90' lang='lat' dir='ltr'>enim</span> <span class='ocrx_word' id='word_1_492' title='bbox 800 4049 887 4110; x_wconf 88' lang='lat' dir='ltr'>Chri·</span> <span class='ocrx_word' id='word_1_493' title='bbox 938 4048 1096 4110; x_wconf 88' lang='lat' dir='ltr'>eommuni</span> <span class='ocrx_word' id='word_1_494' title='bbox 1111 4048 1276 4110; x_wconf 90' lang='lat' dir='ltr'>hominum</span> <span class='ocrx_word' id='word_1_495' title='bbox 1301 4055 1413 4109; x_wconf 85' lang='lat' dir='ltr'>natura</span> <span class='ocrx_word' id='word_1_496' title='bbox 1438 4048 1581 4129; x_wconf 85' lang='lat' dir='ltr'>loquens,</span> <span class='ocrx_word' id='word_1_497' title='bbox 1611 4067 1708 4129; x_wconf 84' lang='lat' dir='ltr'>quam</span> 
     </span>
     <span class='ocr_line' id='line_1_41' title="bbox 115 4139 1705 4235; baseline -0.007 -23"><span class='ocrx_word' id='word_1_498' title='bbox 115 4150 237 4212; x_wconf 84' lang='lat' dir='ltr'>stionus</span> <span class='ocrx_word' id='word_1_499' title='bbox 260 4151 368 4226; x_wconf 78' lang='lat' dir='ltr'>neget,</span> <span class='ocrx_word' id='word_1_500' title='bbox 384 4165 424 4208; x_wconf 82' lang='lat' dir='ltr'>ex</span> <span class='ocrx_word' id='word_1_501' title='bbox 441 4146 494 4206; x_wconf 89' lang='lat' dir='ltr'>illa</span> <span class='ocrx_word' id='word_1_502' title='bbox 506 4144 622 4206; x_wconf 84' lang='lat' dir='ltr'>femina</span> <span class='ocrx_word' id='word_1_503' title='bbox 638 4142 739 4203; x_wconf 90' lang='lat' dir='ltr'>filium</span> <span class='ocrx_word' id='word_1_504' title='bbox 752 4142 888 4202; x_wconf 90' lang='lat' dir='ltr'>hominis</span> <span class='ocrx_word' id='word_1_505' title='bbox 939 4141 1085 4202; x_wconf 81' lang='lat' dir='ltr'>obverbi</span> <span class='ocrx_word' id='word_1_506' title='bbox 1098 4141 1338 4220; x_wconf 89' lang='lat' dir='ltr'>copulationem,</span> <span class='ocrx_word' id='word_1_507' title='bbox 1350 4142 1394 4201; x_wconf 86' lang='lat' dir='ltr'>ait</span> <span class='ocrx_word' id='word_1_508' title='bbox 1407 4158 1472 4202; x_wconf 86' lang='lat' dir='ltr'>esse</span> <span class='ocrx_word' id='word_1_509' title='bbox 1488 4139 1705 4235; x_wconf 62' lang='lat' dir='ltr'>lferdifieetom,</span> 
     </span>
     <span class='ocr_line' id='line_1_42' title="bbox 113 4231 1495 4317; baseline -0.007 -13"><span class='ocrx_word' id='word_1_510' title='bbox 113 4246 248 4313; x_wconf 87' lang='lat' dir='ltr'>natum,</span> <span class='ocrx_word' id='word_1_511' title='bbox 264 4242 317 4302; x_wconf 87' lang='lat' dir='ltr'>sed</span> <span class='ocrx_word' id='word_1_512' title='bbox 330 4246 438 4301; x_wconf 87' lang='lat' dir='ltr'>tamen</span> <span class='ocrx_word' id='word_1_513' title='bbox 452 4240 550 4299; x_wconf 86' lang='lat' dir='ltr'>Deum</span> <span class='ocrx_word' id='word_1_514' title='bbox 571 4236 733 4297; x_wconf 89' lang='lat' dir='ltr'>hominem</span> <span class='ocrx_word' id='word_1_515' title='bbox 754 4234 884 4317; x_wconf 83' lang='lat' dir='ltr'>facturn,</span> <span class='ocrx_word' id='word_1_516' title='bbox 939 4238 1104 4314; x_wconf 85' lang='lat' dir='ltr'>postquam</span> <span class='ocrx_word' id='word_1_517' title='bbox 1118 4233 1272 4312; x_wconf 86' lang='lat' dir='ltr'>Baptismo</span> <span class='ocrx_word' id='word_1_518' title='bbox 1286 4237 1332 4293; x_wconf 90' lang='lat' dir='ltr'>est</span> <span class='ocrx_word' id='word_1_519' title='bbox 1344 4231 1495 4294; x_wconf 69' lang='lat' dir='ltr'>initiant.</span> 
     </span>
    </p>

    <p class='ocr_par' dir='ltr' id='par_1_5' title="bbox 114 4324 1711 5052">
     <span class='ocr_line' id='line_1_43' title="bbox 114 4324 1708 4406; baseline -0.006 -9"><span class='ocrx_word' id='word_1_520' title='bbox 114 4341 146 4398; x_wconf 86' lang='lat' dir='ltr'>et</span> <span class='ocrx_word' id='word_1_521' title='bbox 165 4335 211 4396; x_wconf 88' lang='lat' dir='ltr'>ita</span> <span class='ocrx_word' id='word_1_522' title='bbox 230 4333 392 4395; x_wconf 87' lang='lat' dir='ltr'>hominem</span> <span class='ocrx_word' id='word_1_523' title='bbox 417 4334 517 4392; x_wconf 89' lang='lat' dir='ltr'>Deum</span> <span class='ocrx_word' id='word_1_524' title='bbox 543 4328 722 4390; x_wconf 67' lang='lat' dir='ltr'>naumis</span> <span class='ocrx_word' id='word_1_525' title='bbox 753 4327 835 4406; x_wconf 77' lang='lat' dir='ltr'>Ergo</span> <span class='ocrx_word' id='word_1_526' title='bbox 858 4330 889 4387; x_wconf 91' lang='lat' dir='ltr'>et</span> <span class='ocrx_word' id='word_1_527' title='bbox 979 4325 1146 4404; x_wconf 81' lang='lat' dir='ltr'>Gregorius</span> <span class='ocrx_word' id='word_1_528' title='bbox 1178 4327 1337 4404; x_wconf 85' lang='lat' dir='ltr'>Nyssenus</span> <span class='ocrx_word' id='word_1_529' title='bbox 1369 4326 1511 4387; x_wconf 87' lang='lat' dir='ltr'>eamdem</span> <span class='ocrx_word' id='word_1_530' title='bbox 1547 4324 1708 4388; x_wconf 87' lang='lat' dir='ltr'>notionem</span> 
     </span>
     <span class='ocr_line' id='line_1_44' title="bbox 114 4416 1707 4499; baseline -0.005 -11"><span class='ocrx_word' id='word_1_531' title='bbox 114 4427 213 4489; x_wconf 91' lang='lat' dir='ltr'>bomo</span> <span class='ocrx_word' id='word_1_532' title='bbox 225 4426 324 4486; x_wconf 85' lang='lat' dir='ltr'>iactus</span> <span class='ocrx_word' id='word_1_533' title='bbox 338 4426 420 4486; x_wconf 81' lang='lat' dir='ltr'>ileos</span> <span class='ocrx_word' id='word_1_534' title='bbox 432 4422 560 4494; x_wconf 89' lang='lat' dir='ltr'>dieitur,</span> <span class='ocrx_word' id='word_1_535' title='bbox 578 4424 609 4481; x_wconf 91' lang='lat' dir='ltr'>et</span> <span class='ocrx_word' id='word_1_536' title='bbox 622 4418 706 4499; x_wconf 90' lang='lat' dir='ltr'>quod</span> <span class='ocrx_word' id='word_1_537' title='bbox 724 4417 808 4478; x_wconf 90' lang='lat' dir='ltr'>idem</span> <span class='ocrx_word' id='word_1_538' title='bbox 826 4422 887 4496; x_wconf 81' lang='lat' dir='ltr'>est,</span> <span class='ocrx_word' id='word_1_539' title='bbox 939 4417 1030 4492; x_wconf 89' lang='lat' dir='ltr'>miro,</span> <span class='ocrx_word' id='word_1_540' title='bbox 1047 4423 1078 4478; x_wconf 89' lang='lat' dir='ltr'>et</span> <span class='ocrx_word' id='word_1_541' title='bbox 1090 4417 1237 4478; x_wconf 88' lang='lat' dir='ltr'>inusitato</span> <span class='ocrx_word' id='word_1_542' title='bbox 1251 4417 1349 4492; x_wconf 77' lang='lat' dir='ltr'>magis</span> <span class='ocrx_word' id='word_1_543' title='bbox 1362 4416 1512 4496; x_wconf 89' lang='lat' dir='ltr'>loquendi</span> <span class='ocrx_word' id='word_1_544' title='bbox 1527 4434 1640 4494; x_wconf 80' lang='lat' dir='ltr'>genere</span> <span class='ocrx_word' id='word_1_545' title='bbox 1653 4417 1707 4480; x_wconf 91' lang='lat' dir='ltr'>de·</span> 
     </span>
     <span class='ocr_line' id='line_1_45' title="bbox 116 4509 1708 4590; baseline -0.005 -10"><span class='ocrx_word' id='word_1_546' title='bbox 116 4520 150 4580; x_wconf 92' lang='lat' dir='ltr'>in</span> <span class='ocrx_word' id='word_1_547' title='bbox 173 4518 289 4579; x_wconf 87' lang='lat' dir='ltr'>melius</span> <span class='ocrx_word' id='word_1_548' title='bbox 315 4518 533 4578; x_wconf 87' lang='lat' dir='ltr'>commutatus.</span> <span class='ocrx_word' id='word_1_549' title='bbox 559 4511 648 4586; x_wconf 82' lang='lat' dir='ltr'>Quod</span> <span class='ocrx_word' id='word_1_550' title='bbox 674 4509 826 4590; x_wconf 89' lang='lat' dir='ltr'>posterius</span> <span class='ocrx_word' id='word_1_551' title='bbox 854 4509 889 4570; x_wconf 90' lang='lat' dir='ltr'>in</span> <span class='ocrx_word' id='word_1_552' title='bbox 939 4510 1046 4586; x_wconf 87' lang='lat' dir='ltr'>clarat,</span> <span class='ocrx_word' id='word_1_553' title='bbox 1066 4526 1138 4569; x_wconf 91' lang='lat' dir='ltr'>cum</span> <span class='ocrx_word' id='word_1_554' title='bbox 1160 4509 1202 4570; x_wconf 87' lang='lat' dir='ltr'>sic</span> <span class='ocrx_word' id='word_1_555' title='bbox 1216 4509 1341 4569; x_wconf 87' lang='lat' dir='ltr'>scribit:</span> <span class='ocrx_word' id='word_1_556' title='bbox 1372 4509 1552 4585; x_wconf 77' lang='lat' dir='ltr'>«Verbum,</span> <span class='ocrx_word' id='word_1_557' title='bbox 1568 4510 1652 4589; x_wconf 88' lang='lat' dir='ltr'>quod</span> <span class='ocrx_word' id='word_1_558' title='bbox 1675 4511 1708 4573; x_wconf 87' lang='lat' dir='ltr'>in</span> 
     </span>
     <span class='ocr_line' id='line_1_46' title="bbox 116 4600 1709 4681; baseline -0.005 -9"><span class='ocrx_word' id='word_1_559' title='bbox 116 4614 251 4671; x_wconf 81' lang='lat' dir='ltr'>tractatu</span> <span class='ocrx_word' id='word_1_560' title='bbox 269 4609 311 4670; x_wconf 83' lang='lat' dir='ltr'>ed</span> <span class='ocrx_word' id='word_1_561' title='bbox 327 4607 484 4670; x_wconf 82' lang='lat' dir='ltr'>Paelmcm</span> <span class='ocrx_word' id='word_1_562' title='bbox 504 4620 598 4665; x_wconf 83' lang='lat' dir='ltr'>rxxrv</span> <span class='ocrx_word' id='word_1_563' title='bbox 612 4601 757 4663; x_wconf 82' lang='lat' dir='ltr'>declarat.</span> <span class='ocrx_word' id='word_1_564' title='bbox 790 4622 806 4659; x_wconf 80' lang='lat' dir='ltr'>u</span> <span class='ocrx_word' id='word_1_565' title='bbox 825 4601 888 4661; x_wconf 87' lang='lat' dir='ltr'>llo·</span> <span class='ocrx_word' id='word_1_566' title='bbox 939 4618 1032 4662; x_wconf 89' lang='lat' dir='ltr'>carue</span> <span class='ocrx_word' id='word_1_567' title='bbox 1042 4600 1196 4681; x_wconf 84' lang='lat' dir='ltr'>apparuit,</span> <span class='ocrx_word' id='word_1_568' title='bbox 1206 4600 1288 4661; x_wconf 92' lang='lat' dir='ltr'>idem</span> <span class='ocrx_word' id='word_1_569' title='bbox 1302 4618 1367 4662; x_wconf 88' lang='lat' dir='ltr'>esse</span> <span class='ocrx_word' id='word_1_570' title='bbox 1381 4617 1454 4662; x_wconf 91' lang='lat' dir='ltr'>cum</span> <span class='ocrx_word' id='word_1_571' title='bbox 1465 4604 1513 4677; x_wconf 79' lang='lat' dir='ltr'>co,</span> <span class='ocrx_word' id='word_1_572' title='bbox 1528 4602 1613 4681; x_wconf 92' lang='lat' dir='ltr'>quod</span> <span class='ocrx_word' id='word_1_573' title='bbox 1624 4603 1709 4681; x_wconf 89' lang='lat' dir='ltr'>apud</span> 
     </span>
     <span class='ocr_line' id='line_1_47' title="bbox 116 4694 1710 4782; baseline -0.004 -17"><span class='ocrx_word' id='word_1_574' title='bbox 116 4702 221 4778; x_wconf 89' lang='lat' dir='ltr'>mine,</span> <span class='ocrx_word' id='word_1_575' title='bbox 234 4702 353 4782; x_wconf 86' lang='lat' dir='ltr'>inquit,</span> <span class='ocrx_word' id='word_1_576' title='bbox 367 4695 687 4776; x_wconf 85' lang='lat' dir='ltr'>assumpto,ipsenon</span> <span class='ocrx_word' id='word_1_577' title='bbox 701 4698 885 4772; x_wconf 88' lang='lat' dir='ltr'>assumptus,</span> <span class='ocrx_word' id='word_1_578' title='bbox 938 4694 1041 4754; x_wconf 91' lang='lat' dir='ltr'>Deum</span> <span class='ocrx_word' id='word_1_579' title='bbox 1054 4699 1118 4754; x_wconf 88' lang='lat' dir='ltr'>est:</span> <span class='ocrx_word' id='word_1_580' title='bbox 1143 4709 1270 4754; x_wconf 87' lang='lat' dir='ltr'>earnem</span> <span class='ocrx_word' id='word_1_581' title='bbox 1297 4711 1458 4755; x_wconf 85' lang='lat' dir='ltr'>veronen</span> <span class='ocrx_word' id='word_1_582' title='bbox 1481 4695 1625 4756; x_wconf 88' lang='lat' dir='ltr'>eamdem</span> <span class='ocrx_word' id='word_1_583' title='bbox 1644 4713 1710 4758; x_wconf 83' lang='lat' dir='ltr'>esso</span> 
     </span>
     <span class='ocr_line' id='line_1_48' title="bbox 116 4784 1711 4868; baseline -0.003 -13"><span class='ocrx_word' id='word_1_584' title='bbox 116 4794 246 4856; x_wconf 89' lang='lat' dir='ltr'>bomine</span> <span class='ocrx_word' id='word_1_585' title='bbox 260 4798 380 4855; x_wconf 89' lang='lat' dir='ltr'>mutato</span> <span class='ocrx_word' id='word_1_586' title='bbox 389 4792 424 4853; x_wconf 87' lang='lat' dir='ltr'>in</span> <span class='ocrx_word' id='word_1_587' title='bbox 437 4789 558 4864; x_wconf 89' lang='lat' dir='ltr'>melius,</span> <span class='ocrx_word' id='word_1_588' title='bbox 571 4786 658 4849; x_wconf 88' lang='lat' dir='ltr'>nullo</span> <span class='ocrx_word' id='word_1_589' title='bbox 670 4785 764 4847; x_wconf 92' lang='lat' dir='ltr'>modo</span> <span class='ocrx_word' id='word_1_590' title='bbox 772 4784 839 4864; x_wconf 92' lang='lat' dir='ltr'>ipse</span> <span class='ocrx_word' id='word_1_591' title='bbox 852 4785 888 4846; x_wconf 90' lang='lat' dir='ltr'>in</span> <span class='ocrx_word' id='word_1_592' title='bbox 937 4785 1100 4863; x_wconf 81' lang='lat' dir='ltr'>cumipse,</span> <span class='ocrx_word' id='word_1_593' title='bbox 1114 4785 1199 4864; x_wconf 90' lang='lat' dir='ltr'>quod</span> <span class='ocrx_word' id='word_1_594' title='bbox 1212 4790 1258 4846; x_wconf 91' lang='lat' dir='ltr'>est</span> <span class='ocrx_word' id='word_1_595' title='bbox 1272 4785 1353 4864; x_wconf 86' lang='lat' dir='ltr'>apud</span> <span class='ocrx_word' id='word_1_596' title='bbox 1367 4787 1486 4848; x_wconf 88' lang='lat' dir='ltr'>Deum:</span> <span class='ocrx_word' id='word_1_597' title='bbox 1501 4792 1669 4868; x_wconf 87' lang='lat' dir='ltr'>antequam</span> <span class='ocrx_word' id='word_1_598' title='bbox 1678 4794 1711 4852; x_wconf 88' lang='lat' dir='ltr'>et</span> 
     </span>
     <span class='ocr_line' id='line_1_49' title="bbox 117 4876 1711 4961; baseline -0.003 -13"><span class='ocrx_word' id='word_1_599' title='bbox 117 4888 256 4950; x_wconf 84' lang='lat' dir='ltr'>deterius</span> <span class='ocrx_word' id='word_1_600' title='bbox 281 4888 501 4948; x_wconf 84' lang='lat' dir='ltr'>commutatus.</span> <span class='ocrx_word' id='word_1_601' title='bbox 532 4901 548 4939; x_wconf 76' lang='lat' dir='ltr'>a</span> <span class='ocrx_word' id='word_1_602' title='bbox 576 4878 691 4941; x_wconf 87' lang='lat' dir='ltr'>Mutari</span> <span class='ocrx_word' id='word_1_603' title='bbox 717 4878 751 4939; x_wconf 91' lang='lat' dir='ltr'>in</span> <span class='ocrx_word' id='word_1_604' title='bbox 776 4877 888 4939; x_wconf 90' lang='lat' dir='ltr'>melius</span> <span class='ocrx_word' id='word_1_605' title='bbox 937 4877 1003 4957; x_wconf 87' lang='lat' dir='ltr'>ipse</span> <span class='ocrx_word' id='word_1_606' title='bbox 1017 4878 1050 4936; x_wconf 90' lang='lat' dir='ltr'>in</span> <span class='ocrx_word' id='word_1_607' title='bbox 1063 4876 1210 4938; x_wconf 69' lang='lat' dir='ltr'>deintem</span> <span class='ocrx_word' id='word_1_608' title='bbox 1222 4883 1458 4940; x_wconf 64' lang='lat' dir='ltr'>commutatust</span> <span class='ocrx_word' id='word_1_609' title='bbox 1474 4901 1487 4938; x_wconf 84' lang='lat' dir='ltr'>r</span> <span class='ocrx_word' id='word_1_610' title='bbox 1505 4881 1562 4941; x_wconf 89' lang='lat' dir='ltr'>Hie</span> <span class='ocrx_word' id='word_1_611' title='bbox 1577 4908 1711 4961; x_wconf 65' lang='lat' dir='ltr'>paratoq-</span> 
     </span>
     <span class='ocr_line' id='line_1_50' title="bbox 117 4969 1709 5052; baseline -0.005 -10"><span class='ocrx_word' id='word_1_612' title='bbox 117 4980 196 5042; x_wconf 91' lang='lat' dir='ltr'>nihil</span> <span class='ocrx_word' id='word_1_613' title='bbox 224 4984 272 5042; x_wconf 89' lang='lat' dir='ltr'>est</span> <span class='ocrx_word' id='word_1_614' title='bbox 294 4977 389 5052; x_wconf 83' lang='lat' dir='ltr'>uliud,</span> <span class='ocrx_word' id='word_1_615' title='bbox 410 4974 470 5037; x_wconf 88' lang='lat' dir='ltr'>nisi</span> <span class='ocrx_word' id='word_1_616' title='bbox 491 4973 560 5037; x_wconf 84' lang='lat' dir='ltr'>fleri</span> <span class='ocrx_word' id='word_1_617' title='bbox 586 4974 700 5033; x_wconf 90' lang='lat' dir='ltr'>Deum.</span> <span class='ocrx_word' id='word_1_618' title='bbox 723 4970 889 5051; x_wconf 81' lang='lat' dir='ltr'>Capreolus</span> <span class='ocrx_word' id='word_1_619' title='bbox 938 4978 1008 5046; x_wconf 77' lang='grc' dir='ltr'>θῆναι</span> <span class='ocrx_word' id='word_1_620' title='bbox 1023 4969 1523 5050; x_wconf 64' lang='grc' dir='ltr'>εῑςθεότηταηίὴίἰείςηὶῆωῑαίὶυᾶ,</span> <span class='ocrx_word' id='word_1_621' title='bbox 1540 4973 1599 5033; x_wconf 89' lang='lat' dir='ltr'>nisi</span> <span class='ocrx_word' id='word_1_622' title='bbox 1611 4973 1709 5034; x_wconf 83' lang='lat' dir='ltr'>Deum</span> 
     </span>
    </p>
   </div>
   <div class='ocr_carea' id='block_1_3' title="bbox 154 5148 1708 5228">
    <p class='ocr_par' dir='ltr' id='par_1_6' title="bbox 154 5148 1708 5228">
     <span class='ocr_line' id='line_1_51' title="bbox 154 5148 1708 5228; baseline -0.012 -6"><span class='ocrx_word' id='word_1_623' title='bbox 154 5182 175 5222; x_wconf 84' lang='grc' dir='ltr'><em>α</em></span> <span class='ocrx_word' id='word_1_624' title='bbox 192 5165 264 5221; x_wconf 81' lang='lat' dir='ltr'>Dlrr.</span> <span class='ocrx_word' id='word_1_625' title='bbox 284 5159 332 5217; x_wconf 84' lang='lat' dir='ltr'>lib.</span> <span class='ocrx_word' id='word_1_626' title='bbox 347 5159 395 5224; x_wconf 82' lang='lat' dir='ltr'>lv,</span> <span class='ocrx_word' id='word_1_627' title='bbox 411 5173 471 5228; x_wconf 79' lang='lat' dir='ltr'>cap.</span> <span class='ocrx_word' id='word_1_628' title='bbox 489 5170 544 5209; x_wconf 80' lang='lat' dir='ltr'>xix.</span> <span class='ocrx_word' id='word_1_629' title='bbox 564 5153 658 5209; x_wconf 66' lang='lat' dir='ltr'>eroon</span> <span class='ocrx_word' id='word_1_630' title='bbox 672 5155 715 5219; x_wconf 71' lang='grc' dir='ltr'>τῆς</span> <span class='ocrx_word' id='word_1_631' title='bbox 732 5150 832 5223; x_wconf 71' lang='grc' dir='ltr'><strong>σαρκὸς,</strong></span> <span class='ocrx_word' id='word_1_632' title='bbox 846 5149 888 5203; x_wconf 77' lang='grc' dir='ltr'>καὶ</span> <span class='ocrx_word' id='word_1_633' title='bbox 974 5150 1113 5207; x_wconf 78' lang='lat' dir='ltr'>bArutrt.</span> <span class='ocrx_word' id='word_1_634' title='bbox 1136 5164 1176 5205; x_wconf 85' lang='lat' dir='ltr'>or.</span> <span class='ocrx_word' id='word_1_635' title='bbox 1196 5165 1235 5207; x_wconf 83' lang='lat' dir='ltr'>tv.</span> <span class='ocrx_word' id='word_1_636' title='bbox 1257 5150 1344 5206; x_wconf 72' lang='grc' dir='ltr'><strong>Οὐκέτι</strong></span> <span class='ocrx_word' id='word_1_637' title='bbox 1364 5152 1399 5213; x_wconf 78' lang='grc' dir='ltr'>ὥς</span> <span class='ocrx_word' id='word_1_638' title='bbox 1421 5148 1513 5223; x_wconf 69' lang='grc' dir='ltr'>γηΐνης,</span> <span class='ocrx_word' id='word_1_639' title='bbox 1542 5151 1708 5207; x_wconf 68' lang='grc' dir='ltr'>ἄλλὰλοιπὸν</span> 
     </span>
    </p>
   </div>
   <div class='ocr_carea' id='block_1_4' title="bbox 117 5226 1706 5388">
    <p class='ocr_par' dir='ltr' id='par_1_7' title="bbox 117 5226 1706 5388">
     <span class='ocr_line' id='line_1_52' title="bbox 117 5226 1568 5323; baseline -0.012 -20"><span class='ocrx_word' id='word_1_640' title='bbox 117 5251 224 5323; x_wconf 70' lang='grc' dir='ltr'>λόγωσιν</span> <span class='ocrx_word' id='word_1_641' title='bbox 233 5247 276 5301; x_wconf 74' lang='grc' dir='ltr'>καὶ</span> <span class='ocrx_word' id='word_1_642' title='bbox 285 5242 448 5315; x_wconf 64' lang='grc' dir='ltr'>ὓπερίψιισιν.</span> <span class='ocrx_word' id='word_1_643' title='bbox 936 5229 1085 5303; x_wconf 54' lang='lat' dir='ltr'>immersae</span> <span class='ocrx_word' id='word_1_644' title='bbox 1098 5234 1141 5298; x_wconf 78' lang='grc' dir='ltr'>της</span> <span class='ocrx_word' id='word_1_645' title='bbox 1154 5229 1243 5302; x_wconf 71' lang='grc' dir='ltr'>σαρκὸς</span> <span class='ocrx_word' id='word_1_646' title='bbox 1253 5229 1294 5283; x_wconf 76' lang='lat' dir='ltr'>ul</span> <span class='ocrx_word' id='word_1_647' title='bbox 1302 5231 1344 5285; x_wconf 71' lang='grc' dir='ltr'>τὸν</span> <span class='ocrx_word' id='word_1_648' title='bbox 1359 5226 1402 5285; x_wconf 72' lang='grc' dir='ltr'>τοῦ</span> <span class='ocrx_word' id='word_1_649' title='bbox 1414 5232 1470 5284; x_wconf 73' lang='grc' dir='ltr'><strong>θεοῦ</strong></span> <span class='ocrx_word' id='word_1_650' title='bbox 1483 5232 1568 5304; x_wconf 79' lang='grc' dir='ltr'><strong>λόγον.</strong></span> 
     </span>
     <span class='ocr_line' id='line_1_53' title="bbox 973 5312 1706 5388; baseline 0.003 -19"><span class='ocrx_word' id='word_1_651' title='bbox 973 5312 1095 5369; x_wconf 83' lang='lat' dir='ltr'>oGano.</span> <span class='ocrx_word' id='word_1_652' title='bbox 1120 5315 1199 5373; x_wconf 85' lang='lat' dir='ltr'>Nrss.</span> <span class='ocrx_word' id='word_1_653' title='bbox 1224 5313 1273 5370; x_wconf 90' lang='lat' dir='ltr'>lib.</span> <span class='ocrx_word' id='word_1_654' title='bbox 1297 5314 1577 5371; x_wconf 64' lang='lat' dir='ltr'>licencentiam.</span> <span class='ocrx_word' id='word_1_655' title='bbox 1601 5321 1706 5388; x_wconf 88' lang='lat' dir='ltr'>etseq.</span> 
     </span>
    </p>
   </div>
   <div class='ocr_carea' id='block_1_5' title="bbox 121 5474 1706 5610">
    <p class='ocr_par' dir='ltr' id='par_1_8' title="bbox 121 5474 1706 5610">
     <span class='ocr_line' id='line_1_54' title="bbox 146 5474 1706 5547; baseline -0.009 -9"><span class='ocrx_word' id='word_1_656' title='bbox 146 5492 157 5536; x_wconf 83' lang='lat' dir='ltr'>l</span> <span class='ocrx_word' id='word_1_657' title='bbox 171 5490 269 5547; x_wconf 67' lang='lat' dir='ltr'>anerot</span> <span class='ocrx_word' id='word_1_658' title='bbox 278 5489 295 5535; x_wconf 89' lang='lat' dir='ltr'>i.</span> <span class='ocrx_word' id='word_1_659' title='bbox 306 5488 333 5532; x_wconf 74' lang='lat' dir='ltr'>de</span> <span class='ocrx_word' id='word_1_660' title='bbox 342 5485 412 5533; x_wconf 73' lang='lat' dir='ltr'>mi.</span> <span class='ocrx_word' id='word_1_661' title='bbox 422 5492 484 5529; x_wconf 71' lang='lat' dir='ltr'>nne.</span> <span class='ocrx_word' id='word_1_662' title='bbox 495 5492 544 5538; x_wconf 78' lang='lat' dir='ltr'>cap.</span> <span class='ocrx_word' id='word_1_663' title='bbox 556 5477 640 5524; x_wconf 53' lang='lat' dir='ltr'>avet</span> <span class='ocrx_word' id='word_1_664' title='bbox 653 5477 712 5532; x_wconf 71' lang='lat' dir='ltr'>Aue.</span> <span class='ocrx_word' id='word_1_665' title='bbox 723 5475 758 5520; x_wconf 78' lang='lat' dir='ltr'>XV</span> <span class='ocrx_word' id='word_1_666' title='bbox 769 5475 797 5519; x_wconf 74' lang='lat' dir='ltr'>ds</span> <span class='ocrx_word' id='word_1_667' title='bbox 806 5474 878 5520; x_wconf 67' lang='lat' dir='ltr'>uana</span> <span class='ocrx_word' id='word_1_668' title='bbox 886 5474 948 5518; x_wconf 75' lang='lat' dir='ltr'>Doro.</span> <span class='ocrx_word' id='word_1_669' title='bbox 962 5474 1003 5530; x_wconf 86' lang='lat' dir='ltr'>qni</span> <span class='ocrx_word' id='word_1_670' title='bbox 1015 5481 1048 5518; x_wconf 83' lang='lat' dir='ltr'>ast</span> <span class='ocrx_word' id='word_1_671' title='bbox 1060 5474 1108 5519; x_wconf 79' lang='lat' dir='ltr'>xlx</span> <span class='ocrx_word' id='word_1_672' title='bbox 1121 5476 1148 5520; x_wconf 77' lang='lat' dir='ltr'>de</span> <span class='ocrx_word' id='word_1_673' title='bbox 1162 5478 1230 5530; x_wconf 69' lang='lat' dir='ltr'>remp.</span> <span class='ocrx_word' id='word_1_674' title='bbox 1242 5486 1291 5531; x_wconf 88' lang='lat' dir='ltr'>cap.</span> <span class='ocrx_word' id='word_1_675' title='bbox 1307 5486 1360 5519; x_wconf 86' lang='lat' dir='ltr'>n.-</span> <span class='ocrx_word' id='word_1_676' title='bbox 1372 5474 1386 5518; x_wconf 77' lang='grc' dir='ltr'>Β</span> <span class='ocrx_word' id='word_1_677' title='bbox 1399 5477 1461 5522; x_wconf 76' lang='lat' dir='ltr'>secr.</span> <span class='ocrx_word' id='word_1_678' title='bbox 1476 5475 1526 5521; x_wconf 64' lang='lat' dir='ltr'>b·</span> <span class='ocrx_word' id='word_1_679' title='bbox 1546 5476 1560 5520; x_wconf 77' lang='lat' dir='ltr'>t</span> <span class='ocrx_word' id='word_1_680' title='bbox 1573 5477 1666 5526; x_wconf 78' lang='lat' dir='ltr'>ibidem.</span> <span class='ocrx_word' id='word_1_681' title='bbox 1678 5502 1706 5515; x_wconf 90' lang='lat'><em>-</em></span> 
     </span>
     <span class='ocr_line' id='line_1_55' title="bbox 121 5536 1146 5610; baseline -0.02 -11"><span class='ocrx_word' id='word_1_682' title='bbox 121 5554 212 5610; x_wconf 55' lang='lat' dir='ltr'>bileti.</span> <span class='ocrx_word' id='word_1_683' title='bbox 226 5551 274 5598; x_wconf 77' lang='lat' dir='ltr'>tn</span> <span class='ocrx_word' id='word_1_684' title='bbox 287 5553 345 5597; x_wconf 75' lang='lat' dir='ltr'>cont.</span> <span class='ocrx_word' id='word_1_685' title='bbox 358 5550 408 5595; x_wconf 70' lang='lat' dir='ltr'>Brit.</span> <span class='ocrx_word' id='word_1_686' title='bbox 417 5552 434 5591; x_wconf 83' lang='lat' dir='ltr'>t.</span> <span class='ocrx_word' id='word_1_687' title='bbox 449 5545 513 5592; x_wconf 59' lang='lat' dir='ltr'>lt-</span> <span class='ocrx_word' id='word_1_688' title='bbox 525 5542 539 5587; x_wconf 76' lang='lat' dir='ltr'>d</span> <span class='ocrx_word' id='word_1_689' title='bbox 552 5541 615 5587; x_wconf 77' lang='lat' dir='ltr'>Paul.</span> <span class='ocrx_word' id='word_1_690' title='bbox 629 5538 663 5584; x_wconf 79' lang='lat' dir='ltr'>tt</span> <span class='ocrx_word' id='word_1_691' title='bbox 672 5541 730 5585; x_wconf 77' lang='lat' dir='ltr'>cont.</span> <span class='ocrx_word' id='word_1_692' title='bbox 742 5538 789 5584; x_wconf 73' lang='lat' dir='ltr'>Pel.</span> <span class='ocrx_word' id='word_1_693' title='bbox 803 5536 934 5590; x_wconf 82' lang='lat' dir='ltr'>interopora</span> <span class='ocrx_word' id='word_1_694' title='bbox 948 5536 1014 5581; x_wconf 82' lang='lat' dir='ltr'>Alcb.</span> <span class='ocrx_word' id='word_1_695' title='bbox 1029 5537 1073 5582; x_wconf 80' lang='lat' dir='ltr'>eoi.</span> <span class='ocrx_word' id='word_1_696' title='bbox 1087 5536 1146 5580; x_wconf 69' lang='lat'><strong>¹822.</strong></span> 
     </span>
    </p>
   </div>
   <div class='ocr_carea' id='block_1_6' title="bbox 0 0 2045 6164">
    <p class='ocr_par' dir='ltr' id='par_1_9' title="bbox 0 0 2045 6164">
     <span class='ocr_line' id='line_1_56' title="bbox 0 0 2045 6164; baseline 0 0"><span class='ocrx_word' id='word_1_697' title='bbox 0 0 2045 6164; x_wconf 95' lang='lat' dir='ltr'> </span> 
     </span>
    </p>
   </div>
  </div>
 </body>
</html>
