4036 6162
341 691 440 767 fieret,
456 697 487 752 et
504 708 552 765 eo,
568 704 630 770 quo
651 691 796 771 instituit,
812 693 906 757 modo
927 708 1025 769 genus
1038 689 1112 751 libe-
1159 690 1291 754 salutem
1324 691 1436 755 offerre
1459 696 1587 773 possut
1606 691 1884 772 quemdmodumet

341 789 423 845 reret
435 783 610 845 humanum
633 801 714 845 :nec
728 784 789 846 elia
805 792 909 865 posset
927 784 1048 846 ratione
1061 781 1112 844 vel
1160 784 1304 847 universe
1319 785 1385 847 solo
1397 785 1487 864 jussu
1500 782 1727 864 procrearat.»

341 879 496 955 upecoato
517 874 595 938 illud
619 876 792 954 extrahere,
808 875 913 938 velud
932 874 1112 937 felicitatem
1201 878 1267 939 Vll.
1285 877 1420 957 cyrillus
1432 876 1657 939 Alexandrinus
1673 875 1705 961 in
1721 874 1886 939 libr-odela-

341 967 522 1049 perducere.
1161 969 1332 1031 comotione
1359 975 1468 1032 contra
1497 968 1725 1050 Apollinarium
1748 968 1886 1048 θίεμιιθιοι,

192 1066 305 1167 ρμγιιιμγ
382 1059 431 1120 Vl.
445 1058 527 1120 Huic
539 1057 823 1139 Anselmiopinioni
834 1059 875 1120 ab
887 1058 958 1121 aliis
972 1057 1113 1120 Patribus
1162 1060 1216 1140 qui
1238 1079 1365 1123 carnem
1394 1060 1491 1123 solam
1518 1061 1633 1141 ubsque
1654 1064 1752 1122 mente
1775 1058 1888 1124 Verbum

174 1133 319 1232 όνρωνωω
342 1151 573 1214 contradicitur.
590 1152 775 1214 Athanasius
799 1151 952 1232 imprimis
965 1151 1000 1211 in
1020 1149 1113 1211 tertio
1165 1153 1364 1233 assumpsisse
1377 1152 1533 1228 dicebant,
1549 1150 1890 1231 siasosredsrguitult

342 1249 450 1305 cenna
462 1243 604 1316 Arianos,
624 1243 774 1325 expressis
787 1243 889 1305 verbis
897 1243 1041 1316 asserit‘,
1061 1259 1116 1322 po·
1163 1245 1293 1307 obouel
1312 1244 1405 1326 (dicat
1425 1243 1536 1324 aliquis
1556 1244 1630 1324 ipse)
1645 1262 1685 1305 ne
1707 1260 1822 1323 corpore
1839 1243 1889 1323 qui·

343 1336 437 1398 tuisse
447 1337 546 1397 Deum
560 1336 625 1397 solo
639 1340 731 1413 nutu,
749 1355 786 1397 ac
794 1336 893 1415 jussu,
910 1335 987 1397 eitra
1001 1331 1115 1397 Christi
1162 1335 1236 1398 dem
1255 1338 1366 1417 egebat
1383 1337 1525 1398 divinum
1538 1336 1675 1398 Verbum
1690 1354 1698 1396 t
1713 1335 1816 1415 quippe
1826 1336 1890 1415 qood

342 1429 523 1504 adventum,
542 1428 704 1489 homiuem
724 1433 861 1508 peceato,
893 1433 924 1490 et
950 1426 1114 1488 maledieto
1164 1428 1280 1491 nullius
1293 1435 1339 1491 est
1352 1428 1495 1509 indigens
1510 1448 1517 1490 :
1532 1446 1569 1490 ae
1582 1428 1632 1490 vel
1651 1426 1713 1488 solo
1732 1426 1890 1506 poteritin-

343 1521 474 1598 solvere,
485 1520 572 1599 cujus
585 1519 679 1581 verba
685 1519 745 1580 alio
759 1518 827 1580 loco
841 1515 1029 1595 retulimus,
1043 1535 1115 1578 cum
1164 1520 1251 1599 perio
1264 1521 1373 1583 salutis
1381 1528 1496 1582 noemae
1507 1519 1668 1599 negotium
1679 1519 1792 1597 exequi.
1800 1518 1891 1579 lemn

344 1612 383 1674 de
397 1611 685 1692 Deiomnipotentia
698 1611 902 1691 disputantes,
913 1608 1114 1685 ostendimus,
1164 1611 1198 1673 in
1211 1618 1330 1692 partem
1345 1613 1444 1674 effecti
1458 1612 1561 1692 operis
1573 1611 1655 1673 illius
1675 1609 1774 1672 venire
1788 1626 1836 1671 ιιοι
1852 1626 1892 1669 ιο

345 1703 445 1765 multa
458 1705 568 1780 Deum,
577 1720 648 1783 qum
659 1704 761 1783 reipsa
769 1701 911 1764 nonfeeit
923 1700 1064 1782 potuisse
1072 1701 1116 1762 la·
1165 1703 1233 1765 luit.
1258 1704 1352 1783 Cujus
1371 1704 1418 1766 rei
1435 1704 1546 1783 gratia,
1574 1706 1717 1764 naturam
1731 1701 1815 1774 illam,
1838 1718 1891 1779 qua

346 1813 425 1858 cere.
436 1795 626 1874 Augustinus
639 1795 715 1858 item
728 1795 820 1875 plene
834 1814 871 1857 ao
886 1793 1117 1856 diserte¹.rEos
1164 1802 1314 1877 peccarat,
1331 1814 1502 1870 assumens,
1524 1811 1655 1875 eamque
1667 1792 1792 1874 propriis
1806 1791 1894 1853 labori

347 1887 450 1967 itaque
462 1887 516 1967 qui
530 1887 649 1960 dicunt,
660 1888 715 1965 ait,
732 1888 815 1949 itane
823 1886 920 1949 defuit
934 1887 996 1947 Deo
1006 1885 1117 1946 modus
1165 1889 1223 1949 bus
1244 1888 1429 1967 J‘ustiilcans,
1461 1887 1500 1949 ab
1528 1886 1698 1949 crudelium
1723 1893 1894 1964 ιγιιιιιοοειιιιι

346 1978 435 2056 elius,
447 1996 509 2058 que
517 1978 664 2041 liberaret
675 1976 1118 2040 hominesamiseriamorteli·
1166 1980 1327 2043 dominatu
1350 1980 1503 2054 liberavit,
1521 1979 1648 2059 peceati,
1665 1976 1781 2052 diaboli,
1799 1974 1891 2052 ιιιοεθι,

347 2072 417 2132 tatis
429 2072 533 2151 hujus
550 2076 586 2132 ut
599 2071 797 2151 unigenitum
814 2071 927 2132 Filium
949 2071 1046 2132 Deum
1060 2069 1119 2131 sibi
1166 2072 1311 2152 atqrread
1328 2072 1464 2134 coeleetes
1487 2071 1617 2133 θιιοιιοε
1644 2068 1895 2147 erexit3etperus

348 2163 887 2240 coeternumhominemiierivellet,
899 2162 1119 2223 induendohu·
1166 2169 1326 2243 sumptum
1346 2164 1508 2226 hominem
1521 2162 1702 2224 uuiversum
1717 2176 1806 2240 genus
1825 2157 1896 2219 liher-

348 2272 474 2316 manam
498 2256 654 2333 animam,
675 2261 707 2316 et
723 2273 867 2328 earnem,
894 2254 1119 2333 mortalemque
1168 2255 1240 2316 tatis
1254 2256 1406 2335 particeps
1418 2254 1545 2316 fecitte

348 2346 464 2408 factum
479 2352 613 2408 mortem
632 2346 774 2428 perpeti?
788 2364 904 2425 parum
913 2351 959 2407 est
975 2347 1020 2407 sic
1032 2345 1120 2407 refel·
1207 2347 1419 2408 Theodoretus
1431 2347 1466 2408 in
1480 2364 1625 2408 sermone
1638 2350 1721 2407 sexto
1732 2351 1820 2406 οοιιινα
1832 2338 1896 2403 lirc-

348 2438 423 2517 lere,
443 2444 479 2499 ut
501 2439 595 2500 istum
610 2439 739 2500 modum
752 2457 815 2519 quo
828 2456 886 2500 nos
899 2456 955 2518 per
968 2439 1119 2501 mediato·
1167 2457 1224 2517 cce,
1244 2441 1345 2501 «Erat
1357 2440 1402 2500 illi
1415 2438 1611 2515 facillimum,
1624 2439 1732 2518 inquit,
1748 2436 1831 2498 etlam
1839 2433 1898 2493 citra

348 2547 416 2590 rem
431 2531 485 2592 Dei
497 2537 529 2591 et
546 2530 712 2592 hominum
729 2531 890 2592 hominem
902 2530 1058 2592 Christum
1070 2532 1120 2592 le·
1168 2531 1269 2592 earnis
1297 2529 1504 2606 involuerum,
1531 2530 1697 2592 hominum
1720 2526 1897 2590 administrare

347 2640 418 2683 sum
457 2623 541 2683 Deus
581 2622 713 2684 liberare
753 2623 916 2701 dignatur,
950 2639 1121 2684 asseramus
1168 2622 1310 2684 smutem.
1329 2628 1360 2684 et
1370 2623 1436 2684 sole
1447 2622 1610 2684 voluntate
1623 2621 1727 2683 mortis
1738 2619 1898 2682 dominatum

346 2713 477 2791 bouum,
502 2718 535 2775 et
555 2714 672 2776 divium
690 2731 864 2793 congruum
883 2713 1026 2789 dignitati
1048 2732 1121 2775 :ve
1168 2720 1306 2777 evertere
1324 2733 1403 2777 :nec
1414 2732 1481 2776 uon
1491 2720 1627 2776 matrem
1637 2713 1727 2793 hujus
1738 2709 1899 2790 iniquitaten

347 2807 517 2868 rumetiam
531 2811 566 2867 ut
580 2806 778 2867 ostendamus
799 2823 864 2868 non
878 2805 974 2867 alium
990 2806 1121 2868 modum
1167 2807 1307 2869 funditus
1325 2806 1461 2885 abolere,
1477 2812 1536 2870 ete.
1558 2808 1675 2869 Verum
1687 2803 1900 2879 nouillepoten·

346 2897 525 2978 possihilem
565 2898 628 2959 Deo
664 2896 817 2968 defuisse,
852 2897 941 2975 cuius
978 2899 1122 2978 potestati
1170 2899 1358 2977 tiamsuam,
1373 2899 1436 2960 sed
1456 2898 1661 2979 providentiae
1683 2897 1778 2978 potius
1801 2891 1899 2971 equit&

347 2996 457 3051 cuncta
483 2989 642 3068 aqualiter
671 2987 830 3067 subjacent
860 3007 867 3049 ι
896 2989 949 3050 sed
975 2989 1120 3051 sananda
1168 2997 1232 3053 tem
1245 2990 1345 3051 voluit
1362 2987 1590 3052 uenderet.»

347 3091 461 3142 nostrie
495 3080 630 3141 miserie
665 3079 950 3141 convenientiorem
990 3081 1121 3143 modum
1208 3081 1379 3143 Audiamus
1391 3082 1584 3144 etJoannem
1598 3083 1824 3142 Damascenun:
1839 3072 1901 3133 rPe

346 3171 444 3233 elium
466 3190 531 3232 non
548 3171 655 3249 luisse,
678 3190 737 3233 nec
760 3189 826 3233 esse
849 3172 1032 3253 oportuisse.
1051 3193 1067 3231 ιι
1084 3174 1122 3235 Et
1168 3176 1259 3243 terat,
1275 3174 1387 3254 iuquit,
1403 3173 1438 3234 in
1451 3172 1540 3252 cujus
1554 3177 1704 3253 potestate
1722 3177 1789 3232 sont
1807 3164 1899 3238 omnir,

346 3261 453 3325 alibi⁸.
473 3264 584 3325 «Sunt
603 3270 708 3327 autem
722 3263 806 3325 stulti
832 3264 887 3344 qui
911 3264 1034 3340 dicunt;
1050 3265 1121 3326 Non
1168 3265 1374 3345 omnipotenti
1392 3283 1449 3326 sua
1461 3265 1577 3327 virtute
1589 3265 1746 3328 homiuem
1763 3254 1901 3341 eriperttb

347 3362 468 3436 poterat
488 3356 577 3417 aliter
586 3356 738 3436 sapientia
752 3357 807 3419 Dei
819 3356 963 3418 homiues
975 3357 1119 3434 liberare,
1168 3374 1217 3435 eo,
1232 3358 1287 3437 qui
1307 3356 1468 3437 ίγιιιιιιιίοο
1488 3357 1580 3420 illum
1598 3355 1791 3438 opprimebat.
1809 3351 1901 3411 Vsum

348 3446 409 3508 nisi
427 3448 595 3529 susciperet
605 3446 778 3526 hominem,
792 3454 824 3509 et
836 3453 1018 3511 nasceretur
1030 3448 1121 3509 exle-
1167 3449 1379 3526 incusationis,
1395 3455 1427 3512 et
1439 3450 1575 3529 querelas
1585 3443 1902 3530 tyrannus-occasionem

348 3539 445 3615 mina,
469 3545 500 3600 et
521 3558 541 3599 a
557 3539 769 3621 peccatoribus
798 3541 903 3602 omnia
927 3541 980 3601 illa
1004 3544 1122 3620 patere·
1167 3542 1240 3605 inde
1254 3541 1391 3621 cepisset,
1406 3540 1432 3602 si
1453 3558 1526 3603 cum
1544 3540 1706 3603 hominem
1718 3537 1825 3601 vicisset
1842 3533 1901 3611 illita

239 3695 243 3703 ,
347 3630 554 3706 turiQuibus
576 3632 725 3707 dicimus;
750 3633 872 3695 Poterat
895 3632 1120 3694 omniuotsed
1167 3633 1458 3713 vimaDcopassus
1471 3638 1611 3695 essem.»

348 3724 375 3787 si
401 3723 490 3786 aliter
516 3723 648 3800 feceret3
673 3723 816 3786 similiter
840 3729 952 3786 resne
979 3723 1119 3786 stultitia
1208 3725 1421 3805 Adstipulatur
1435 3730 1465 3787 et
1477 3726 1538 3787 Leo
1552 3726 1697 3805 Magnus,
1718 3720 1799 3800 cujus
1813 3729 1903 3779 exser-

347 3814 564 3895 displiceret.»
1166 3834 1261 3880 mone
1273 3816 1409 3878 mcundo
1431 3814 1467 3878 de
1488 3814 1665 3893 Natiuitate,
1680 3813 1771 3877 verba
1788 3805 1903 3871 sutura

387 3908 552 3988 Gregorius
591 3908 803 3969 Nazianzenus
838 3905 977 3968 oratione
1016 3926 1117 3984 nona,
1172 3911 1305 3971 rVerax
1332 3926 1469 3988 namque
1496 3907 1708 3971 misericordia
1730 3904 1791 3978 Dei,
1804 3892 1903 3963 οιιοιιιύ

347 4005 511 4080 postquam
525 4001 682 4062 christum
696 4000 774 4062 dixit
785 4017 842 4079 pro
854 3998 945 4060 nobis
958 3999 1128 4060 hominem
1169 4001 1379 4080 reparandum
1393 4000 1569 4063 humanum
1583 4017 1683 4081 genus
1701 3987 1904 4059 ineliabilittrti

348 4109 413 4153 esse
426 4092 550 4171 metum,
563 4112 598 4154 ac
611 4093 692 4154 servi
704 4092 839 4154 formem
851 4091 1029 4172 suscepisse,
1044 4109 1118 4153 mox
1171 4092 1270 4154 multa
1284 4097 1494 4173 suppeterent,
1519 4092 1601 4154 hauc
1614 4089 1797 4172 potissimum
1817 4094 1905 4143 conti·

347 4183 406 4246 ista
436 4184 560 4263 subjicit
583 4185 709 4246 :cHaec
731 4183 871 4246 saltatu
888 4182 1015 4263 quidem
1036 4183 1118 4260 iecit,
1167 4185 1252 4246 leudi
1265 4183 1351 4246 viam
1371 4184 1506 4263 elegit.»
1524 4189 1584 4247 etc.
1608 4185 1692 4246 Elin
1711 4191 1839 4243 sermore
1848 4183 1903 4232 νιιι.

339 437 399 497 att
839 431 1165 498 'l'llElllOtllGOllUll
1191 432 1410 497 DOGMATUM

341 616 441 680 quens
463 597 584 680 putavit
609 598 782 677 inselmus,
797 603 834 662 ut
857 605 890 663 et
912 601 994 662 Deus
1012 596 1109 659 homo
1158 598 1252 679 idque
1274 617 1347 662 cum
1373 600 1438 662 sola
1458 596 1629 676 voluntate,
1649 604 1785 679 unquam
1808 600 1882 679 θιιιι,

1980 4158 1981 4223 ί

384 4383 406 4423 a
423 4366 526 4423 Δτῑιειι.
545 4380 585 4423 or.
600 4381 640 4423 ιιι.
660 4364 795 4431 Ἢδύνατο,
809 4364 851 4417 καί
869 4365 983 4437 μηδόλως
1003 4361 1122 4436 ἐπιδηριί-
1170 4364 1320 4438 ύπουρανίων
1333 4367 1425 4439 θρόνων
1440 4365 1537 4435 ἠξίωσε,
1549 4367 1591 4420 καὶ
1604 4366 1646 4421 διὰ
1659 4369 1701 4420 τοῦ
1711 4350 1906 4433 ammittit·

348 4469 436 4513 σαντος
448 4449 533 4515 drot,
550 4452 625 4523 μόνον
649 4447 727 4503 εἰπεῖν
742 4447 756 4502 ύ
770 4447 834 4513 θεὸς,
855 4448 896 4501 καί
920 4447 993 4501 λῦσαι
1014 4445 1058 4515 τὴν
1077 4465 1120 4500 κα·
1168 4468 1215 4504 που
1225 4449 1298 4504 παντί
1310 4455 1346 4503 τῶ
1360 4450 1474 4522 γένειτῆς
1487 4448 1622 4522 ἐλευθερίας
1636 4448 1774 4522 μετέδωκεν.
1852 4512 1863 4528 .

349 4534 436 4605 repar.
1205 4530 1227 4587 d
1245 4532 1351 4588 Tneon.
1369 4530 1464 4603 Ρᾷστον
1478 4531 1520 4605 μὲν
1532 4531 1580 4605 γὰρ
1591 4529 1621 4601 ἦν
1637 4529 1703 4603 αύτῷ
1716 4528 1754 4583 καὶ
1767 4525 1818 4599 δίχα
1829 4517 1904 4581 uerit
1980 4562 1981 4565 =

385 4616 402 4671 b
423 4616 487 4673 Ntz.
502 4631 542 4670 or.
559 4632 597 4671 ιιι.
607 4615 690 4669 Ταῦτα
705 4613 747 4687 μὲν
758 4613 773 4667 θ
786 4613 880 4686 σωτὴρ,
894 4614 936 4667 καὶ
950 4619 986 4686 τῷ
1000 4614 1120 4686 θελήματι
1170 4614 1259 4687 σαρκός
1273 4614 1490 4688 προκαλύμματυς,
1505 4613 1731 4688 πραγματεύσασθαι
1740 4616 1785 4665 τῶν
1797 4603 1903 4677 όνθρύπινν
1980 4612 1981 4667 3

350 4699 435 4770 μόνον,
459 4699 494 4761 ὡς
515 4698 577 4762 θεδς,
592 4703 670 4752 σῶσαι
693 4697 835 4769 δυνάμενος·
860 4694 911 4750 ἐπεὶ
925 4696 966 4750 καί
988 4696 1019 4750 τὰ
1042 4697 1122 4751 πάντα
1169 4695 1213 4765 τὴν
1224 4697 1356 4769 σωτηρίαν,
1371 4698 1411 4751 καὶ
1426 4699 1539 4770 βουλήσει
1550 4699 1611 4770 μόνῃ
1627 4690 1757 4751 καταλύσαι
1769 4693 1808 4745 τοῦ
1821 4683 1904 4741 irritet

348 4782 520 4853 προστάγματι
533 4781 712 4848 συνεστήσατο.
1169 4778 1214 4848 τὴν
1229 4779 1382 4844 δυναστείαν,
1408 4782 1449 4834 καί
1472 4780 1517 4849 τὴν
1538 4780 1625 4834 τούτου
1649 4780 1739 4853 μητέρα
1756 4763 1904 4843 diruptio
1980 4804 1981 4841 3

386 4863 498 4934 alpad
512 4863 595 4919 Euth.
619 4862 659 4917 tit.
686 4861 757 4917 xltl.
777 4860 847 4915 Ἀλλ’
869 4855 892 4915 ὦ
913 4863 1033 4933 βύλτιστε·
1057 4861 1121 4915 sistor
1169 4864 1275 4936 φροῦδον
1287 4863 1414 4926 παντελῶς
1423 4863 1601 4936 ἀποφήνασθαι,
1617 4869 1671 4920 οίο.
1691 4859 1755 4915 Ἀλλ’
1764 4845 1904 4915 ούκθόννθύίθ
1980 4856 1981 4911 l

267 5002 271 5011 ,
349 4964 386 5009 tlt
399 4948 429 4999 ἂν
450 4947 511 5018 πρὸς
529 4944 611 5000 αύτδν.
640 4943 696 4998 atet
718 4939 762 4998 τού
785 4946 902 5016 σώματος
916 4944 1019 5018 ἔχρῃζεν
1040 4943 1121 5007 etsta
1169 4945 1214 5013 τὴν
1230 4944 1351 5013 ἐξουσίαν,
1366 4944 1431 5000 ἀλλὰ
1441 4947 1560 5019 προνοίας
1574 4945 1688 5009 ἐπιδεῖξαι
1702 4941 1834 4999 τὸδίκαιον.
1980 4950 1981 4987 l

348 5029 434 5102 λόγος·
449 5026 585 5102 ἀπροσδεὴς
593 5027 650 5101 γὰρ.
665 5026 769 5095 ἠδύνατο
780 5026 807 5081 δὲ
816 5029 856 5080 καὶ
866 5029 1037 5100 προστάγματι
1053 5028 1121 5100 μόνῳ
1205 5044 1221 5085 e
1239 5029 1309 5086 Dru.
1325 5027 1372 5084 lib.
1389 5028 1436 5095 lli,
1452 5043 1513 5100 cap.
1530 5044 1606 5084 ενιιι.
1621 5027 1672 5083 θύα
1684 5026 1792 5086 ἀδύνατοι
1802 5017 1843 5092 τᾶν
1853 5008 1904 5080 iti
1980 5026 1981 5067 1

349 5112 394 5182 τὴν
407 5112 527 5186 spelpes
542 5110 771 5184 πραγματεύσασθαι
786 5111 918 5182 σωτηρίαν.
934 5109 991 5163 ἀλλ’
1003 5109 1120 5178 ἠθέλησεν
1169 5110 1202 5165 τὰ
1211 5112 1294 5166 πάντα
1307 5111 1439 5183 δυνάμενος
1451 5111 1492 5164 καί
1511 5110 1727 5184 τῇπαντσδυνόριμ
1739 5104 1807 5160 eieci
1817 5090 1902 5161 ulcu
1980 5170 1981 5173 Ἴ

349 5196 415 5270 ἔχειν
436 5195 492 5251 τινὰ
510 5196 552 5249 καί
577 5195 642 5268 ἡμᾶς
656 5193 688 5257 είς
708 5193 751 5249 τόν
772 5194 830 5262 (τό)
849 5192 1040 5265 κατορθούμενον
1055 5191 1120 5266 ἔχειν
1169 5193 1211 5247 καὶ
1224 5194 1324 5265 δυνάμει
1339 5191 1458 5256 licitatur
1482 5197 1525 5249 τοῦ
1546 5198 1718 5267 τυραννοῦντος
1739 5190 1778 5244 τόν
1791 5182 1902 5253 luipomt,
1980 5190 1981 5197 ’

349 5280 489 5345 κοινωνίαν,
503 5274 532 5333 ού
546 5280 629 5353 χάριν,
643 5278 687 5347 τὴν
701 5276 871 5350 ἧμαρτηκυίαν
886 5276 956 5348 φύσιν
967 5275 1064 5340 ‚tatus
1080 5276 1121 5328 καί
1171 5274 1228 5330 ἀλλ’
1239 5272 1268 5344 ἦν
1289 5274 1442 5349 ἐγκλήματος
1455 5282 1492 5331 τῶ
1508 5281 1663 5350 τυραννοῦντι
1678 5274 1791 5334 ύπόθεσις,
1802 5264 1904 5335 ύνθριῦί*
1980 5288 1981 5293 ’

349 5364 434 5426 πόνοις
443 5361 518 5431 airis
529 5362 627 5424 οἰκείοις
640 5361 779 5424 δικαιώσας,
792 5365 842 5414 τῶν
855 5378 881 5415 τε
889 5363 981 5431 πικρῶν
996 5359 1120 5431 τυράννων
1170 5360 1306 5429 νικήσαντι,
1322 5359 1362 5413 καί
1373 5357 1421 5414 ύπδ
1432 5359 1487 5414 θεοῦ
1499 5360 1628 5433 βιασθέντι.

351 5444 500 5518 ἇπῄλλαξεν,
511 5445 640 5518 ἁμαρτίας,
654 5443 696 5498 καὶ
705 5443 827 5510 διεόόλου,
839 5443 881 5496 καί
890 5442 1005 5506 θανάτου,
1019 5441 1121 5496 καὶτῶν
1201 5446 1204 5453 “

378 5602 389 5647 t
405 5600 467 5646 Τοσι.
477 5599 494 5651 ί,
505 5602 521 5644 l.
534 5601 559 5650 v.
571 5611 590 5646 ε.
606 5611 637 5652 ιι,
646 5599 742 5656 §a-tt
755 5600 813 5655 lug.
822 5597 908 5645 xillae
917 5598 979 5644 itta.
988 5608 1009 5644 ο.
1024 5596 1092 5641 ε.-θ
1105 5594 1188 5643 liudo
1197 5597 1262 5650 Αοοιι.
1276 5593 1354 5641 θοντο.
1366 5603 1396 5644 ιι,
1410 5601 1427 5639 ι.
1438 5592 1475 5638 ΙΙΙ.
