3994 6164
503 363 553 422 DE
572 360 874 436 INCARNATIONE,
898 360 972 421 LlB.
995 360 1020 434 Ι,
1042 358 1125 421 GAP.
1149 360 1227 420 XXl.
1600 362 1658 421 att

91 504 240 607 ligantiffl
251 532 370 608 ἐνέργιια,
385 528 514 589 rationis
520 533 567 589 est
575 529 740 591 continuus
750 546 842 590 usus:
894 526 1074 603 numeror,
1090 528 1130 589 ad
1146 524 1256 607 viginti
1271 530 1350 595 octo.
1371 529 1470 587 Porro
1488 526 1522 586 in
1537 526 1661 588 Christo

91 618 266 698 quaomnia
280 619 408 681 uberim
422 620 481 682 illie
494 621 651 684 enucleata
673 629 757 683 suut.
773 623 846 684 Haec
894 626 988 699 negat
1001 619 1093 695 luisse
1106 630 1225 700 γνώμην,
1242 638 1279 681 eo
1300 618 1384 699 quod
1402 618 1446 681 ibi
1466 623 1590 681 tantum
1608 619 1658 696 sit,

90 718 128 773 cst
146 719 231 791 ρνριιὴ
257 717 384 793 ἐνέργεια,
399 730 470 792 quae
494 714 607 776 scilicet
633 719 751 775 naunae
775 714 845 775 uni·
894 711 949 771 ubi
967 711 1042 772 boui
1063 717 1116 772 aut
1139 711 1213 772 mali
1234 710 1327 773 darbia
1350 710 1467 789 primo,
1481 716 1549 770 tum
1563 710 1661 771 libera

89 805 186 884 cuique
198 804 360 882 convenit,
376 815 408 865 et
422 805 451 866 ei
465 807 637 868 necessario
652 807 841 887 adjungitur.
893 809 940 864 est
964 804 1084 880 electio,
1111 803 1284 882 cujusmodi
1309 803 1342 864 iu
1366 803 1488 862 Christo
1512 802 1659 876 nonfuit,

90 896 261 974 Quanquam
278 895 349 958 alioe
360 915 483 977 quoque
495 904 569 959 sunt
582 905 699 980 ἐνέργειαι
714 899 844 961 minime
893 895 977 974 prod
985 901 1015 957 et
1024 897 1042 957 J
1045 896 1139 957 oanni
1149 897 1340 956 Damasceno
1354 892 1498 956 videant.

90 988 264 1057 uaesana
282 1007 352 1068 quae
366 1007 404 1050 er
417 990 609 1051 naturalibus
628 991 796 1071 principiis,
813 996 844 1051 et
931 988 949 1047 J
953 1004 1004 1046 am
1018 1006 1090 1048 vcro
1108 988 1324 1049 lllonotheletae
1342 995 1436 1066 θέλημα
1447 996 1557 1066 φυσικὸν,
1570 988 1602 1048 id
1616 993 1662 1049 est

7 1082 9 1103 ³
90 1079 286 1152 denudum,
308 1087 491 1143 nontamen
510 1082 708 1154 naturaliter,
725 1082 784 1143 hoc
798 1087 844 1143 est
893 1077 1071 1141 uoluntatem
1095 1080 1263 1141 naturalem
1285 1079 1347 1139 dici
1370 1078 1456 1139 nullo
1471 1079 1564 1140 modo
1577 1080 1660 1140 fere·

90 1171 288 1248 determinate,
313 1178 344 1233 ct
367 1174 559 1248 neuemario,
584 1192 621 1235 ac
648 1174 843 1236 continenter
892 1168 983 1245 baut,
1006 1171 1096 1251 eique
1112 1171 1249 1251 Pyrrhus
1271 1171 1420 1232 acerrime
1438 1171 1609 1251 refragatur
1627 1172 1661 1233 iu

90 1264 232 1325 eduntur:
253 1265 430 1343 cujusmodi
444 1273 517 1327 sunt
537 1266 643 1327 liberae
663 1267 841 1345 hominum,
894 1259 1095 1341 deutatt'oue
1109 1282 1174 1324 tum
1195 1262 1374 1331 Maxim0⁶.·
1397 1282 1437 1324 ne
1468 1263 1493 1324 si
1512 1264 1661 1325 naturalis

89 1375 116 1416 cc
127 1356 241 1418 ratione
254 1356 458 1434 praeditorum
478 1358 623 1420 actiones.
649 1359 710 1420 Sed
723 1366 842 1439 ἐνεργείας
891 1351 994 1431 esser,
1010 1360 1088 1415 essm
1097 1355 1171 1416 item
1181 1356 1504 1416 necessaria.Pr0indc
1518 1365 1613 1436 θέλημα
1627 1355 1660 1416 in

87 1448 218 1509 rambula
229 1448 425 1529 frequentius
437 1450 549 1529 prioris
562 1450 686 1530 generis
702 1450 842 1530 operatio
892 1445 1013 1507 Christo
1026 1446 1518 1530 nonnisipapatvadmiuauantt,
1534 1448 1617 1527 quod
1629 1453 1661 1509 et

89 1540 232 1619 subjicitur
246 1541 332 1621 apud
344 1542 464 1602 Graecos
483 1542 654 1623 theologos,
671 1542 842 1621 praesertim
889 1544 1064 1614 δινσιατικὸν,
1080 1540 1112 1600 id
1126 1546 1171 1601 cst
1180 1541 1335 1621 personale
1357 1558 1422 1602 esse
1442 1540 1594 1600 dicebaut.
1615 1540 1661 1600 Ex

89 1651 147 1695 cum
159 1634 194 1696 de
208 1633 325 1695 Christi
339 1633 459 1695 actione
473 1634 659 1715 disputatur.
891 1649 953 1710 quo
968 1649 1158 1711 consequens
1171 1632 1206 1693 fit
1218 1651 1315 1694 arnam
1328 1633 1543 1694 tantummodo
1552 1633 1660 1693 volun·

121 1726 165 1786 IX.
186 1727 259 1787 Jam
283 1724 443 1787 uoluntatis
462 1744 579 1789 nomen
599 1728 633 1788 in
651 1727 700 1788 his
718 1732 842 1789 conuo-
890 1728 985 1785 tatem
1000 1724 1099 1786 iuillo
1123 1726 1290 1787 exstitisse:
1316 1726 1389 1805 quia
1410 1727 1435 1785 si
1455 1726 1525 1786 duaa
1546 1725 1659 1802 lorent,

89 1818 490 1899 vnoa‚quandoactionem
501 1820 616 1899 potius,
628 1838 722 1899 quam
735 1827 842 1900 poten·
891 1834 1015 1878 neeesse
1038 1817 1080 1877 sit
1099 1836 1151 1879 eas
1168 1825 1278 1880 mutuo
1297 1818 1355 1878 sibi
1383 1836 1448 1879 esse
1470 1819 1658 1879 contrarias:

88 1911 150 1971 tam
162 1911 272 1990 agendi
285 1910 550 1990 significat'quod
568 1912 723 1974 interdum
738 1912 842 1973 euenit
890 1909 1030 1988 adeoque
1055 1910 1183 1971 alteram
1210 1911 1346 1985 bonam,
1368 1910 1497 1971 alteram
1524 1910 1658 1971 malam:

90 2010 195 2076 maha,
211 2008 305 2083 atque
322 2003 357 2063 in
373 2009 480 2084 ἐνεργείᾳ
493 2003 559 2064 lteri
572 2005 712 2084 proxime
723 2005 842 2067 dictum
890 2002 1038 2080 quoniam
1053 2003 1120 2064 haec
1133 2009 1179 2064 est
1191 2015 1235 2079 τῆς
1248 2013 1349 2082 γνώμης
1362 2002 1509 2063 conditio.

89 2103 135 2168 est,
145 2116 204 2157 non
210 2095 398 2172 naturalem,
406 2096 460 2157 sed
472 2095 604 2157 liberam
615 2097 734 2157 arbitrii
743 2097 842 2158 nostri
930 2095 973 2154 X.
986 2094 1066 2155 Hine
1074 2101 1202 2174 apparet
1216 2113 1272 2155 cur
1286 2094 1381 2155 iidem
1394 2091 1530 2154 haeretici
1540 2099 1659 2173 ἐνέργειαν

89 2190 243 2251 uodonem
257 2188 386 2250 indicat.
408 2188 487 2248 Nam
501 2187 572 2249 licet
585 2190 721 2250 actiones
733 2190 842 2251 volun·
891 2203 987 2246 unam
1008 2186 1193 2266 plerumque
1216 2187 1408 2263 diffidenter,
1423 2205 1458 2247 ac
1472 2185 1580 2246 timide
1593 2203 1661 2264 pro

89 2282 166 2353 tatis,
178 2280 421 2354 saecularitates,
448 2280 516 2341 aliae
535 2280 597 2341 sint
620 2282 787 2358 naturales,
811 2288 843 2343 et
890 2276 961 2337 fessi
980 2278 1059 2353 sint,
1079 2279 1230 2340 nimirum
1244 2297 1283 2339 ne
1298 2286 1425 2340 naturas
1438 2279 1514 2340 duas
1531 2278 1661 2342 inlicicri

92 2375 272 2449 neoauariae3
294 2372 366 2436 aliae
396 2374 629 2452 contingentes,
658 2380 690 2435 et
715 2374 839 2436 liberae:
890 2368 1088 2445 viderentur;
1109 2389 1146 2432 eo
1165 2372 1250 2450 quod
1264 2378 1371 2451 ἐνέργεια
1384 2376 1430 2432 est
1442 2379 1527 2450 ρνσιιὴ
1544 2390 1552 2445 ;
1568 2376 1661 2450 atqua

91 2471 186 2528 umen
200 2467 304 2546 sapius
332 2464 493 2526 mianum
516 2483 644 2540 nomen,
668 2471 700 2527 et
721 2466 760 2527 ab
783 2466 840 2527 hoc
891 2461 1006 2523 idcirco
1014 2480 1070 2541 pro
1080 2468 1263 2524 naturarum
1271 2482 1402 2524 numero
1413 2463 1658 2540 multiplicatur:

89 2558 229 2620 deflexum
246 2557 435 2634 minatorii;
458 2575 530 2619 cum
544 2556 700 2630 absolute,
717 2576 753 2619 ac
766 2558 840 2619 sim·
890 2563 986 2634 θέλημα
999 2573 1073 2616 vero
1081 2556 1209 2616 unicum
1220 2574 1295 2625 esse,
1312 2557 1458 2634 apertius,
1473 2561 1504 2616 et
1517 2562 1660 2617 constan·

90 2650 195 2726 pliciter
205 2656 409 2729 usurpantur,
423 2668 480 2729 pro
490 2649 587 2710 libera
602 2656 768 2712 sumuntur
785 2670 791 2709 :
806 2657 842 2712 ut
890 2647 953 2707 tius
985 2646 1164 2708 docuerint:
1191 2648 1251 2709 rati
1283 2647 1475 2727 plausibilius
1508 2647 1567 2709 hoc
1594 2649 1661 2728 ipso

90 2742 148 2803 alibi
160 2744 254 2805 lansius
272 2740 395 2804 docui¹.
422 2742 472 2803 Sic
486 2743 677 2820 Augustinus
697 2740 737 2804 od
748 2740 840 2802 Psal-
890 2738 1005 2817 dogma
1020 2757 1114 2800 suum
1132 2739 1218 2801 fore:
1245 2758 1316 2801 cum
1337 2740 1391 2819 qui
1414 2740 1491 2800 illud
1505 2740 1659 2814 audirent,

7 2858 9 2875 ν
90 2854 153 2895 aaut
177 2852 276 2910 uxrrr,
290 2835 331 2896 de
360 2834 473 2895 Doride
499 2834 533 2895 in
554 2840 702 2914 potestate
717 2833 841 2895 Saulem
891 2830 969 2891 nihil
983 2849 1035 2891 eos
1048 2837 1194 2911 putarent
1206 2831 1291 2892 aliud
1300 2831 1396 2903 uelle,
1409 2850 1503 2912 quam
1513 2831 1661 2906 unam,id

7 2962 9 3005 3
90 2927 206 2990 habente
218 2929 368 3007 loquens:
388 2926 557 2987 «Habebat
575 2925 664 2986 illum
688 2927 720 2986 in
739 2933 840 3006 potes·
890 2923 1662 2999 estconsentientem,eteoucordemluissenaturae

7 3008 9 3025 ²
90 3025 148 3096 tate,
164 3019 290 3099 iuquit,
305 3025 410 3080 etnon
421 3018 842 3094 necessitate,sedroluntate
891 3014 1054 3095 utriusque
1082 3016 1298 3092 voluntatem
1332 3034 1390 3076 nec
1424 3017 1594 3077 humanam
1622 3014 1661 3076 ab

91 3118 265 3192 pepercerat:
281 3134 298 3170 n
315 3130 350 3172 ac
373 3111 487 3191 passim
506 3117 571 3171 mm
586 3111 669 3190 apud
682 3110 841 3190 profanos,
891 3107 1201 3187 divinadiserepasse.
1214 3107 1540 3168 llincetiamduarum
1553 3105 1663 3167 volun·

91 3222 167 3282 quam
179 3206 261 3285 apud
282 3222 386 3266 sacros
400 3204 564 3283 scriptores
591 3202 757 3265 coloratorii
780 3220 842 3264 vox
890 3205 990 3261 tatum
1013 3206 1180 3262 assertores
1202 3201 1369 3262 catholicos
1395 3201 1555 3261 traducere
1582 3200 1661 3261 sole·

91 3313 141 3357 uun
152 3297 233 3359 aliud
246 3316 343 3377 quam
357 3295 492 3357 liberum
505 3301 608 3370 sonat,
625 3296 684 3357 hoc
697 3294 841 3376 estquod
890 3292 984 3368 bant,
1006 3299 1157 3372 tanquam
1179 3311 1295 3372 pugnae
1312 3292 1395 3352 illius
1409 3292 1606 3353 voluntatum
1628 3292 1662 3354 in

91 3386 306 3457 biberaticae,
319 3394 349 3449 et
361 3387 510 3448 electione
527 3386 572 3448 iit.
891 3384 1027 3459 Clnisto,
1041 3404 1077 3444 ac
1093 3383 1209 3444 dissidii
1231 3383 1416 3445 defensores.
1446 3385 1561 3444 Deinde
1588 3384 1663 3464 quia

121 3481 209 3543 Greci
238 3480 375 3560 theologi
401 3479 579 3540 uoluntatem
598 3478 740 3540 bifariam
763 3478 843 3539 divi·
890 3486 920 3540 τὸ
936 3485 1060 3557 γνωμικὸν
1086 3485 1200 3556 θέλημα,
1228 3476 1403 3555 hypostasis
1424 3477 1586 3556 proprium
1616 3481 1662 3538 est

90 3571 163 3643 dunt,
176 3574 235 3636 hoe
247 3579 295 3636 est
308 3573 461 3634 actionem
475 3572 574 3651 ipsum
587 3571 730 3647 volendi,
746 3587 841 3650 quam
893 3567 1019 3651 (quippe
1033 3568 1112 3630 vella
1136 3568 1314 3649 simpliciter
1342 3575 1462 3630 naturae
1491 3569 1662 3649 proprietas

90 3673 167 3747 thaps
177 3674 300 3729 uocant.
314 3666 405 3726 Aliud
419 3675 514 3745 θέλημα
530 3665 637 3726 dicunt
648 3682 713 3725 essa
726 3673 839 3743 ρνσιιιόν,
891 3668 955 3735 est3
972 3662 1031 3723 hoc
1044 3666 1149 3723 autem
1162 3662 1211 3722 rel
1226 3660 1280 3722 illo
1294 3661 1387 3722 modo
1411 3661 1505 3736 velle,
1521 3677 1661 3740 persona

90 3756 159 3821 eliud
179 3769 315 3841 γνωμικὸν.
341 3759 392 3819 Fst
412 3763 518 3819 autem
545 3766 631 3837 γνώμη
649 3754 770 3816 Latinis
782 3773 843 3815 seu·
891 3762 948 3817 est.
963 3760 999 3814 ut
1011 3753 1165 3815 Maximus
1178 3752 1276 3833 docet)
1293 3771 1365 3814 eum
1375 3753 1483 3815 unasit
1490 3752 1662 3832 hypostasis

91 3851 176 3927 tantu,
188 3853 246 3913 hoc
256 3857 302 3913 est
307 3850 471 3930 judicium,
481 3848 563 3929 quod
571 3847 843 3929 practicomuomi·
890 3847 925 3908 in
943 3844 1095 3920 Christo⁹,
1122 3864 1313 3926 consequens
1337 3845 1397 3907 hoc
1413 3864 1479 3906 esse
1502 3843 1659 3920 videbant,

91 3949 170 4003 naut:
183 3945 267 4024 quod
286 3962 326 4005 ex
339 3942 564 4004 consultatione
578 3940 677 4002 oritur
692 3961 699 4000 :
717 3941 841 4020 quando
892 3940 1018 4000 unicam
1033 3956 1098 3999 esse
1121 3938 1324 3999 voluntatem.
1346 3938 1447 4015 Atque
1467 3937 1525 3997 hoc
1539 3934 1661 4015 plenius

90 4036 418 4111 puddeliberatiouem,
434 4039 466 4095 et
479 4033 645 4112 ancipitem
655 4033 693 4094 de
707 4032 842 4112 optando
892 4031 1112 4112 exponendum
1141 4030 1200 4091 erit
1222 4034 1349 4109 postea,
1376 4045 1448 4088 cum
1478 4028 1517 4088 de
1545 4027 1660 4089 Christi

91 4126 218 4190 dtcrutro
251 4128 488 4208 cogitationem,
522 4125 562 4187 ad
592 4143 692 4186 uuum
717 4124 843 4204 aliquod
891 4124 1051 4186 voluntate
1063 4141 1098 4183 ac
1108 4122 1249 4183 libertate
1263 4119 1499 4200 disputabimus.

91 4218 334 4297 adhereamus,
370 4221 462 4300 idque
496 4217 750 4296 anteponendum
779 4233 844 4278 esse
932 4218 986 4278 XI.
1010 4218 1155 4296 Superest
1171 4215 1256 4276 utde
1271 4213 1409 4273 llouorio
1424 4215 1568 4275 Romarm
1581 4232 1659 4294 pon·

91 4309 268 4376 boninus
290 4313 398 4388 alteri,
419 4330 483 4391 quo
503 4329 542 4371 ex
559 4309 678 4389 judicio
703 4310 844 4390 sequitur
892 4310 973 4372 tifice
1005 4310 1163 4382 dicamus,
1191 4307 1246 4387 qui
1272 4305 1352 4366 inter
1380 4305 1661 4369 Monotheletarum

92 4402 192 4469 ductio.
203 4408 395 4469 ltaloaunes
409 4401 638 4477 llamascenus⁸;
651 4401 845 4480 cujusuerba
893 4403 1048 4483 principes
1061 4401 1094 4461 in
1112 4403 1198 4460 sexta
1211 4398 1330 4479 synodo
1357 4402 1492 4470 notatus,
1518 4403 1549 4459 et
1574 4398 1663 4460 dam·

93 4494 218 4580 docnpi
230 4501 266 4560 in
279 4499 363 4560 libro
374 4497 466 4559 tertio
480 4495 515 4558 de
529 4493 668 4577 opificio.
894 4494 1116 4572 natuslegituu.
1130 4491 1198 4552 Non
1211 4508 1265 4551 eru
1278 4488 1401 4568 longior
1416 4488 1448 4549 in
1472 4488 1555 4551 illius
1573 4509 1664 4553 causa

124 4590 267 4653 Maximus
306 4596 427 4669 martyr
466 4589 501 4649 in
541 4587 746 4668 Disputatione
777 4604 845 4649 eum
894 4585 1109 4666 disceptanda3
1131 4582 1214 4662 quod
1229 4599 1299 4644 eam
1313 4580 1452 4661 plerique
1465 4581 1618 4659 catholici,
1632 4587 1665 4645 et

94 4676 208 4761 Pyrrho,
223 4693 327 4765 γνώμην
337 4681 447 4743 delinit
460 4702 475 4739 (ι
488 4680 678 4740 uoluntatem
692 4679 844 4758 quodam·
896 4675 1007 4738 cruditi
1022 4673 1083 4734 viri
1104 4676 1245 4733 accurate
1259 4671 1466 4749 susceperint:
1483 4689 1518 4732 ac
1531 4690 1664 4752 praeser-

94 4772 173 4834 tnodc
185 4776 337 4847 allectam,
356 4791 426 4853 quae
438 4790 511 4833 eum
519 4771 701 4833 habitudine
710 4770 846 4849 quadam
896 4770 954 4830 tim
970 4765 1118 4828 Beronius
1131 4764 1166 4825 in
1187 4761 1354 4825 Annalibus
1364 4761 1400 4838 ¹⁰,
1418 4763 1532 4843 aliique
1547 4765 1661 4842 plures,

95 4859 198 4928 mrum
221 4868 271 4930 vel
295 4884 426 4943 rerum,
468 4863 518 4925 vel
546 4869 691 4944 putatum
718 4863 850 4942 amplae
898 4860 952 4941 qui
975 4860 1112 4919 inustam
1126 4856 1210 4917 illius
1231 4855 1353 4917 nomini
1375 4856 1582 4933 suspicionem
1601 4856 1666 4918 hoe·

96 4953 216 5020 titur‘:u
230 4967 301 5022 tum
314 4959 416 5022 uanas
424 4957 506 5018 illius
516 4957 600 5018 vocis
613 4954 851 5033 significationes
899 4953 976 5014 resis
988 4957 1114 5012 stream
1123 4948 1321 5029 depulerunt.
1333 4950 1440 5027 ltaque
1451 4966 1551 5028 pauca
1562 4949 1601 5010 de
1609 4949 1668 5008 hoc

127 5152 146 5193 a
161 5139 228 5199 list.
242 5140 272 5198 iu
285 5139 363 5199 calce
377 5146 446 5197 tum.
462 5139 522 5198 vlll
538 5141 615 5195 Aac.
631 5142 743 5195 Bareas.
756 5136 850 5192 otiosa
899 5133 963 5197 τινὸς
975 5134 991 5202 ἢ
1001 5134 1082 5198 ὄντος,
1096 5130 1282 5204 ἢνομιζομένου
1296 5128 1386 5201 ἀγαθοῦ
1399 5127 1560 5203 ἀντεχομένη.

98 5214 202 5296 illitus}
214 5225 281 5281 οόὄὲν
304 5226 386 5299 ἕτερόν
414 5223 489 5292 ἔστιν,
509 5225 526 5291 ἢ
548 5222 606 5276 ποιὰ
620 5222 716 5290 θέλησις
731 5226 851 5295 σχετικῶς

7 5360 8 5369 ¹
124 5391 134 5435 l
147 5392 327 5442 nataturi
336 5395 364 5440 te
373 5393 428 5451 opti.
440 5405 460 5440 c.
470 5398 510 5439 ret
521 5406 541 5438 c.
549 5404 608 5437 xa·
618 5388 632 5435 t
644 5391 701 5446 Aug.
714 5394 730 5435 t.
743 5388 830 5433 vill·-
843 5386 912 5432 etth.
924 5385 1010 5443 thorp.
1021 5395 1052 5430 ru
1065 5380 1199 5430 videtum!
1223 5385 1291 5427 nostr.
1307 5390 1356 5436 cap.
1368 5392 1390 5428 r.
1402 5377 1502 5435 §lt-t
1515 5378 1570 5426 ltu.
1583 5380 1606 5425 ln
1614 5380 1669 5435 disp.

101 5452 114 5496 5
131 5453 176 5499 tu.
191 5456 250 5507 tua.
261 5469 333 5503 na·-
342 5458 358 5502 θ
370 5458 433 5503 Tum.
440 5455 489 5500 tllt
498 5455 628 5500 Batou-'l
640 5451 721 5498 tta-t
732 5451 794 5497 ll).-
803 5450 818 5494 θ
831 5448 905 5506 Apud.
920 5449 986 5495 suto.
998 5450 1053 5493 Pau.
1066 5446 1100 5492 tlt.
1112 5457 1204 5491 aruu-
1218 5444 1245 5488 su
1256 5443 1290 5488 Ad
1303 5452 1357 5488 tun.
1371 5440 1411 5487 08⁸
1420 5445 1442 5485 ct
1448 5438 1496 5485 881.

242 5538 317 5602 lou.
338 5537 378 5597 V.
1513 5521 1551 5581 l'l
