4078 6162
571 363 1042 448 [autumationum.
1067 370 1124 449 ΙΙΙ,
1146 370 1231 434 CAP.
1253 373 1304 435 VI.
1671 372 1730 436 tot

147 526 800 613 Istunligoatilrmofiliumbominisipsum
808 532 909 596 inisse.
966 555 1037 617 quse
1050 536 1083 598 in
1092 537 1194 619 primo
1207 537 1242 598 ds
1261 536 1625 601 Trinitotsreddidlmus¹.
1641 539 1730 600 Hanc

146 621 225 683 llam
259 620 315 700 qui
352 621 510 701 pasalones
547 626 712 703 assumpsit
748 624 912 703 humanas,
965 630 1106 692 eamdem
1119 648 1190 696 oum
1204 631 1342 692 humana
1362 636 1474 693 natura
1487 631 1521 691 in
1539 650 1603 692 uno
1624 646 1731 691 revera

145 729 269 775 neumae
281 717 328 773 est
340 718 376 774 ut
389 718 461 776 ante
473 714 650 795 passionem
657 719 824 797 susceperit
837 720 915 782 nati·
964 722 1164 801 conjunctam
1175 723 1341 783 adstruunt
1354 740 1423 802 quse
1433 724 1467 783 tn
1476 723 1577 803 primo
1587 720 1732 803 Podope-

145 805 317 868 vitatem.»
341 805 419 866 Vide
442 808 587 869 eumdem
613 807 647 870 in
674 810 854 871 omnebus
877 810 917 872 ud
963 815 1036 894 pici,
1061 815 1161 895 capite
1189 815 1323 875 seeundo
1342 814 1470 876 scribit:
1488 814 1572 875 «irbi
1594 816 1675 875 Ileus
1696 815 1730 875 in

144 897 297 973 Ιοονιιιεηι,
331 903 363 959 et
389 897 551 977 epistolam
577 899 617 961 ud
640 900 793 979 Romanos,
823 908 855 963 et
880 904 914 964 in
963 905 1100 967 hominis
1123 910 1223 986 specie
1251 913 1391 1007 vocatur,
1419 894 1731 985 intactusspaternae

144 988 280 1051 meando
293 988 478 1051 Periurclton
491 991 643 1070 ospitem,
659 994 741 1072 quod
756 999 855 1055 lotum
869 1000 915 1055 est
964 998 1131 1059 voluntatis
1144 999 1294 1073 minister,
1310 998 1441 1059 verbum
1465 998 1556 1076 Deus,
1571 998 1626 1077 ηιιί
1640 999 1731 1059 estin

144 1082 181 1143 de
201 1083 418 1143 incarnatione
440 1083 565 1146 Christi.
591 1085 760 1165 Dionysius
779 1087 914 1148 Alexan·
965 1090 1063 1165 Patre,
1089 1091 1276 1153 etcdaxtris
1295 1091 1401 1166 Patris,
1419 1094 1450 1152 et
1471 1108 1543 1152 oum
1561 1090 1614 1151 Illa
1630 1091 1730 1170 specie

29 1200 34 1209 ·
144 1171 263 1243 ιΙιιιιιιε,
278 1174 312 1234 in
330 1175 461 1251 epistola
483 1177 642 1256 synodica,
667 1180 813 1256 quemad
836 1178 915 1239 Pau·
964 1184 1064 1244 Ιλοιιεο
1077 1183 1729 1263 ‘lnItemincapitetertio,oaelestemillum

143 1266 208 1328 lum
223 1266 464 1329 Samosatenum
477 1268 607 1347 scripsit,
621 1274 653 1330 et
668 1270 702 1330 in
715 1271 914 1349 responsione
963 1274 1172 1354 Pesdagogum
1200 1275 1254 1347 ait,
1275 1275 1449 1355 «prodesse
1467 1275 1650 1336 mortalibus
1662 1281 1730 1335 tan·

143 1359 181 1419 ad
194 1358 387 1439 quaestiones
407 1360 500 1435 illius,
516 1365 600 1421 totus
622 1362 656 1421 in
670 1379 707 1422 eo
729 1371 913 1439 argumento
963 1386 1059 1447 quem
1080 1368 1251 1436 hominem,
1268 1373 1299 1429 et
1311 1374 1461 1446 tanquam
1475 1368 1576 1429 Deum
1592 1386 1599 1425 t
1615 1366 1729 1447 quippo

143 1457 482 1526 versatur,utnaturas
496 1453 572 1514 duas
587 1454 755 1534 approbet:
767 1455 914 1516 ubiiuter
961 1472 1085 1540 peccata
1097 1460 1322 1538 indulgentem,
1339 1478 1400 1539 qua
1416 1458 1553 1521 Deusest
1564 1478 1571 1519 ι
1583 1464 1729 1519 utentem

141 1543 212 1616 alin,
234 1544 281 1605 sio
299 1543 334 1604 in
354 1545 482 1624 epistola
499 1545 628 1607 scribit:
647 1547 753 1608 uNam
777 1547 914 1607 Christus
963 1557 1008 1612 est
1016 1551 1291 1631 homo,paedsgogi
1302 1569 1388 1613 more
1397 1552 1436 1612 ad
1449 1570 1513 1612 nou
1526 1551 1726 1630 peccandum,

143 1653 207 1695 non
234 1635 302 1696 solo
327 1636 467 1711 nomine,
494 1638 547 1698 sed
568 1656 607 1698 ex
626 1639 673 1699 rei
693 1638 821 1700 veritate
842 1648 914 1701 ante
962 1643 1255 1705 instituentem.»
1281 1644 1365 1705 Idem
1398 1649 1546 1724 praeterea
1574 1644 1730 1703 Christum

142 1727 256 1789 amula
280 1726 420 1789 Verbum
439 1730 584 1806 existens,
604 1730 742 1792 Christus
765 1731 914 1792 Dominus
962 1736 1035 1797 alibi
1049 1734 1337 1797 dieithumanoore
1351 1737 1523 1811 loeutuml,
1548 1741 1579 1796 et
1592 1736 1730 1795 humane

140 1820 242 1881 Iesus.
259 1820 332 1899 Ipse
344 1820 429 1881 enim
441 1821 541 1882 factus
559 1822 724 1898 esthemo,
739 1823 793 1902 qui
811 1825 912 1885 incar·
962 1835 1120 1908 assumpta
1133 1846 1236 1900 carne,
1252 1830 1392 1889 docuisse
1412 1828 1564 1888 homines.
1586 1830 1631 1887 Ac
1655 1844 1729 1887 vero

141 1919 232 1973 nutus
245 1918 295 1973 eat
307 1929 346 1973 ex
359 1913 456 1975 Maria
466 1923 491 1974 ⁶·
505 1934 521 1972 ι)
962 1939 1102 2000 corpore,
1118 1938 1183 1981 non
1197 1925 1364 2000 apparente
1378 1920 1491 1995 solum,
1505 1918 1598 1980 fuisse
1616 1920 1729 1999 praedi-

181 2004 282 2066 Item:
298 2026 314 2062 ιι
328 2006 423 2081 Deus,
444 2006 557 2085 inquit,
580 2006 725 2087 apparuit
750 2007 784 2067 in
807 2026 909 2084 carne,
962 2019 1041 2084 tum,
1064 2014 1171 2074 asserit
1184 2011 1532 2086 insertoStromateon,
1562 2012 1728 2090 etquidem

140 2096 239 2159 hctus
259 2115 298 2158 ex
322 2097 471 2173 muliere;
486 2098 542 2177 qui
568 2117 606 2159 ex
629 2099 691 2159 Deo
713 2098 801 2159 Patre
819 2106 913 2161 natus
963 2105 1124 2179 deiomI‘,
1137 2105 1236 2165 acvili
1253 2124 1260 2164 :
1277 2105 1361 2183 quod
1375 2100 1726 2180 stsimiuimecongruit,

140 2197 250 2251 estex
273 2195 364 2251 utero
386 2196 458 2251 ante
479 2190 666 2264 Luciferum,
690 2196 850 2270 tamquam
873 2210 912 2252 ex
961 2197 1043 2259 valet
1051 2203 1157 2258 tamen
1170 2198 1207 2257 sd
1217 2196 1312 2257 fidem
1322 2212 1403 2258 verto
1414 2194 1562 2257 carnisab
1574 2194 1627 2255 illo
1637 2194 1730 2275 scrip·

140 2282 237 2343 corda
248 2281 391 2356 tubum,
408 2283 529 2344 editum
542 2298 581 2343 ax
600 2282 698 2355 Patre,
715 2286 748 2342 et
767 2283 907 2363 simplex,
961 2294 1028 2350 tere
1042 2290 1165 2367 agnitae,
1183 2292 1213 2349 et
1222 2291 1383 2367 utriusque
1397 2293 1527 2348 nature.

141 2379 240 2453 atque
253 2374 439 2453 impartibile
448 2374 587 2436 Verbum
596 2392 667 2435 caro
676 2373 791 2435 fuctum
800 2382 846 2436 est
856 2374 878 2436 l.
891 2396 907 2433 u
1001 2382 1086 2442 XIII.
1104 2380 1290 2460 Hippolytus
1303 2381 1463 2460 episcopus
1476 2385 1508 2439 et
1520 2384 1640 2457 martyr
1656 2378 1728 2439 Cle·

140 2467 186 2526 όν
210 2483 295 2539 1³⁰¹,
318 2467 464 2528 eumdem
486 2484 551 2528 esse
572 2466 645 2527 dicit
666 2465 908 2546 sanctificantem,
960 2472 1073 2534 mentis
1087 2472 1224 2552 equalis,
1243 2478 1325 2533 certe
1347 2478 1491 2551 pervetus
1511 2471 1594 2532 idem
1616 2466 1729 2546 dogma

139 2576 198 2619 nec
221 2559 302 2619 duos
328 2575 405 2633 esse,
426 2558 559 2619 alterum
581 2559 753 2636 hom'mem,
777 2559 911 2620 alterum
960 2564 1284 2644 multis,acpraeclaris
1296 2562 1730 2642 issosnavitsentenun,qms

138 2652 254 2713 Daum-
959 2657 1182 2733 theodoretus,
1197 2656 1346 2729 Celusius,
1362 2660 1394 2717 ct
1407 2656 1553 2716 Leontius
1566 2655 1726 2730 referunt;

178 2743 233 2805 Sic
244 2744 441 2807 Antioehsna
451 2743 600 2824 synodus,
616 2761 687 2823 qua
702 2742 792 2804 Psuli
804 2743 911 2803 Samo·
961 2766 1000 2810 ex
1034 2749 1148 2828 quihus
1181 2766 1277 2809 unam
1310 2748 1489 2823 alteramve,
1517 2747 1595 2808 diois
1622 2765 1726 2825 causa,

136 2837 238 2899 taleni
251 2837 423 2898 confutent
436 2838 590 2907 θωπεύων
602 2837 635 2897 in
650 2836 777 2915 epistola
788 2836 828 2896 ad
838 2852 910 2895 eum
959 2847 1229 2920 repraesentamus.
1242 2841 1277 2901 In
1291 2840 1430 2900 oratione
1444 2839 1578 2917 quadam
1591 2836 1729 2900 ἀστοῖσιν

136 2931 265 3010 scripta,
292 2930 456 3010 profitetur
482 2931 538 2991 Ilei
560 2928 676 3003 filium,
705 2934 737 2989 et
758 2927 908 3002 Verbum,
960 2941 1058 2994 torum
1084 2932 1303 3006 distributione,
1325 2932 1485 2992 haereticos
1511 2921 1726 3007 Illos'reielllt,

137 3022 311 3100 quisenta
332 3021 444 3083 saecula
458 3026 514 3095 est,
539 3039 603 3081 nou
629 3019 832 3101 prescientia,
857 3021 911 3081 sed
960 3025 1016 3105 qui
1029 3042 1153 3086 merum
1175 3025 1335 3085 hominem
1357 3024 1452 3083 fuine
1469 3023 1623 3083 Christum
1645 3040 1727 3082 asse-

135 3113 634 3195 fflbmfitstihyptlmflfflssum
644 3112 906 3192 lleiquefiliump
958 3122 1072 3185 rentes,
1086 3117 1279 3177 divinitatem
1293 3116 1322 3177 ei
1335 3115 1550 3191 detrahebant,
1566 3120 1620 3175 aut
1631 3132 1729 3174 econ-

135 3208 194 3268 ὀνο.
218 3227 236 3264 a
255 3226 275 3267 a
290 3207 378 3268 Patra
400 3207 438 3268 de
452 3207 529 3267 coelo
551 3205 739 3275 missumst
762 3205 909 3265 lucarna—
959 3209 1056 3269 traria
1069 3208 1167 3268 solam
1190 3209 1329 3269 divinam
1352 3208 1532 3282 tribuentes,
1557 3207 1729 3266 humanam

135 3304 217 3374 tum,
240 3299 403 3360 homiuem
421 3316 485 3360 esse
504 3297 631 3359 iactum.
657 3297 774 3357 Idcirco
798 3312 911 3375 corpus
958 3306 1104 3361 naturam
1124 3299 1322 3360 adimebant:
1340 3300 1445 3359 «adeo
1463 3303 1498 3357 ut
1520 3297 1592 3358 ficta
1616 3297 1726 3377 specie,

135 3391 286 3453 exbiaria
297 3397 419 3463 natum,
436 3408 508 3452 cum
521 3397 619 3451 totam
632 3389 801 3450 divinitatis
811 3389 912 3468 pleni·
960 3410 995 3453 aa
1005 3391 1090 3452 velut
1101 3395 1223 3469 spectro
1247 3389 1375 3450 illusisse
1399 3387 1612 3449 contuentium
1633 3388 1729 3448 oculis

135 3484 283 3545 tudinem
295 3484 434 3563 cepisset,
451 3481 651 3562 corporaliter
664 3481 830 3549 divinitati,
844 3480 911 3542 sine
959 3484 1049 3544 illum
1070 3480 1277 3543 dicerentl.»
1299 3481 1415 3542 Ambos
1448 3481 1554 3558 igitur,
1579 3497 1665 3540 veras
1698 3486 1729 3540 et

134 3580 353 3650 conversione,
370 3576 498 3636 unitum
510 3580 565 3643 est.
580 3580 609 3634 et
624 3572 800 3633 deificatum
810 3571 836 3633 ἃ.
852 3593 868 3632 ν
960 3581 1116 3636 exstantes
1128 3575 1235 3653 reipsa
1244 3580 1369 3634 naturas
1383 3573 1416 3632 in
1432 3572 1552 3632 Christo
1574 3572 1728 3632 confessus

173 3668 250 3729 ΧΙΙ.
268 3668 412 3729 Clemens
420 3666 657 3734 Alexandrinus,
669 3667 720 3745 qui
734 3665 838 3726 nescio
847 3682 911 3743 quo
961 3674 1008 3729 est
1022 3667 1217 3746 Hippolytus.

134 3761 236 3825 modo
249 3760 327 3821 mihi
341 3761 508 3833 exciderat,
523 3758 669 3819 eumdem
682 3774 745 3819 esse
770 3758 867 3818 Deum
881 3763 912 3818 et
1002 3760 1060 3832 Qui
1073 3759 1176 3819 etalio
1190 3759 1223 3817 iu
1241 3758 1309 3818 loco
1323 3757 1367 3817 sic
1392 3756 1469 3817 illud
1483 3757 1566 3816 idem
1585 3756 1727 3834 explicat,

134 3852 313 3927 hominem,
337 3852 494 3913 Christum
512 3851 686 3912 luculenter
704 3849 848 3911 affirmat.
865 3852 912 3911 Da
961 3870 999 3913 er
1011 3849 1122 3912 Gelasii
1135 3850 1408 3929 interpretatione:
1424 3869 1439 3905 ιι
1449 3850 1506 3908 llic
1519 3848 1729 3926 procedensin

134 3945 222 4006 illius
237 3944 399 4006 divinitate
411 3944 558 4024 preclara
576 3947 649 4004 sunt
663 3960 700 4004 ea
722 3943 911 4020 testimonia,
963 3944 1128 4020 mundum,
1145 3943 1226 4003 Deus
1240 3948 1271 4001 et
1283 3942 1379 4001 homo
1398 3939 1552 4019 apparuit.
1568 3939 1606 3999 Et
1623 3938 1728 3999 homi-

81 4117 87 4127 *
170 4154 192 4193 α
212 4136 297 4192 Dlort.
314 4133 356 4190 ud
370 4136 481 4191 Samos.
497 4141 564 4190 tom.
582 4134 615 4188 ΙΙ.
640 4132 673 4187 Ὃ
689 4131 909 4205 γὰρΧριστθςοθκ
961 4133 1091 4205 ἄχραντος,
1106 4136 1216 4203 πατρικῷ
1230 4131 1347 4201 θελήματι
1361 4130 1481 4193 διάκονος,
1496 4130 1581 4201 λόγος,
1597 4129 1659 4191 θεὸς,
1674 4129 1688 4181 ό
1703 4127 1728 4182 ἐν

134 4221 242 4293 dudm
257 4220 344 4290 μόνῳ,
367 4216 425 4271 ἀλλ’
447 4217 548 4288 ἀληθείᾳ
567 4217 615 4289 saph
640 4215 736 4268 αἰώνων
761 4217 795 4268 ὢν
816 4217 908 4287 λόγος,
959 4221 996 4287 τῷ
1009 4216 1093 4287 πατρὶ,
1108 4215 1123 4268 ό
1137 4213 1163 4267 tx
1176 4211 1259 4276 δεξιῶν
1273 4216 1317 4266 τοῦ
1331 4212 1431 4285 πατρὸς,
1448 4212 1492 4266 oin
1509 4212 1550 4265 ιιοιλ
1568 4216 1604 4283 τῷ
1618 4213 1727 4284 σχήματι

134 4304 243 4376 Χριστὸς
255 4302 338 4374 πόριος
363 4299 470 4369 Ἰησοῦς.
494 4299 567 4362 οὗτος
584 4299 632 4373 γὰρ
645 4299 744 4372 piparas
758 4300 910 4372 ἅνθρωποςό
959 4300 1020 4363 θεός.

133 4386 274 4460 munite
287 4383 431 4457 ὲιΜσρΙας.
996 4380 1017 4455 s
1030 4379 1071 4437 ld.
1088 4397 1148 4451 cap.
1171 4394 1211 4434 nr.
1231 4379 1317 4432 Πάντα
1334 4378 1426 4446 θνΙνησι
1447 4379 1461 4430 ὁ
1483 4379 1574 4448 κύριος,
1588 4378 1629 4429 καὶ
1648 4378 1728 4432 πάντα

170 4472 186 4526 ὁ
207 4468 284 4524 lbid.
304 4467 364 4529 Θεὸς
377 4467 424 4538 γὰρ
443 4464 582 4538 θρσνερώθη
603 4465 627 4519 ἓν
645 4467 725 4539 capsi,
739 4464 911 4539 γενόμενοςένε
959 4466 1057 4536 ώριλιῖ,
1070 4466 1110 4518 καλ
1124 4464 1158 4525 ὣς
1174 4463 1309 4535 ἅνθρωπος,
1329 4462 1368 4514 sat
1384 4460 1418 4523 ώς
1437 4462 1497 4524 θεός·
1513 4461 1545 4513 τὰ
1561 4461 1603 4532 μὲν
1619 4460 1728 4533 ἁμαρτή-

133 4552 262 4625 pssum,
285 4549 299 4602 ό
321 4548 348 4603 ts
371 4551 427 4603 θεοῦ
451 4549 541 4621 πατρὸς
560 4550 681 4621 γεννηθεὶς
704 4548 730 4602 ἔκ
742 4548 849 4621 γαστρός
862 4551 910 4621 πρὸ
960 4566 1026 4620 ματα
1039 4547 1135 4610 trebete
1149 4545 1226 4617 ἀρελς,
1242 4543 1277 4607 εἰς
1291 4543 1317 4598 bl
1327 4546 1357 4598 τθ
1367 4544 1399 4616 μὴ
1413 4543 1585 4616 ἐξαμαρτάνειν
1600 4547 1727 4615 ποιδσγω·

134 4635 277 4709 Ιυσρόρον,
295 4634 329 4696 ὡς
343 4632 392 4687 ἀπό
407 4633 506 4704 καρδίας
524 4633 599 4704 λόγος
611 4635 752 4705 τινεόρινος
766 4631 793 4685 is
808 4632 909 4703 πατρός,
958 4638 1010 4703 γῶν
1022 4631 1057 4692 ὡς
1070 4631 1204 4701 ἄνθρωπος.

132 4720 174 4772 sat
189 4718 321 4787 annu,
336 4718 378 4769 ul
392 4715 493 4788 ἂμιρὴς,
507 4715 592 4787 γέγονε
603 4715 662 4788 σὰρξ
676 4717 690 4769 ὁ
703 4718 787 4788 λόγος.
993 4730 1013 4783 p
1027 4708 1139 4768 Strato.
1155 4712 1201 4768 Vl.
1220 4709 1305 4782 Χθριός
1319 4708 1383 4763 ἔστιν
1405 4709 1446 4762 διὰ
1457 4710 1582 4780 πόματος
1607 4708 1728 4780 όνθρωιιθ·

168 4798 337 4858 οΑιιῑίοοΙΙ.
360 4814 424 4867 syn.
451 4806 518 4854 lom.
539 4796 562 4853 ll
593 4800 656 4855 Bib.
675 4801 727 4853 ΡΡ.
748 4799 801 4870 Πρὸ
814 4797 910 4851 αἰώνων
959 4814 1002 4850 νου
1015 4794 1306 4867 ιώριοςίνεργών.τνιθεῃ
1320 4792 1361 4845 sal
1375 4794 1453 4864 σάρκα
1464 4791 1602 4861 ἀνείληφεν.

134 4885 205 4948 datu,
230 4881 261 4936 οθ
285 4883 435 4954 προγνώσει,
459 4880 516 4934 ἀλλ’
535 4878 615 4951 οθσθρ,
634 4882 674 4934 sul
696 4881 908 4945 trentesiste,
994 4879 1143 4935 lthesot.
1168 4877 1243 4949 apud
1268 4875 1436 4933 Theodorei
1458 4874 1526 4931 dial.
1551 4875 1584 4929 ll.
1614 4875 1663 4929 tet
1679 4876 1728 4948 γὰρ

134 4966 188 5020 θεῶ
202 4966 271 5032 οἱον,
285 4971 341 5021 etc.
958 4962 1074 5024 aderint,
1084 4963 1140 5029 ηεοι
1154 4960 1224 5030 ψιλόν
1235 4959 1361 5031 ἄνθρωπον
1378 4952 1528 5031 ὁμολογοῦσι
1542 4958 1671 5030 πεφηνέναι
1684 4958 1727 5011 τὸν

168 5049 192 5106 d
212 5048 284 5105 lbid.
310 5045 376 5101 Ὗνιθ
389 5044 909 5118 dirotinutpbgdstocruillsmtfioipauiiu,
960 5045 1066 5117 Χριστόν
1089 5042 1122 5105 εἰς
1136 5043 1177 5096 τόν
1202 5043 1264 5113 βίον,
1284 5046 1327 5109 τῆς
1338 5042 1452 5108 θεότητος
1466 5036 1542 5093 αὐτοῦ
1564 5039 1594 5092 τό
1607 5038 1727 5092 τάλαντον

134 5132 176 5185 ml
190 5130 351 5202 σσρινωθὲντσ
375 5127 592 5201 ἐνηνθρωπηιιθναι.
616 5132 700 5201 διόπερ
713 5131 753 5183 sul
770 5130 800 5183 τό
821 5128 847 5183 te
866 5133 910 5196 τῆς
960 5128 1113 5200 όρνοθμενοι·
1124 5128 1179 5195 ἤτοι
1189 5126 1230 5178 τὸν
1241 5125 1294 5178 θεὸν
1304 5124 1492 5195 ὁμολογοῦντες,
1505 5122 1645 5176 ἀναίνονται
1653 5122 1726 5174 πάλιν

134 5215 259 5287 κσρθίνοο
270 5219 346 5285 σῶμα
359 5214 476 5284 χωρήσειν
490 5214 538 5265 πᾶν
552 5212 582 5266 τό
596 5213 719 5285 πλήρωμα
729 5215 772 5280 τῆς
785 5213 909 5279 θεότητος,
959 5212 1002 5265 τόν
1029 5211 1166 5282 ἄνθρωπον,
1186 5207 1406 5279 aspendensium
1429 5207 1583 5266 διδάσκοντες
1604 5204 1648 5265 τὰς
1662 5205 1728 5275 όψεις

135 5294 559 5368 σωματικῶςτῇθεότητιάτρέπιως
567 5294 670 5361 ἥνωται,
682 5295 721 5349 κοιλ
731 5295 908 5362 τεθεοποίητιιι.
960 5292 1041 5346 αὐτῶν
1065 5298 1114 5345 τῶν
1142 5293 1288 5363 θεωμένων,
1312 5289 1347 5350 isc
1369 5288 1512 5359 triparcos,
1541 5284 1569 5339 oi
1591 5287 1728 5358 ρορέσαντσ

170 5396 187 5436 e
206 5381 295 5436 Cusas.
310 5378 321 5433 l
336 5375 413 5433 Paed.
429 5393 489 5449 cap.
499 5394 528 5433 11.
548 5377 608 5441 θεός
621 5376 645 5431 ἐν
659 5377 786 5450 ἀνθρώπου
800 5377 910 5449 σχήματι
960 5376 1098 5447 ἄνθρωπον,
1113 5374 1179 5428 ἀλλὰ
1191 5370 1289 5441 δόκησιν
1299 5371 1450 5442 ρεσροτώδη
1466 5368 1560 5442 μᾶλλον
1572 5370 1707 5441 papolinus.

191 5533 247 5589 Gap.
261 5531 345 5577 ruet
355 5531 405 5575 Pal.
417 5530 482 5584 1.ΙΙΙ,
493 5542 513 5578 ο.
525 5544 534 5575 ι
546 5538 567 5576 οι
580 5542 601 5575 u
611 5532 656 5577 Str.
