4136 6178
295 254 336 321 10
793 249 1119 317 uuuotoutmuuu
1139 249 1358 317 mestruas

294 421 384 482 virtu
404 420 455 498 sit,
470 419 677 501 perennisque
696 418 767 485 tous
791 418 931 498 quidam,
951 417 1063 499 largis·
1113 418 1343 496 formidaturos,
1357 418 1412 481 sed
1433 417 1620 483 intrinseous
1631 417 1822 481 babimntsm
1834 419 1883 501 ip-

295 513 534 585 simemanuns,
550 518 582 575 et
600 512 635 574 in
655 529 763 575 omnes
781 510 926 573 omnium
947 516 1066 591 tempo·
1114 530 1182 574 sum
1195 510 1434 591 logisiustitiam
1458 511 1667 574 dimotum.»
1688 511 1745 574 ilie
1762 512 1884 591 Augus·

295 623 367 666 mm
381 605 535 679 homines,
551 603 658 683 maun
671 622 708 665 ao
725 604 883 667 donorum
895 604 1065 665 coelestium
1114 603 1174 665 tini
1187 603 1273 665 loeus
1286 604 1450 684 utriusque
1464 603 1543 683 logis
1564 604 1741 680 diserimeu,
1754 610 1787 667 et
1798 605 1885 667 iudo-

295 698 415 778 ooplam
434 714 655 777 usquequaque
683 695 876 773 diffundens,
905 696 978 775 quis
996 695 1066 757 sel·
1115 695 1193 772 lem3
1208 697 1426 776 aepreserum
1439 696 1613 772 nouerim,
1628 696 1884 776 etproprietutom

297 790 360 851 lum
378 788 467 851 uliud
477 807 581 850 nomen
595 796 637 850 ert
654 787 707 850 sut
727 787 799 850 caulo
818 786 922 849 dotum
936 787 1066 849 domini·
1116 787 1324 869 pulcherrime
1338 788 1494 849 describit.
1516 788 1616 850 Simul
1635 788 1713 849 illud
1738 787 1882 865 affirmet,

300 881 395 942 busin
406 900 464 962 quo
477 887 612 961 oporteat
626 880 782 943 omsoioes
800 879 897 957 fieriu
909 880 1067 943 nihilomi-
1117 880 1201 960 quod
1212 879 1306 960 paule
1321 885 1394 941 unte
1411 880 1486 947 dixi.
1507 879 1609 959 legem
1623 898 1737 943 nevum
1746 880 1883 960 plerum-

297 992 358 1035 nus
382 975 456 1037 nori
480 974 669 1035 Testamenti
695 972 858 1053 peculiaris
875 972 994 1033 fruetus
1017 971 1069 1034 ille
1117 990 1179 1052 que
1198 989 1262 1034 non
1283 977 1475 1052 preceptum
1501 972 1605 1052 ipsum
1631 972 1815 1050 signifiare,
1831 972 1884 1033 sed

297 1071 450 1142 sensatur,
464 1071 530 1128 tam
550 1065 689 1126 Christus
705 1066 783 1145 ipse,
807 1082 903 1144 quam
924 1064 991 1144 elau
1002 1082 1068 1125 me·
1117 1065 1259 1144 gratiam,
1275 1068 1306 1126 ot
1327 1064 1421 1143 htrjus
1441 1063 1576 1141 iontem,
1590 1079 1623 1126 et
1642 1064 1806 1143 originem,
1825 1064 1886 1127 hoo

296 1158 366 1232 rita,
382 1159 538 1220 ethorum
551 1157 652 1238 pretio
671 1165 866 1237 comparata,
882 1156 1070 1219 auxiliorum
1117 1164 1164 1219 est
1192 1155 1342 1235 Spiritum
1365 1161 1525 1232 sanetum,
1553 1155 1661 1236 quiin
1681 1174 1762 1217 noro
1784 1158 1886 1218 Testa·

296 1251 405 1329 gratiae
419 1250 612 1327 inexhauste,
629 1254 660 1311 et
673 1248 806 1311 elilueus
824 1248 949 1309 ubertas
965 1268 972 1308 :
989 1266 1069 1329 prae-
1118 1254 1235 1325 mento,
1250 1248 1386 1310 velutin
1398 1249 1539 1328 purniiso
1552 1249 1746 1326 constitutus,
1760 1248 1884 1328 quadri-

297 1344 403 1404 serlim
417 1344 582 1422 quieuere
592 1343 724 1418 ratione,
736 1341 989 1421 etsuperioribus
1002 1340 1071 1403 inu·
1117 1342 1227 1403 iariem
1249 1341 1322 1403 inde
1342 1347 1439 1402 sectas
1464 1359 1560 1420 aquus
1586 1341 1619 1401 in
1642 1359 1750 1402 omnes
1776 1340 1886 1402 mundi

298 1434 389 1496 situtu
409 1434 613 1512 temporibus,
628 1440 700 1515 post
723 1435 904 1510 adventum,
920 1439 1071 1496 mortem·
1118 1438 1231 1514 partes,
1248 1434 1307 1495 hoo
1320 1437 1366 1495 est
1379 1438 1484 1495 astaus
1497 1451 1606 1495 omnes
1620 1433 1752 1494 humani
1766 1433 1886 1511 generis

297 1544 359 1606 que
393 1527 505 1588 Christi
539 1526 763 1588 eommunioari
793 1527 903 1606 empit;
939 1532 976 1586 ut
1005 1544 1070 1587 nen
1119 1526 1242 1587 amittit.
1258 1527 1325 1587 Hoo
1344 1542 1438 1587 seusu
1454 1525 1723 1606 interpretandum
1741 1525 1884 1601 illudest,

298 1617 460 1681 efficientia
495 1619 570 1695 sols,
599 1619 863 1699 quemadmodum
893 1623 995 1696 arma,
1017 1619 1071 1680 sed
1119 1618 1204 1698 quod
1227 1618 1386 1680 interdum
1410 1617 1534 1695 dioitm,
1549 1618 1650 1697 legem
1672 1635 1797 1692 novam,
1823 1618 1886 1679 sive

298 1710 469 1773 substantia
481 1711 548 1791 ipsa
563 1711 661 1773 saneti
683 1710 817 1791 Spiritus
829 1710 1069 1782 senetifloandis,
1119 1712 1352 1771 Testamentum
1359 1728 1488 1784 novum,
1503 1728 1568 1773 non
1580 1712 1680 1772 solum
1689 1714 1885 1783 munerasse,

297 1803 540 1883 adoptandisque
556 1803 659 1882 justis,
673 1809 705 1864 et
718 1803 808 1882 regni
828 1802 960 1864 eoelmtis
981 1801 1072 1864 here·
1115 1802 1302 1882 jussisseque
1324 1802 1399 1881 quid
1426 1801 1495 1863 fleri
1516 1808 1690 1883 oporteret,
1718 1803 1771 1863 sed
1792 1802 1887 1870 etium

298 1894 389 1956 dibus
402 1894 555 1975 applicata
573 1895 677 1957 tuerit.
693 1897 737 1956 lle
760 1913 823 1974 quo
843 1894 993 1973 singulari
1017 1895 1073 1956 itai
1119 1892 1200 1955 uires
1213 1894 1251 1955 ad
1269 1895 1436 1972 agendum,
1451 1896 1664 1975 auxiliumque
1677 1894 1854 1976 praebuisse.

297 1985 459 2063 beneficio,
474 2007 509 2049 ao
533 1987 607 2049 novi
625 1988 815 2049 Testamenti
834 1986 972 2066 proprie,
995 1986 1073 2047 nihil
1159 1987 1210 2046 IV.
1228 1986 1439 2051 Quamobrem
1465 1987 1576 2049 Christi
1595 1988 1735 2063 Domini,
1760 1987 1887 2066 ejusque
1979 2020 2026 2066 p,-

299 2078 350 2143 tue
364 2079 478 2140 eddam
492 2080 530 2141 ad
545 2097 592 2155 ea,
609 2097 679 2160 qua
693 2079 726 2140 iu
742 2083 850 2139 octavo
862 2078 942 2139 libro
956 2076 994 2139 de
1006 2078 1074 2139 Tri·
1121 2077 1253 2157 Spiritus
1265 2078 1363 2139 virtus
1376 2083 1407 2139 et
1423 2078 1597 2149 efficientia,
1606 2098 1673 2141 non
1684 2078 1728 2141 sie
1741 2077 1887 2140 attributa
1985 2079 2005 2121 i·
2026 2088 2038 2119 ¹¹

298 2170 390 2232 attere
404 2171 521 2232 affatim
535 2172 674 2251 exposita
688 2170 790 2232 suut¹.
1119 2175 1181 2243 est,
1205 2170 1392 2250 proprieque
1414 2169 1494 2232 faeta
1522 2172 1595 2232 novi
1623 2172 1826 2247 Testamenti,
1852 2175 1888 2235 ut

194 2311 209 2342 „
236 2313 264 2344 ,ω
335 2262 392 2324 111.
408 2264 473 2325 Hae
496 2263 601 2342 itaque
618 2264 657 2324 de
681 2280 782 2333 osnes,
806 2261 888 2340 quod
914 2266 1022 2322 auetor
1042 2267 1073 2322 et
1120 2279 1186 2322 non
1199 2262 1232 2322 in
1248 2267 1337 2322 vetus
1351 2268 1492 2341 porrecta
1509 2264 1613 2324 fauerit.
1635 2265 1712 2325 Tam
1730 2264 1815 2324 enim
1827 2263 1888 2324 late

185 2312 191 2341 Ι

174 2365 235 2396 ”⁸
298 2352 368 2415 fons
377 2355 485 2433 gretie
495 2355 644 2424 Christus,
663 2354 791 2433 ejusque
805 2353 939 2433 Spiritus
947 2358 1072 2414 sanetus
1119 2354 1219 2432 patuit
1237 2354 1336 2432 gretia
1358 2354 1484 2430 Christi,
1500 2373 1595 2434 mam
1613 2357 1680 2434 ejus
1705 2356 1823 2417 merita.
1846 2356 1889 2417 Eu

300 2445 333 2504 in
346 2446 535 2509 Testamenti
558 2448 649 2523 novi,
666 2446 730 2508 aive
754 2447 830 2525 legis
858 2463 948 2507 nove
975 2463 1070 2507 censu
1119 2463 1194 2506 vero
1222 2464 1278 2525 per
1300 2446 1405 2507 omnia
1437 2453 1590 2527 tempora,
1616 2449 1710 2508 etiem
1736 2447 1890 2508 enoenoru

298 2545 492 2617 numeratur,
514 2540 629 2601 iaetum
647 2539 724 2601 illud
737 2539 889 2609 videmus,
911 2538 957 2598 uti
969 2537 1071 2617 Spiri-
1120 2544 1289 2617 propagata
1300 2543 1406 2599 sunt«
1418 2540 1487 2601 Non
1501 2541 1584 2601 enim
1598 2558 1680 2601 novo
1693 2540 1833 2614 oonsilio,
1845 2540 1889 2600 ait

298 2635 349 2690 tus
360 2632 424 2712 ipse
438 2639 561 2695 sanetus
572 2632 730 2714 interdum
739 2649 819 2692 nova
825 2631 877 2691 lox
887 2629 1069 2709 appelletur,
1121 2630 1197 2705 Leo,
1212 2631 1293 2690 Deus
1306 2631 1399 2691 rebus
1406 2631 1581 2707 humanisl,
1598 2650 1655 2694 nee
1673 2650 1741 2694 sera
1758 2632 1888 2692 misera-

298 2721 462 2803 diqitollei
477 2724 590 2789 nostris
613 2723 928 2802 eordibusineoripta.
949 2724 995 2783 De
1009 2740 1072 2802 quo
1120 2721 1205 2782 tione
1219 2722 1375 2791 consuluit
1391 2742 1398 2783 :
1414 2724 1468 2785 sed
1490 2741 1509 2785 u
1532 2725 1751 2786 constitutione
1775 2741 1889 2801 mem,

298 2817 457 2879 luoulentu
469 2817 528 2878 ista
541 2822 615 2877 suut
627 2815 795 2894 Augustini
810 2816 843 2874 in
854 2813 934 2874 libro
948 2812 984 2875 de
996 2814 1071 2894 Spi-
1122 2813 1325 2893 eamdemque
1335 2815 1481 2877 omnibus
1492 2835 1619 2877 eausam
1630 2818 1735 2878 salutis
1744 2816 1888 2878 instituit.

298 2915 363 2971 ritu
376 2917 403 2969 et
426 2907 534 2980 littero,
558 2910 657 2987 eapite
677 2925 744 2968 ιιι.
765 2927 780 2964 u
799 2906 880 2980 Quid
904 2911 977 2967 sunt
998 2923 1072 2986 ergo
1122 2906 1226 2966 Gratia
1239 2912 1344 2967 autem
1358 2908 1425 2983 Dei,
1438 2926 1501 2987 qua
1511 2926 1632 2988 semper
1650 2915 1697 2970 est
1707 2908 1891 2969 universitas

298 3000 383 3078 leges
404 3000 511 3061 Deieb
536 2999 603 3079 ipso
626 3000 689 3060 Deo
713 2998 834 3078 seriptoe
859 2998 893 3057 in
915 2997 1071 3074 eordibus,
1117 2997 1284 3076 justificata
1305 3004 1496 3076 sanatorum,
1518 3006 1608 3061 sueta
1625 3006 1671 3063 est
1686 3001 1806 3062 Christo
1820 3019 1890 3062 nas·

299 3092 359 3152 nisi
384 3092 450 3172 ipsu
473 3093 637 3171 praesentia
653 3091 787 3168 Spiritus
808 3089 919 3162 saneti,
946 3091 1001 3169 qui
1027 3095 1073 3150 est
1122 3095 1220 3165 eante,
1243 3107 1308 3151 uon
1336 3095 1447 3170 empta.
1477 3093 1514 3153 lit
1541 3092 1600 3153 hoe
1625 3109 1748 3172 magnae
1769 3091 1891 3172 pietatis

300 3183 414 3261 digitus
427 3183 493 3255 Dei,
509 3202 571 3264 quo
591 3186 743 3263 praesente
765 3180 951 3242 diffunditur
970 3181 1072 3242 eberi-
1123 3183 1356 3244 Saeuumentum
1368 3228 1376 3256 ,
1387 3201 1450 3262 quo
1461 3189 1545 3246 totus
1553 3185 1620 3263 jam
1634 3187 1771 3246 mundus
1784 3184 1892 3264 imple·

301 3282 345 3336 tes
357 3276 390 3337 in
404 3275 548 3337 cordibus
575 3274 706 3350 nostris,
720 3291 790 3353 qum
813 3272 974 3352 plenitudo
996 3272 1073 3350 legis
1122 3280 1240 3346 tuaest,
1256 3279 1322 3335 tam
1334 3281 1443 3354 potens
1455 3276 1548 3337 etiam
1562 3277 1596 3337 ln
1610 3278 1674 3338 suis
1693 3277 1891 3356 siguifioutio-

300 3371 357 3439 est,
376 3371 407 3428 et
424 3367 570 3447 precepti
590 3364 713 3427 finisti
730 3363 849 3431 Quibus
872 3364 929 3425 ista
949 3364 1073 3444 subjioit
1122 3366 1216 3427 nibus
1240 3366 1315 3440 suit3
1330 3373 1443 3428 utnon
1464 3369 1569 3429 minus
1582 3369 1685 3449 adepti
1703 3371 1774 3445 sint,
1790 3370 1890 3450 quiin

300 3457 389 3519 valde
403 3458 443 3521 ed
460 3477 527 3520 rem
541 3457 709 3538 speetantiu
724 3476 731 3518 τ
751 3478 766 3517 u
781 3457 860 3517 Num
874 3456 947 3535 quia
960 3457 1073 3518 veteru
1122 3457 1200 3521 illud
1224 3459 1382 3520 credidere
1396 3460 1595 3539 promissum,
1613 3479 1709 3541 wem
1721 3463 1777 3542 qui
1789 3479 1891 3523 susee-

300 3550 488 3613 Testameuti
509 3549 661 3629 promissa
672 3555 797 3611 terrem
814 3553 897 3621 sunt,
913 3548 985 3609 lieet
1013 3547 1073 3630 (ea-
1122 3550 1403 3631 perseueratum.»

300 3641 394 3721 ceptis
413 3641 710 3720 sacramentisque
723 3639 835 3703 umbra
848 3638 1072 3701 erantiuturo-
1162 3642 1342 3721 Benequod
1359 3643 1465 3705 soribit
1480 3646 1551 3722 Leo,
1567 3653 1683 3709 emtam
1705 3665 1761 3708 esse
1775 3646 1892 3708 Christo

300 3751 392 3809 rum,
408 3734 486 3795 aierit
508 3738 555 3795 est
581 3732 787 3807 oiroumeisio,
804 3736 836 3793 et
849 3730 1025 3805 sabbatum,
1042 3737 1073 3792 et
1122 3742 1265 3810 museto,
1280 3735 1340 3796 hoo
1351 3741 1398 3797 eat
1411 3754 1494 3798 novo
1511 3740 1708 3801 Testamenta
1728 3738 1889 3817 patsiaoto,

301 3825 370 3887 eliae
388 3826 510 3889 dierum
532 3824 781 3899 observationes,
808 3828 840 3884 et
863 3823 1072 3902 quarumdam
1122 3844 1179 3887 oon
1201 3832 1324 3907 coeptam
1343 3828 1484 3907 quotum.
1500 3830 1583 3891 Nam
1610 3849 1717 3892 revera
1739 3831 1891 3912 eopiosior

300 3935 442 3980 esserum
456 3917 639 3980 apremonte
664 3923 695 3977 et
721 3914 884 3994 multiplex
908 3914 1073 3977 saerifioio·
1123 3922 1154 3978 et
1167 3917 1344 3980 affluentior
1362 3920 1396 3980 in
1421 3938 1504 3981 nouo
1525 3923 1617 4002 erepit
1638 3940 1719 3997 esse,
1735 3940 1830 4004 quam
1856 3922 1890 3983 in

301 4027 384 4085 rum,
400 4027 620 4088 sacrorumque
641 4010 735 4076 ritus,
751 4025 822 4087 quae
842 4007 987 4068 vetuueti
1005 4024 1073 4068 oar·
1123 4009 1252 4089 antiquo
1274 4009 1384 4072 fuerat.
1402 4013 1523 4075 Etenim
1543 4015 1649 4075 divina
1670 4015 1828 4095 Sapientis
1849 4017 1891 4075 ite

301 4101 380 4165 uelis
392 4101 479 4180 legis,
492 4101 632 4179 jugoque
646 4099 750 4161 servili
762 4097 987 4179 oongruebunt)
1001 4098 1076 4160 teliu
1123 4102 1231 4179 gratiae
1245 4121 1309 4164 aun
1333 4120 1475 4179 munere,
1491 4111 1522 4166 et
1540 4106 1687 4168 humanas
1703 4106 1892 4168 imbecillita-

302 4195 484 4257 ooutineant
510 4197 663 4273 praeopta
682 4191 830 4270 justitiae,
859 4191 963 4270 qualia
989 4208 1075 4252 nune
1123 4192 1292 4255 bsauxilia
1308 4195 1506 4275 dispensavit,
1521 4205 1557 4259 ut
1574 4199 1770 4279 promodulo
1792 4199 1893 4278 cujuls-

303 4303 427 4365 queque
447 4285 609 4347 observare
640 4282 849 4363 praecipimur,
873 4289 930 4345 elo.
956 4284 1074 4345 Tamen
1123 4290 1301 4364 questatus,
1314 4293 1347 4348 et
1359 4306 1416 4367 pro
1431 4291 1493 4351 tine
1504 4308 1541 4351 ae
1554 4309 1657 4372 saepo,
1668 4292 1702 4352 in
1717 4309 1810 4372 quem
1823 4308 1897 4372 pro,

303 4378 492 4457 quinium,
508 4378 588 4439 sicut
611 4375 690 4450 diri,
708 4375 858 4455 promissa
879 4381 1024 4450 terrena,
1044 4380 1076 4437 et
1123 4377 1191 4456 pria
1210 4378 1406 4457 singulorum
1426 4382 1525 4445 officie
1544 4383 1706 4462 dirigebat,
1728 4388 1891 4447 eonsenta-

302 4469 485 4550 temporalie
499 4470 680 4536 recitentur,
694 4486 764 4548 quae
786 4467 869 4529 bona
889 4473 963 4529 sunt
982 4467 1075 4545 hujus
1125 4486 1221 4530 neum
1252 4471 1291 4530 iis
1330 4471 1502 4551 edjrrmenti
1533 4492 1646 4553 genus,
1685 4481 1716 4537 et
1748 4476 1892 4538 idoneam

303 4561 509 4641 surruptibilis
521 4561 641 4635 earnis3
656 4560 799 4636 quamvis
816 4560 861 4621 eis
874 4561 1073 4639 sempiterna,
1124 4561 1245 4639 copiam
1271 4561 1444 4632 destinarit,
1473 4566 1582 4644 Itaque
1605 4566 1640 4627 in
1674 4584 1756 4629 novo
1782 4570 1891 4629 Testa·

304 4659 397 4734 atque
410 4652 554 4721 ooelestia.
571 4652 610 4714 ad
628 4670 746 4713 novum
765 4652 878 4714 seilicet
896 4652 1075 4713 Testamen·
1125 4658 1243 4728 menlo,
1256 4652 1306 4713 oui
1320 4659 1352 4714 et
1371 4653 1443 4715 linis
1462 4658 1668 4734 prestantior,
1685 4664 1717 4719 et
1739 4659 1891 4721 exoellen-

304 4751 373 4807 tum
398 4744 603 4824 pertinentia,
625 4743 850 4821 ligamentum
873 4761 957 4804 nuno
980 4743 1076 4822 ipsius
1124 4742 1204 4805 tiore
1232 4746 1389 4823 proposita
1421 4755 1494 4808 sunt
1531 4756 1695 4830 praesepta,
1730 4751 1893 4830 singularis

304 4836 425 4898 bonum
447 4835 548 4897 oordis
569 4835 772 4916 promittitur,
798 4834 912 4897 mentis
936 4834 1074 4912 bonum,
1124 4834 1364 4913 eujusdumtum
1378 4838 1628 4913 dignitatatem
1641 4842 1892 4904 ultermtisattri·

305 4928 433 5009 spiritus
447 4927 585 5003 bouum,
600 4927 659 4989 hoe
678 4932 725 4990 est
737 4926 931 5006 intelligibile
944 4926 1074 5003 bonum,
1125 4925 1201 4987 buta
1214 4928 1313 5003 gratia
1334 4935 1390 4991 est.
1416 4931 1498 4992 Finis
1521 4934 1709 4997 Testamenti
1732 4937 1816 5013 novi,
1831 4954 1892 4998 om·

306 5037 380 5082 oum
392 5019 516 5092 dieitur,
533 5017 616 5079 Dedo
625 5017 699 5099 leges
713 5037 789 5079 meaa
802 5023 834 5078 in
854 5023 947 5079 moute
960 5036 1074 5091 eorum,
1126 5017 1201 5078 leste
1215 5035 1348 5094 regnum
1364 5028 1421 5095 est,
1438 5043 1473 5085 ae
1486 5025 1579 5104 plene
1601 5028 1716 5090 summi
1734 5028 1809 5089 boni
1823 5047 1892 5109 pos-

306 5119 336 5173 et
349 5112 381 5173 ia
393 5108 529 5172 cordibae
541 5109 767 5173 eorumeorideur
785 5108 862 5171 eas³.
878 5110 967 5171 Unde
980 5109 1075 5186 sigui·
1127 5109 1222 5171 nato
1238 5130 1246 5175 z
1263 5130 1333 5191 quae
1347 5114 1381 5174 in
1393 5114 1476 5176 olaro
1492 5117 1544 5178 Dei
1558 5120 1709 5196 oontuitu,
1721 5120 1893 5201 etperieoto

307 5202 410 5264 fieavit
435 5205 486 5264 eas
503 5220 569 5263 non
592 5202 763 5263 forinsecus
788 5207 956 5262 terrentem
976 5200 1078 5279 legem
1128 5199 1197 5276 ejus
1208 5219 1314 5267 amore
1326 5205 1473 5272 ambus.
1489 5208 1563 5283 Qua
1580 5228 1630 5273 res
1642 5211 1683 5273 ad
1703 5212 1846 5275 animum
1858 5229 1895 5273 eo

335 5404 345 5446 t
361 5405 407 5448 Aet.
418 5411 448 5453 tr,
463 5402 543 5448 lt.-‘l
555 5401 607 5459 Cap.
622 5413 644 5446 rr
657 5408 728 5458 etseq
738 5401 784 5447 -S
797 5403 876 5447 knut.
888 5410 945 5451 xm,
956 5400 1045 5451 Sit-t
1059 5410 1107 5457 sgr.
1117 5401 1175 5449 ratde
1186 5402 1256 5449 tutis.
