4122 6248
583 319 633 380 DE
653 316 956 390 INCARNATIONE,
979 314 1049 376 ΠΒ.
1074 316 1111 390 V,
1140 315 1223 377 CAP.
1245 315 1299 376 XI.
1672 312 1733 372 633

153 484 539 561 memnonen11,iuum
560 485 662 565 ipsum
676 484 731 545 Dei
750 483 868 554 filium,
882 501 918 542 ac
966 482 1084 562 Quippe
1105 486 1208 542 mente
1234 484 1420 560 srrsceperet,
1449 485 1480 540 et
1506 479 1733 556 contempserat

153 575 302 651 Verbum,
318 581 348 636 et
370 577 538 655 imaginem
551 577 662 650 Patris,
688 578 798 655 ingens
820 592 919 635 reme·
1607 568 1730 646 [legem.

152 667 250 743 dium,
275 667 314 729 ad
337 668 496 748 ingentem
520 671 621 750 operis
647 670 696 730 sui
709 669 918 730 calamitatem
966 666 1201 746 Idipsumrero,
1215 665 1297 744 quod
1310 660 1733 743 contempsit,assumendum

151 761 373 822 sublevandam
387 763 515 824 missum
533 780 597 824 esse
611 761 684 822 dicit
695 782 703 836 ;
720 784 732 819 ι
750 766 779 822 et
793 777 918 822 curnem
1652 750 1733 829 [fuit-

150 853 252 915 carnis
265 854 364 931 gratia
373 860 524 934 gestumr,
540 873 575 916 oc
589 855 717 915 mistum
731 872 795 914 esse
807 848 919 913 intelli·
966 850 1011 910 Ne
1024 849 1119 928 igitur
1133 849 1294 911 dimidium
1307 867 1357 910 mo
1371 847 1468 908 salvet
1476 845 1615 908 Verbum

150 946 235 1025 genti
244 948 357 1007 animae
363 952 490 1026 propter
496 947 632 1008 ammam
642 964 744 1008 meam
754 966 762 1021 ;
774 952 808 1007 ut
818 943 918 1005 simile
967 941 1025 1016 Qui
1036 948 1117 1002 totus
1126 959 1195 1003 sum
1209 941 1290 1002 male
1304 936 1460 1002 affuerat.
1476 959 1492 995 ν

150 1038 243 1098 simili
256 1043 467 1119 repurgarer.
482 1065 496 1093 »

190 1130 277 1190 Idem
286 1130 319 1191 in
333 1130 435 1210 priore
448 1130 488 1191 od
503 1128 675 1192 Cledour'em
690 1129 836 1208 epistole:
856 1150 872 1186 u
885 1128 918 1189 si
967 1130 1006 1189 Et
1020 1129 1052 1189 in
1066 1127 1126 1187 alio
1140 1128 1298 1200 carmine,
1314 1124 1423 1185 tritum
1447 1120 1536 1195 illud,
1562 1126 1593 1180 et
1621 1117 1735 1179 Graecis

150 1222 220 1301 quis
246 1222 279 1281 in
305 1222 465 1283 hominem
493 1222 605 1283 mentis
628 1226 785 1301 expertem
804 1226 916 1300 sperat,
967 1221 1115 1281 usitatum
1131 1223 1237 1280 scutra
1254 1216 1426 1278 istiusmodi
1444 1216 1575 1276 haereses
1598 1228 1736 1291 pronun-

87 1346 90 1351 <
150 1331 260 1374 emens
284 1319 330 1375 cst
355 1332 481 1391 revera,
496 1332 598 1395 neque
623 1314 734 1393 dignus
761 1314 815 1392 qui
837 1318 919 1373 totus
968 1313 1033 1388 tiet;

149 1406 298 1467 salvetur.
325 1407 413 1480 Quod
440 1407 524 1467 enim
549 1413 742 1486 assumptum
768 1423 833 1466 non
861 1413 917 1472 est,
1388 1472 1390 1477 ,

149 1499 320 1559 curationis
329 1505 376 1559 est
388 1516 506 1578 expers.
520 1500 608 1566 Quod
618 1503 722 1559 autem
735 1497 860 1558 unitum
872 1502 920 1557 est
971 1506 1092 1575 «Quod
1116 1506 1201 1566 enim
1228 1509 1422 1584 assumptum
1450 1520 1515 1563 non
1541 1506 1606 1575 est,
1635 1499 1734 1559 salute

149 1589 225 1665 Deo,
241 1590 375 1670 idipsum
385 1597 416 1652 et
429 1592 526 1652 salute
540 1592 685 1651 donetur.
698 1590 729 1651 Si
740 1588 920 1650 dimidiatus
1579 1595 1700 1670 [cereta
1717 1610 1732 1647 ο

149 1682 919 1762 tantumAdamuslepsusest,dimidiatumquoque

148 1776 368 1836 tantummodo
388 1776 427 1836 sit
449 1775 533 1854 quod
547 1774 730 1849 assumitur,
750 1777 782 1835 et
799 1772 919 1833 salvum
1007 1784 1080 1843 xil.
1096 1780 1262 1859 Gregorius
1270 1777 1514 1857 Nyssenuslibro
1524 1775 1626 1855 primo
1634 1782 1737 1835 contro

148 1865 196 1927 fit.
211 1867 301 1933 Quod
316 1867 341 1927 si
353 1872 434 1927 totus
446 1867 593 1946 perrevii,
609 1866 666 1926 toti
679 1882 802 1946 quoque
816 1865 920 1941 genito
967 1875 1166 1948 Eunomr'um,
1187 1872 1276 1933 «hoc
1297 1870 1463 1951 impietatis
1489 1869 1609 1928 Ariunoe
1627 1865 1737 1926 funda.

147 1959 259 2020 unitus
281 1970 336 2035 est,
365 1963 457 2038 etque
487 1977 525 2020 cx
551 1962 616 2019 toto
637 1957 768 2018 salutem
785 1958 920 2038 assequi-
967 1972 1111 2027 mentum
1124 1981 1189 2025 esse
1198 1963 1303 2024 scribit
1313 1963 1347 2022 in
1362 1961 1517 2023 lucarnati
1527 1957 1622 2019 Verbi
1635 1974 1735 2018 sacre·

148 2050 251 2112 turi.»
968 2066 1093 2131 mento,
1122 2056 1207 2135 quod
1233 2059 1334 2115 totum
1363 2053 1525 2114 hominem
1554 2054 1736 2111 asserente

188 2143 234 2204 Ae
248 2142 341 2222 saulo
355 2148 425 2223 rost
444 2142 476 2203 in
490 2142 599 2204 eadem
612 2141 756 2221 epistola,
772 2159 842 2220 νυν
856 2146 921 2202 tota
970 2150 1091 2211 obriso
1105 2164 1244 2209 naneae
1257 2144 1508 2220 lucraremur
1521 2141 1658 2203 aomina
1670 2146 1738 2201 un-

147 2242 251 2296 contra
270 2235 479 2315 Apollinarem
497 2233 610 2312 scripte
628 2238 691 2307 est;
715 2254 731 2290 α
744 2233 769 2292 si
783 2250 871 2294 mens
886 2234 921 2294 iu
969 2248 1037 2303 tum
1051 2240 1234 2312 dimidium,
1255 2238 1287 2298 id
1307 2245 1353 2299 egr
1368 2235 1509 2317 eorpugt,
1533 2256 1549 2293 ,ι
1579 2235 1617 2294 Ει
1643 2232 1737 2312 paulo

148 2327 370 2388 Inrarnetione
395 2326 502 2387 relicta
522 2329 578 2399 est,
603 2325 668 2384 solo
682 2330 841 2403 assumpto
853 2343 920 2386 cor·
970 2333 1132 2415 posthunc
1145 2349 1281 2393 errorem
1296 2331 1433 2392 confutat
1452 2347 1492 2389 ax
1507 2346 1543 2389 eo
1557 2326 1632 2400 tine,
1647 2326 1738 2403 eujus

147 2436 244 2499 pore,
269 2416 494 2495 ignoscendum
508 2416 568 2476 illis
581 2433 646 2477 essa
659 2415 748 2486 dicit,
773 2416 827 2494 qui
841 2417 921 2478 circe
969 2426 1068 2505 gratia
1084 2424 1135 2485 oei
1150 2423 1234 2483 filius
1244 2422 1330 2483 venit
1343 2423 1376 2482 in
1391 2421 1562 2481 munuum:
1576 2435 1688 2497 nempe
1703 2424 1739 2477 ut

148 2513 290 2572 mentem
312 2515 452 2588 peceant.
478 2508 596 2588 Quippe
624 2507 836 2567 testimonium
867 2508 921 2568 Dei
970 2513 1152 2596 quereret¹,
1172 2520 1203 2575 at
1221 2515 1340 2575 salvum
1358 2513 1473 2574 fureret
1491 2511 1575 2591 quod
1592 2514 1737 2590 perierat.

148 2602 325 2664 secundum
352 2606 382 2661 te
408 2599 570 2661 manifeste
599 2599 714 2670 docuit,
744 2616 812 2659 eam
836 2600 922 2661 nullo
971 2608 1108 2669 Perierat
1121 2611 1225 2667 autem
1238 2624 1304 2666 non
1315 2622 1442 2684 corpus,
1462 2603 1516 2665 sed
1537 2606 1621 2662 totus
1644 2602 1739 2662 homo

148 2701 245 2776 pacto
263 2711 350 2770 posse
364 2691 497 2753 senaria
514 2713 529 2748 ν
547 2690 724 2752 Secundum
740 2709 810 2770 quae
824 2691 921 2772 piuri-
971 2718 1010 2760 ex
1024 2699 1128 2759 anima
1141 2697 1340 2776 compositus,
1368 2698 1447 2764 1m0,
1471 2696 1496 2756 si
1513 2695 1617 2756 verius
1636 2694 1739 2774 10qui.

147 2787 210 2847 bus
219 2784 354 2846 ostendit
368 2801 441 2845 oum
454 2790 555 2843 totum
569 2783 730 2844 homiuem
746 2789 919 2861 aegrotasse,
970 2809 1054 2863 mur,
1064 2795 1136 2851 ante
1146 2790 1352 2868 animequum
1362 2786 1585 2867 oorpusperiit.
1596 2807 1611 2843 u
1621 2785 1740 2865 Quippe

147 2880 285 2957 ideoque
297 2877 354 2937 toti
364 2875 552 2938 medendum
562 2875 656 2936 inisse
669 2895 676 2935 :
687 2880 756 2935 turn
767 2875 923 2953 praecipue
971 2882 1180 2943 inobedientia
1196 2880 1302 2942 liberae
1316 2880 1502 2950 voluntatis,
1518 2896 1583 2939 non
1602 2877 1741 2957 corporis

149 2969 378 3032 nobilissimam
399 2968 483 3028 illius
504 2972 637 3046 partem,
661 2985 727 3045 quaa
751 2984 839 3028 mens
864 2974 920 3041 est,
972 2979 1132 3053 peoomum
1147 2977 1204 3033 est.
1220 2972 1340 3033 Animae
1354 2989 1429 3033 vero
1442 2970 1742 3050 propriaestvolun·

148 3058 920 3138 maleuifectamsinguioriremedioopnshabuisso.
972 3071 1020 3128 tes
1040 3064 1150 3135 libera,
1179 3082 1282 3144 aqua
1308 3063 1409 3126 omnis
1437 3068 1556 3124 naturas
1584 3062 1742 3123 calamites

149 3157 196 3217 De
210 3173 274 3233 quo
288 3159 319 3213 et
332 3153 367 3213 in
388 3151 525 3213 carmine
548 3151 586 3211 de
600 3151 662 3210 vitu
681 3169 737 3210 sua
750 3150 923 3212 lucidentar
972 3155 1097 3216 initium
1115 3155 1255 3215 liubula.
1275 3177 1287 3212 ν
1315 3155 1453 3235 idipsum
1474 3154 1608 3234 eopiosa,
1625 3160 1656 3215 et
1678 3154 1740 3216 elc-

148 3246 283 3308 recinit:
308 3245 363 3305 uhi
391 3245 472 3305 iuter
499 3243 559 3304 ulia
594 3243 691 3304 menti
724 3243 921 3322 potissimum
973 3247 1060 3325 genti
1071 3246 1210 3307 oratione
1222 3246 1254 3305 ιἰι
1271 3244 1452 3307 Cuteclretr'co
1464 3246 1543 3305 libro
1552 3248 1651 3323 capite
1660 3263 1741 3307 xxvu

148 3338 245 3399 irrisae
254 3335 478 3399 consulendum
492 3335 556 3409 eit3
971 3337 1121 3398 declarat:
1143 3342 1174 3397 et
1192 3344 1260 3398 tum
1284 3337 1441 3416 integrum
1462 3337 1564 3397 curari
1581 3336 1742 3398 hominem

971 3429 1142 3509 oportuisse
1170 3430 1268 3501 docet,
1297 3434 1365 3489 tum
1390 3446 1459 3489 eam
1473 3428 1644 3507 praesertim
1659 3427 1742 3489 illius

971 3526 1103 3601 partem,
1132 3539 1203 3600 quae
1225 3521 1361 3582 maxime
1387 3519 1559 3596 laborabat,
1581 3525 1612 3582 et
1631 3519 1742 3582 infectu

971 3612 1086 3673 iuerat:
1115 3633 1130 3670 u
1143 3613 1220 3673 adeo
1234 3618 1270 3673 ut
1283 3613 1466 3691 neutiquam
1480 3611 1536 3671 uni
1550 3613 1628 3690 parti
1644 3611 1743 3672 medi·

972 3704 1043 3765 cina
1053 3703 1152 3780 fieret,
1163 3703 1259 3765 altere
1273 3704 1403 3765 remedii
1416 3709 1554 3764 maneret
1564 3721 1672 3780 expers
1681 3702 1707 3777 *3
1724 3724 1739 3760 υ

153 3546 170 3582 u
187 3523 262 3596 erae
277 3521 412 3581 maxime
425 3520 491 3579 Deo
500 3519 738 3579 meoliberande
751 3517 820 3591 tuit,

150 3617 230 3690 Ques
246 3619 277 3674 et
292 3613 425 3673 maximo
439 3611 548 3671 recidit
559 3611 592 3670 in
607 3610 699 3690 primi
711 3611 847 3690 parentis
859 3610 922 3670 for·

761 3702 921 3777 [motione.

190 3899 211 3939 a
230 3883 296 3939 Ntz.
316 3881 363 3934 ίίαί
387 3880 466 3950 σάρκα
485 3881 559 3950 popei
578 3878 619 3931 διὰ
633 3877 676 3946 τὴν
697 3879 784 3940 σάρκα,
805 3879 923 3952 aeidum

149 3969 229 4039 νοερᾷ
241 3965 283 4018 διὰ
293 3964 337 4032 τὴν
352 3962 411 4035 ίμὴν
424 3962 503 4034 ψυχὴν
515 3961 637 4033 μίγνυται,
652 3967 688 4033 τῷ
702 3961 781 4034 ὁμοίῳ
795 3962 824 4016 τη
837 3963 923 4033 ὅμοιον

150 4048 332 4119 ἂνααθαίρων.

1044 3884 1086 3952 Μή
1103 3883 1184 3936 τοίνυν
1196 3881 1273 3953 ἡμίση
1284 3900 1314 3953 με
1328 3881 1428 3944 σωζέτω
1437 3880 1520 3951 λόγος.

1044 3964 1122 4020 'otor
1137 3966 1252 4020 παθόντα.

1010 4063 1025 4104 e
1042 4048 1083 4103 ld.
1107 4046 1142 4101 Ὀ
1156 4047 1188 4120 μὴ
1205 4048 1382 4119 προσείληπται
1392 4044 1450 4118 γὰρ,
1460 4042 1515 4098 obet
1526 4046 1642 4107 σώζεται.

191 4132 208 4188 b
227 4130 267 4186 ld.
288 4127 319 4182 Ei
332 4148 368 4191 τις
383 4128 457 4180 ἄνουν
471 4127 596 4198 ἄνθρωπον
606 4126 717 4193 ἤλπικεν,
731 4124 833 4193 ἀνόητος
846 4127 924 4188 ὄντως

151 4214 217 4284 teet,
229 4215 270 4266 καί
284 4211 328 4264 οὖν
343 4209 408 4272 ἄξιος
421 4210 479 4271 θλος
491 4209 620 4271 σώζεσθαι.
634 4207 663 4261 rb
678 4208 725 4279 γὰρ
739 4207 922 4279 θπρθσληπτον,

151 4297 326 4368 ἀθεράπευτον,
343 4295 357 4347 δ
371 4292 397 4345 δὲ
410 4292 503 4359 ἥνωται
515 4297 551 4363 τῷ
566 4292 624 4363 θεῷ,
636 4284 710 4344 τοῦτο
722 4290 763 4342 ναί
777 4292 891 4353 σώζεται.
904 4291 925 4344 εί

151 4379 242 4451 ἥμισος
253 4378 365 4431 ἔπταισεν
380 4377 394 4428 θ
413 4374 501 4446 Ἀδὰμ,
515 4373 591 4445 ἥμισυ
604 4372 645 4426 καλ
659 4372 688 4425 rb
700 4373 923 4444 προσειλημμένον,

151 4464 196 4516 καί
205 4462 234 4515 rb
244 4462 395 4531 σωζόμενον.
407 4457 429 4511 εί
443 4456 469 4510 δὲ
484 4456 542 4517 θλος
558 4456 611 4526 θλιρ
625 4460 661 4527 τῷ
673 4456 810 4527 γεννηθέντι
821 4455 923 4521 ἥνωται,

151 4544 195 4598 καί
209 4544 397 4605 θλωςσώζεται.

195 4643 210 4682 o
229 4627 269 4681 ld.
290 4624 319 4678 Et
333 4624 374 4678 διὰ
390 4628 463 4677 τοῦτο
477 4627 550 4693 σῶμα
564 4620 606 4693 μὲν
628 4621 815 4693 προσείληπται,
829 4625 884 4683 νοῦς
898 4621 924 4675 δὲ

153 4710 357 4783 παραλέλειπται,
367 4707 501 4778 συγγνώμη
516 4707 568 4766 τοῖς
581 4705 694 4758 πταίουσι
708 4705 763 4775 περί
776 4698 843 4756 νοῖνν.
863 4724 924 4777 μαρ-

153 4794 228 4865 τυρία
238 4792 286 4865 γθρ
296 4792 352 4845 θεοῦ
366 4789 429 4843 κατά
446 4806 474 4840 σε
489 4793 572 4859 σαρῶς
593 4785 667 4849 ἔδειξε
688 4786 717 4841 rb
741 4790 784 4854 τῆς
801 4787 926 4858 θεραπείας

154 4876 286 4929 θδθνατον.

233 5039 278 5102 Ὃς
291 5038 322 5105 δὴ
337 5038 445 5109 μάλιστα
458 5041 494 5106 τῷ
508 5035 556 5105 θεῷ
571 5053 619 5104 μου
633 5034 750 5105 σωστίος,

233 5122 278 5186 Ὃς
288 5121 329 5175 καί
341 5117 440 5193 μάλιστ’
450 5118 553 5171 ὤλισθεν
568 5114 592 5168 ἐν
606 5118 705 5188 πρώτου
720 5117 817 5170 πλάσει.

229 5207 275 5276 Νῷ
287 5204 335 5276 γὰρ
352 5204 460 5263 δέδεντο,
471 5199 513 5252 καί
525 5200 628 5269 παρεῖδε
641 5199 682 5252 τδν
696 5200 782 5269 νόμον.

233 5287 266 5341 ‘0
277 5286 300 5340 δ’
314 5283 343 5354 ἦν
357 5286 388 5339 'cri
400 5283 512 5356 παριδδν,
526 5274 600 5335 τοῦτο
614 5282 655 5334 καί
667 5281 847 5354 προσληψιμον.

212 5442 286 5487 naut
300 5451 342 5482 m.

1009 4128 1030 4202 s
1045 4131 1161 4187 Nissen.
1195 4128 1264 4182 ’att'
1284 4127 1361 4182 ἐκεῖνο
1386 4127 1434 4201 χρὴ
1452 4128 1589 4199 προσθεῖναι
1603 4131 1657 4189 τοῖς
1675 4127 1742 4200 εἰρη-

976 4213 1066 4283 μένοις,
1079 4215 1139 4285 ὅπερ
1152 4213 1258 4284 κρηπίδα
1272 4210 1325 4265 τινὰ
1343 4216 1469 4265 ποιοῦνται
1483 4214 1527 4278 τῆς
1545 4209 1654 4274 ἂσεθείας
1668 4208 1693 4262 ἔν
1707 4217 1744 4284 τῷ

973 4296 1029 4367 περί
1042 4300 1085 4363 τῆς
1098 4295 1237 4368 οἰκονομίας
1248 4295 1329 4367 λόγῳ,
1341 4293 1390 4366 obp
1402 4294 1460 4347 θλον
1479 4293 1607 4364 ἄνθρωπον
1621 4294 1743 4348 σεσῶσθαι

974 4378 1146 4449 διοριζόμενοι,
1160 4377 1225 4431 ἀλλὰ
1242 4377 1271 4430 τδ
1284 4370 1328 4430 τοῦ
1346 4376 1474 4448 ἀνθρώπου
1487 4374 1620 4448 ἡμίτομον,
1631 4375 1661 4430 τ“ο
1670 4381 1744 4449 σῶμα

973 4460 1050 4532 λθγω.

1009 4543 1118 4615 ρίίιίιί.
1138 4542 1235 4597 'ntro
1263 4543 1278 4597 δ
1300 4542 1389 4613 ίίθριος
1405 4544 1524 4610 ζητῆσαι,
1548 4542 1589 4595 nt
1610 4547 1691 4596 σῶσαι
1714 4543 1744 4598 τδ

976 4624 1115 4688 ἀπολωλός.
1127 4626 1242 4679 ἀπώλετο
1256 4626 1282 4679 δὲ
1297 4623 1325 4677 οὖ
1339 4624 1369 4679 τδ
1381 4630 1462 4697 σῶμα,
1478 4623 1536 4677 ἀλλ’
1549 4625 1608 4686 δλος
1622 4625 1637 4679 θ
1652 4626 1744 4698 ἅνθρω-

974 4727 1020 4770 πος
1029 4709 1078 4763 θπδ
1090 4710 1168 4782 ψυχῆς
1182 4709 1384 4781 σογιιεαραμένος.
1399 4709 1439 4760 καί
1456 4706 1477 4760 εί
1491 4706 1538 4780 γρη
1556 4707 1598 4762 rba
1613 4706 1742 4775 ἂληθέστε·

976 4810 1017 4863 ρον
1030 4791 1104 4846 εἰπεῖν
1118 4793 1204 4864 λόγον,
1228 4795 1272 4845 τοῦ
1284 4792 1401 4863 σώματος
1414 4789 1429 4857 ἡ
1443 4788 1509 4862 ψυχὴ
1530 4790 1705 4864 προαπώλετο·
1727 4796 1743 4858 η

974 4873 1022 4946 γὰρ
1043 4875 1152 4946 παρεοιοὴ
1166 4875 1339 4946 προαιρέσεως,
1361 4873 1390 4926 οὖ
1409 4874 1522 4943 σώματος
1544 4872 1651 4945 ἁμαρτία
1669 4871 1743 4926 ἐστίν·

974 4953 1038 5008 ἴδιον
1050 4955 1076 5009 δὲ
1090 4957 1168 5029 ψυχῆς
1181 4957 1196 5024 ἡ
1210 4958 1359 5029 προαίρεσις,
1375 4955 1416 5027 ἀρ’
1437 4952 1465 5023 ἧς
1481 4954 1573 5022 πᾶσαὴ
1587 4958 1631 5022 τῆς
1650 4955 1744 5025 ριἰσεως

975 5038 1089 5110 συμφορὰ
1101 5038 1144 5106 τὴν
1156 5039 1234 5113 ἀρχὴν
1244 5039 1325 5113 ἔσχεν.

1011 5120 1030 5175 lt
1049 5121 1089 5176 ld.
1106 5122 1170 5178 Cot.
1186 5128 1253 5178 orat.
1276 5123 1322 5176 Καὶ
1336 5121 1369 5194 μὴ
1390 5121 1419 5175 rb
1438 5121 1481 5192 μέν
1501 5138 1525 5173 τι
1545 5121 1689 5191 θεραπεῦσαι
1707 5126 1744 5192 τῷ

975 5205 1108 5278 καθαρσίῳ,
1119 5206 1148 5260 τδ
1157 5206 1184 5260 δὲ
1197 5208 1313 5277 περιιδεῖν
1328 5204 1498 5276 ἀθεράπευτον.
