4078 6162
346 331 405 391 tm
856 318 1181 383 THEOLOGIGORUM
1199 316 1418 380 DOGMATUM

347 508 429 564 sum,
462 489 572 551 haberi
598 493 630 549 et
662 487 776 548 habere
798 485 967 547 :Verbum
1000 483 1116 563 quippe
1165 482 1302 553 multum
1312 479 1360 541 usi
1370 475 1678 556 sunnurmhaeretici
1691 475 1926 556 blonophysitu:

346 583 450 655 habet,
478 581 610 642 habetur
634 585 739 641 autem
766 596 837 639 caro
859 597 867 637 :
886 576 1057 656 perspicue,
1086 580 1117 634 et
1166 574 1212 634 illi
1230 578 1266 634 ut
1281 574 1427 650 integras,
1446 575 1478 631 ct
1495 568 1654 629 distinctas
1671 574 1740 646 post
1760 567 1930 629 unitionem

346 675 464 753 liquido
498 672 730 752 comprobatur,
766 670 923 731 Christum
957 666 1117 745 utriusque
1165 682 1326 726 remanere
1349 669 1476 724 naturas
1499 660 1685 741 probarent:
1700 659 1761 735 isti,
1783 666 1821 720 ut
1839 678 1930 720 unam

346 784 411 827 esse
420 770 552 839 naturae,
568 764 660 824 unius
673 781 747 823 vero
770 778 921 841 personae.
937 780 953 817 ι)
1165 775 1231 818 esse
1240 756 1352 817 Christi
1358 753 1561 832 compositam
1568 759 1723 828 naturam,
1735 752 1930 813 eademsimi
2037 806 2038 809 ,

386 856 463 917 Vide
477 855 636 929 Quintiani
650 853 784 934 episcopi
794 852 939 914 Asculani
953 849 1116 930 epistolam
1165 848 1296 909 litudine
1323 851 1543 918 monstrarent,
1574 845 1657 924 quod
1684 862 1721 905 ex
1749 842 1931 904 Theodorei

346 946 386 1010 ud
397 948 521 1009 Petrum
536 944 799 1025 Cnoplnenm¹zin
807 964 870 1025 qua
878 943 1019 1024 pluribus
1027 959 1117 1020 argu·
1165 938 1315 1018 Diolopia
1340 945 1372 997 et
1398 955 1437 999 er
1463 935 1607 1015 Eulogio,
1636 934 1765 996 Rustico
1791 935 1929 1001 diacono,
2037 1007 2038 1010 Ἴ

347 1040 460 1102 mentis
473 1039 640 1100 acervatim
660 1038 795 1099 collectis
815 1035 962 1098 catholico
980 1031 1115 1114 patroci—
1166 1029 1344 1109 Sophronio
1369 1026 1669 1107 Hierosolymitano‚
1692 1025 1828 1097 Maximo
1849 1044 1930 1086 mar·

347 1137 440 1192 natur
457 1131 607 1209 dogmati,
622 1131 754 1206 etduas,
773 1148 809 1191 ae
828 1127 987 1189 distinctas
1006 1124 1117 1206 probat
1165 1129 1246 1200 tyre,
1284 1119 1442 1182 Ferrando
1476 1119 1618 1188 diacono,
1647 1118 1786 1194 Leontio,
1813 1119 1933 1179 ioanne

347 1241 411 1284 csse
423 1228 558 1284 naturas.
1166 1214 1365 1290 Damascene,
1380 1211 1566 1285 Theoriano,
1581 1210 1709 1289 aliisque
1725 1214 1866 1284 constat3
1882 1209 1932 1289 qui

1165 1301 1934 1383 adversusEutycbianosdisputantes,illudeorum

706 1446 712 1456 .
1165 1394 1390 1457 validissimum
1403 1394 1497 1455 fuisse
1508 1394 1608 1455 telum
1622 1394 1769 1467 indicant,
1784 1394 1933 1455 etadboo

557 1553 773 1642 CAPUT
820 1554 888 1639 IX
1165 1487 1408 1640 petundeudugp,
1423 1504 1528 1640 pronsfp
1539 1486 1655 1639 quique
1672 1485 1851 1563 ingeuii,ac
1865 1486 1935 1547 doc·

892 1623 900 1638 .
1179 1598 1257 1640 rmae
1274 1597 1366 1659 prses1
1399 1597 1476 1639 aoo
1528 1597 1613 1639 run.

1207 1671 1244 1731 ll.
1261 1670 1423 1732 Soebadius
1434 1669 1621 1749 Aginneusis
1634 1675 1741 1731 auctor
1753 1676 1798 1732 est
1808 1668 1833 1747 ¹,
1846 1671 1932 1731 Aria·

1166 1780 1234 1835 nos,
1260 1768 1291 1823 et
1313 1780 1413 1823 unum
1433 1780 1472 1822 cx
1491 1760 1529 1821 iis
1550 1761 1722 1841 principem
1748 1762 1932 1840 Potamium,

350 1869 379 1927 1.
390 1867 440 1927 An
448 1862 586 1927 Christos
595 1867 735 1921 notorum
747 1878 837 1921 unam
845 1857 951 1919 tabeat
958 1876 996 1918 ec
1004 1856 1117 1919 duobus
1170 1874 1186 1911 ι(
1199 1853 1382 1929 adsermsse,
1402 1870 1506 1927 carne,
1522 1858 1554 1913 et
1568 1853 1679 1933 spiritu
1692 1854 1804 1915 Christi
1821 1871 1933 1931 coagu-

387 1955 575 2037 composilum
585 1973 599 2031 ,·
614 1951 715 2013 elidem
736 1960 768 2012 ut
787 1949 870 2011 Ιιιιιιιο
894 1968 932 2013 en
952 1948 1066 2027 animo,
1090 1955 1118 2010 et
1166 1943 1817 2025 latispersanguinemMariae,etinunum
1825 1965 1936 2027 corpus

387 2067 508 2129 corpore
525 2044 716 2125 componitur.
734 2047 764 2105 2.
780 2042 831 2103 boc
842 2042 961 2118 Ariani,
982 2060 1006 2102 er
1020 2040 1116 2122 Apol-
1166 2039 1305 2116 redactis,
1330 2037 1504 2117 passibilem
1527 2038 1627 2098 Deum
1647 2037 1764 2099 iactum
1780 2057 1788 2097 ι
1806 2060 1822 2096 ιι
1843 2058 1883 2099 ac
1898 2041 1937 2100 sic

388 2140 531 2202 linurntoe
552 2137 667 2199 sensisse
686 2133 830 2197 videnlur.
850 2137 880 2196 3.
901 2133 1032 2197 maxime
1050 2151 1118 2194 vero
1173 2129 1304 2191 «secuse
1326 2128 1407 2206 illos,
1429 2130 1484 2205 ait,
1500 2130 1538 2190 dc
1562 2128 1683 2208 Spiritu
1706 2129 1773 2205 Dei,
1793 2136 1827 2191 et
1845 2149 1937 2192 carne

388 2230 541 2312 Eutychis
561 2228 704 2307 fautores:
723 2232 753 2289 1.
774 2234 901 2308 quotuor
919 2225 1013 2287 modis
1026 2244 1118 2286 unum
1166 2220 1302 2282 bominis
1324 2220 1430 2282 neseio
1454 2220 1530 2300 quid
1553 2223 1692 2281 tertium.
1708 2242 1725 2279 u
1739 2221 1937 2301 Ephraemius

388 2321 640 2402 compositumne
662 2317 903 2399 pluribusposse
925 2317 1118 2399 fieriznullo
1167 2331 1240 2374 vero
1274 2312 1482 2374 Antiochenus
1516 2313 1600 2393 apud
1630 2313 1791 2391 Photium,
1820 2314 1934 2386 scribit,

1953 1690 2036 1789 ff,

1972 1797 2036 1893 ἔτι

388 2432 455 2474 vero
469 2414 595 2473 istorum
609 2411 642 2470 in
664 2410 785 2473 Christo
801 2415 941 2471 notorum
960 2429 1048 2471 onom
1062 2427 1119 2470 esse
1171 2405 1367 2466 «neminem
1402 2422 1543 2485 unquam
1582 2404 1787 2466 substantiam
1828 2405 1938 2468 Christi
2037 2408 2038 2411 ’

385 2524 477 2586 posse.
503 2505 532 2564 5.
557 2502 595 2564 Id
613 2504 758 2583 probator
777 2503 914 2583 primum
933 2521 968 2563 ιιι
990 2520 1021 2562 eo
1041 2499 1118 2581 qnod
1167 2498 1373 2577 compositam
1387 2515 1499 2559 ausum
1516 2515 1581 2559 esse
1595 2498 1696 2578 dicere
1712 2502 1827 2577 praeter
1844 2498 1936 2578 Apol·

391 2597 526 2661 Christus
534 2592 1120 2668 ncePotri‚necmotricomubstontiolis
1167 2589 1364 2651 linaremm

390 2695 469 2750 esset.
488 2692 519 2748 6.
535 2687 701 2766 Proprium
719 2685 771 2748 doc
780 2704 835 2747 esse
844 2685 1067 2766 compositorum
1081 2705 1119 2747 ec
1208 2682 1354 2760 Eulogius
1388 2684 1470 2743 uerte
1503 2681 1730 2743 Alexandrinus
1763 2682 1938 2762 patriarcha

384 2777 533 2862 partibus,
546 2787 577 2839 ut
591 2776 763 2853 oliudsint,
778 2785 806 2839 et
820 2777 1015 2853 nominentur,
1029 2797 1118 2857 quom
1167 2774 1249 2850 apud
1276 2774 1422 2834 eumdem
1448 2772 1608 2849 Photium‚
1632 2773 1822 2852 Apollinaris
1844 2776 1939 2837 verba
2037 2772 2038 2775 ’

387 2870 515 2951 singule
525 2878 626 2950 partes
643 2889 650 2929 :
665 2871 747 2951 quod
765 2869 797 2929 in
813 2868 930 2931 Chresto
943 2868 1115 2930 nonenenit.
1167 2865 1262 2926 relert
1275 2882 1312 2926 ex
1324 2865 1405 2926 libro
1418 2864 1455 2926 de
1467 2864 1684 2942 incensatione,
1704 2865 1819 2945 quibus
1837 2867 1939 2930 excia-

389 2963 420 3023 7.
435 2959 480 3020 De
492 2958 661 3037 differentia
674 2957 934 3019 nnitionisonimoe
946 2965 975 3018 et
986 2958 1119 3037 corporis
1167 2963 1233 3018 mat
1245 2958 1288 3018 sie
1302 2977 1309 3017 :
1324 2978 1340 3016 n
1360 2975 1379 3018 o
1401 2975 1516 3018 novum
1540 2966 1725 3034 creaturam,
1745 2964 1778 3019 et
1798 2960 1939 3022 divinum

390 3052 422 3111 in
435 3049 566 3121 bomine,
578 3057 605 3111 et
618 3048 744 3111 duorum
754 3058 928 3112 naimonem
942 3050 975 3110 in
987 3048 1115 3112 Christo.
1168 3049 1344 3110 mistionem
1358 3049 1365 3108 l
1383 3051 1463 3110 Deus
1476 3055 1598 3126 etcaro,
1607 3050 1937 3117 unameil'eoerenatu·

389 3146 420 3203 8.
435 3141 571 3202 Alterum
592 3148 807 3221 argumentum,
830 3141 909 3222 qood
925 3142 953 3202 si
968 3149 1036 3202 esset
1060 3160 1118 3201 uno
1166 3159 1235 3201 ram
1245 3138 1266 3214 ⁶,
1281 3167 1296 3196 ι
1311 3158 1407 3220 quam
1415 3147 1447 3202 et
1457 3141 1624 3210 Valentini,
1638 3142 1938 3205 ethianiohaeibrisse

389 3239 508 3310 nutura,
520 3240 621 3314 portes
629 3238 826 3315 componentes
835 3233 1029 3296 mutationem
1035 3241 1120 3314 pate·
1169 3233 1354 3294 sententium
1371 3232 1475 3309 refert,
1493 3233 1549 3313 qui
1566 3251 1663 3295 unam
1681 3235 1748 3313 ejus
1766 3236 1851 3314 quod
1864 3236 1937 3298 risi·

389 3332 506 3387 rentur.
534 3328 583 3387 10.
605 3324 679 3386 Item
705 3325 786 3406 qnod
810 3325 947 3387 Christus
971 3324 1060 3398 Deus,
1090 3332 1119 3385 et
1167 3323 1239 3401 bile,
1255 3329 1286 3386 et
1295 3324 1437 3385 invisible
1450 3333 1507 3401 est,
1522 3331 1668 3387 naturam
1679 3325 1714 3387 in
1727 3326 1848 3389 Christo
1863 3347 1937 3390 eou-

390 3417 617 3478 lromooocotor.
644 3417 891 3479 inhonores
914 3435 946 3477 eo
968 3415 1119 3496 refellitur
1167 3416 1353 3491 stituebant3
1370 3417 1552 3478 aeduorum
1565 3423 1749 3479 naturarum
1762 3437 1939 3501 propugna-

390 3516 498 3570 notum
515 3527 575 3568 uno
593 3511 759 3588 composito,
785 3507 864 3589 quod
876 3506 992 3568 nullum
1015 3506 1119 3569 babeat
1168 3515 1251 3570 tores
1273 3508 1455 3570 irridebant.

390 3617 501 3660 nomen.
524 3602 573 3661 lt.
589 3598 657 3660 Non
671 3599 844 3679 uniuersalis
857 3607 908 3677 est,
921 3618 1013 3682 neque
1025 3599 1119 3679 porti·
1208 3601 1302 3681 Atqui
1320 3602 1352 3663 in
1367 3602 1477 3663 eodem
1489 3601 1557 3663 loco
1580 3602 1754 3664 Polemonis
1774 3604 1936 3683 Apollina-

390 3690 512 3753 culoris.
526 3693 575 3752 15.
587 3691 699 3753 Christi
706 3691 881 3753 vocobulum
887 3690 1120 3771 proximemu-
1168 3692 1251 3755 risten
1272 3692 1368 3753 verba
1389 3692 1544 3770 describit,
1573 3694 1682 3755 eadem
1708 3695 1937 3775 ann'quiortbns

391 3781 693 3863 rmduassipnificot,
709 3802 876 3844 munnam.
1169 3784 1310 3845 Patribus
1336 3784 1562 3864 exprobrantis,
1597 3804 1668 3865 quas
1693 3787 1937 3851 chalcedonensi

1168 3883 1275 3957 postea
1296 3876 1417 3956 synodo
1441 3875 1598 3938 Severimi
1622 3877 1772 3957 objecere.
1794 3904 1809 3934 ι
1824 3881 1887 3942 Sed
1907 3886 1939 3942 et

393 3968 416 4027 l.
435 3968 612 4030 Postremus
638 3968 750 4028 modus
777 3973 918 4046 superest
946 3968 984 4028 de
1007 3968 1117 4047 tribus,
1168 3969 1246 4030 illud
1258 3968 1342 4029 haud
1353 3968 1408 4029 abs
1420 3986 1455 4029 re
1469 3969 1563 4031 fuerit
1572 3968 1821 4048 animoeogitare
1835 3974 1937 4034 :Nam

256 4069 269 4099 ¹¹
285 4124 296 4154 θ
352 4077 486 4138 quorum
506 4060 608 4139 aliquo
622 4077 719 4120 unam
739 4076 779 4120 ex
791 4058 911 4120 duabus
925 4064 1069 4120 naturam
1085 4060 1119 4120 in
1168 4079 1239 4124 cum
1253 4061 1399 4124 eumdem
1413 4062 1512 4122 Deum
1524 4068 1555 4124 et
1565 4061 1726 4124 hominem
1739 4080 1806 4124 esse
1819 4064 1935 4140 dicant,

353 4150 472 4210 Christo
486 4150 554 4211 fleri
568 4151 741 4230 oportuisse
755 4151 853 4229 capite
866 4157 952 4212 sexto
963 4152 1117 4228 diximus3
1168 4172 1233 4215 nou
1245 4171 1297 4215 eos
1308 4153 1405 4232 pudet
1419 4171 1515 4215 tinam
1528 4153 1623 4215 Verbi
1636 4161 1782 4217 naturam
1796 4155 1936 4219 incarna-

308 4302 315 4314 ,
353 4242 478 4321 quaudo
489 4242 628 4321 integris,
638 4250 669 4305 et
681 4241 805 4303 illibatis
818 4242 1017 4304 manentibus
1030 4249 1121 4304 natu·
1167 4251 1242 4322 tam,
1271 4251 1422 4323 tanquam
1434 4263 1532 4307 unam
1553 4246 1765 4325 compositam,
1785 4248 1934 4328 profiteti-

352 4334 405 4409 ris,
418 4334 510 4395 tertia
523 4333 666 4413 quaedam
676 4352 715 4395 ex
728 4333 1119 4414 illiscomposita,etcoag·
1167 4338 1290 4399 Etenim
1304 4337 1330 4398 si
1344 4339 1425 4399 Deus
1437 4339 1601 4417 perlectus,
1621 4343 1652 4399 et
1670 4337 1765 4400 bomo
1784 4340 1938 4420 perlectus
2037 4354 2038 4385 l

352 4431 488 4488 mentata
498 4425 677 4487 coniicitur:
690 4426 954 4504 quemadmodum
964 4445 1004 4488 ex
1015 4426 1120 4489 anima
1168 4429 1250 4491 idom
1260 4434 1306 4490 est
1317 4447 1324 4489 :
1337 4447 1410 4507 ergo
1418 4430 1488 4491 duoe
1496 4430 1707 4491 naturoeidem
1713 4436 1760 4491 est
1772 4449 1780 4492 ε
1791 4432 1939 4511 quemad·

352 4518 515 4598 spirituali,
544 4524 576 4589 ct
601 4536 740 4597 corpore,
755 4536 819 4578 uua
852 4519 954 4579 erdem
984 4519 1119 4580 hominis
1169 4522 1297 4582 modum
1308 4522 1525 4601 Cappadocum
1533 4522 1653 4583 novitas
1664 4521 1939 4598 invexitetAtha
2037 4532 2038 4607 l

351 4615 463 4671 natura
472 4608 628 4670 dissimilis
636 4610 827 4687 duarum,ex
835 4609 948 4689 quibus
959 4615 1119 4690 tamquam
1167 4613 1246 4674 nasii
1259 4612 1415 4692 superbia,
1428 4618 1467 4674 et
1479 4612 1628 4675 Italorum
1644 4612 1752 4675 fastus.
1774 4617 1821 4677 Ac
1836 4615 1938 4694 specie

352 4700 492 4780 partibus
506 4706 635 4761 constat.
1167 4703 1305 4783 quidem,
1319 4709 1470 4782 tanquam
1491 4705 1589 4766 nostri
1607 4704 1680 4779 sint,
1696 4722 1763 4784 pru
1774 4723 1809 4767 se
1820 4706 1936 4783 imunt,

392 4792 458 4852 Hoc
471 4791 556 4852 enim
569 4791 705 4852 hominis
718 4793 872 4873 exemplo,
886 4793 973 4854 velut
992 4793 1030 4854 ad
1044 4791 1119 4854 divi·
1168 4813 1201 4856 se
1228 4794 1332 4856 Sancti
1358 4795 1460 4855 Patris
1485 4795 1584 4856 nostri
1612 4795 1801 4876 Apollinaris
1822 4797 1938 4876 dogm

351 4902 401 4944 nae
415 4901 486 4944 cum
498 4883 636 4944 humana
650 4889 770 4945 nature
784 4884 1013 4964 copulationem
1025 4884 1121 4962 expli·
1169 4885 1333 4947 defendere
1344 4929 1352 4962 ,
1363 4886 1466 4966 reipsa
1474 4891 1593 4962 tamen,
1608 4886 1718 4949 itidem
1732 4892 1770 4950 ut
1784 4888 1938 4969 Gregorii,

351 4976 484 5037 candum
517 4974 686 5055 aptissimo,
716 4980 785 5037 tum
812 4976 955 5038 catholici
982 4976 1120 5055 theologi
1169 4982 1354 5039 naturarum
1366 4977 1523 5039 binarium
1537 4979 1773 5058 predicatum.»

385 5154 406 5194 a
430 5135 513 5192 Phor.
538 5134 601 5192 eod.
627 5151 703 5190 ccxx.
729 5136 846 5190 Σύνθετοι
872 5135 899 5190 δὲ
928 5135 1012 5192 obolon
1040 5135 1118 5198 οὖδεὶς
1166 5138 1207 5190 καὶ
1221 5136 1283 5209 μίξις
1295 5137 1411 5192 θεσπεσία
1422 5136 1475 5203 θεὸς
1486 5139 1528 5192 καὶ
1541 5137 1602 5211 σὰρξ
1616 5139 1674 5211 μίαν
1692 5137 1936 5211 massam.
2037 5186 2038 5201 ,

349 5222 425 5275 εἰπεῖν
440 5217 560 5292 ἐτόλμησε
573 5218 637 5287 πλὴν
657 5217 837 5292 Ἀπολιναρὶου.
1203 5236 1218 5276 ο
1235 5219 1345 5277 Poma
1360 5221 1434 5292 apud
1451 5221 1551 5292 Eulog.
1573 5222 1635 5278 eod.
1658 5239 1744 5281 cem
1757 5222 1835 5281 Phot.
1852 5221 1938 5278 0δῶ
2037 5264 2038 5277 ι

385 5303 402 5360 ὁ
419 5303 520 5360 Euboe.
534 5302 608 5374 apud
620 5300 699 5359 Phot.
711 5304 772 5359 eod.
785 5319 879 5359 ccxxx.
898 5300 933 5357 Ὦ
945 5301 1016 5371 καινὴ
1029 5304 1117 5370 κτίσις,
1166 5305 1250 5377 χεῖρον
1266 5301 1380 5372 ἐννοῆσαι
1392 5303 1500 5360 nlnttiuo.
1522 5305 1574 5360 θεὸν
1587 5305 1635 5378 γὰρ
1647 5306 1772 5378 λέγοντες,
1786 5305 1826 5360 καὶ
1837 5305 1939 5378 Μρω·
2037 5326 2038 5341 2

376 5447 386 5491 1
400 5446 474 5498 Quint.
487 5446 510 5491 ln
524 5452 576 5492 ton.
589 5444 675 5490 Zonatu
686 5444 709 5490 in
719 5446 852 5491 canon-a
864 5445 924 5492 Tou.
937 5446 1027 5495 llllitt.
1040 5448 1082 5494 ool.
1096 5447 1142 5492 tw.
