4136 6178
561 309 612 370 DE
630 309 730 370 Lens
749 309 797 369 ΕΤ
818 309 977 383 GRATIA,
999 310 1160 389 LIBERI,
1181 311 1269 373 GAP.
1292 312 1346 372 vl.
1710 307 1747 368 ιι

164 470 314 550 regulam,
337 472 537 553 diriguntur;
551 473 624 536 inde
645 475 736 537 nobis
755 473 933 536 iaciendum
982 479 1093 535 mutuo
1105 474 1138 535 in
1151 476 1169 537 J
1173 476 1276 537 udoeos
1290 475 1372 552 odio,
1387 480 1418 537 et
1431 479 1652 554 contemptusc
1665 470 1752 533 vicis-

163 568 208 623 cst
218 563 355 636 initium,
365 570 401 625 ut
410 566 448 626 de
462 566 546 626 illius
558 566 693 647 epistolae
704 565 932 646 primariofine,
983 566 1041 626 sim
1053 567 1297 629 ulciscebantur:
1312 574 1447 647 quorum
1460 573 1491 629 et
1504 567 1705 638 sacramenta,
1715 580 1752 624 ac

164 672 329 717 acsumma
341 657 491 719 instituite
500 658 931 737 illicdisputationisagamus,
983 659 1130 737 mysteria
1145 661 1233 739 pnrvi
1253 660 1440 740 pendebant,
1453 665 1484 721 et
1503 661 1542 721 de
1562 654 1753 737 sapientibus

164 747 226 807 Nec
244 747 369 809 aliunde
383 751 552 829 repetenda
564 755 611 811 est
627 750 715 811 istius
727 751 819 827 ratio,
839 768 935 830 quem
982 750 1056 823 suis,
1072 769 1107 813 ac
1121 747 1754 832 philosophis,doctriuarumqueomnium

165 856 203 899 ex
229 840 403 919 Augustino
428 841 517 921 ipso,
544 841 598 921 qui
627 841 868 904 luculentissime
896 859 935 903 ex
982 843 1173 920 possessione
1186 843 1412 922 gloriabuntur.

167 930 313 992 ememus
339 931 378 992 de
402 932 462 994 hoe
488 939 672 1013 argumento
697 934 860 1011 disseruit,
904 939 936 994 et
1024 936 1111 996 Hanc
1133 953 1241 997 rerum
1263 936 1297 996 iu
1321 937 1456 998 Ecclesia
1488 933 1754 1016 pertubationem

165 1039 241 1084 vero
259 1024 446 1104 precipuum
468 1026 631 1105 quaestioni
647 1027 721 1089 huic
743 1026 934 1088 occasionem
984 1025 1753 1107 nectusApostolus3quodvelRomoe,utestoredi·

164 1114 260 1176 dedit.
982 1116 1754 1199 bile,potissimuminvaluerat,veldoeerimaxime

206 1208 252 1267 Ex
270 1210 434 1288 Augustini
453 1211 584 1292 proinde
605 1212 756 1273 sententia
775 1215 895 1273 constet
909 1208 932 1286 ¹,
984 1211 1145 1274 Romanos
1168 1213 1252 1274 orbis
1266 1214 1432 1293 principes,
1447 1231 1503 1293 per
1516 1230 1630 1291 eosque
1643 1229 1754 1290 propa-

163 1299 196 1361 id
211 1302 298 1381 quod
321 1304 437 1384 alioqui
459 1304 528 1383 ipsa
550 1322 607 1384 per
624 1323 689 1366 sese
714 1305 804 1366 lectio
824 1304 935 1365 docere
983 1303 1092 1380 geriin
1105 1305 1239 1384 reliquos
1255 1306 1435 1366 Christianae
1449 1306 1522 1366 tidei
1544 1304 1754 1364 salubritatem

162 1399 278 1472 potest,
308 1394 351 1455 ibi
380 1396 520 1476 Apostoli
537 1397 702 1458 consilium
725 1415 802 1470 esse,
826 1401 935 1457 contra
984 1395 1143 1466 intererat,
1163 1398 1223 1458 hoc
1236 1397 1345 1458 sibiad
1362 1398 1432 1459 illos
1450 1396 1602 1472 scribendi
1621 1395 1754 1476 sumpsit

163 1485 356 1550 oblatrantes
382 1489 552 1569 utrimque,
588 1489 662 1550 hino
688 1489 827 1569 gentiles,
861 1490 934 1550 inde
984 1494 1205 1568 argumentum
1218 1489 1346 1570 epistola
1366 1491 1441 1566 ista;
1462 1489 1550 1568 cujus
1579 1507 1615 1550 ea
1637 1488 1754 1569 prima-

163 1578 301 1657 Judoeos,
314 1581 413 1660 deque
427 1581 604 1661 principatu
611 1582 806 1657 meritorum,
821 1586 936 1660 etprae·
984 1580 1033 1643 ria
1052 1585 1183 1661 questio
1197 1588 1253 1660 est,
1268 1588 1305 1643 ut
1317 1582 1360 1643 ait
1379 1582 1570 1662 Augustinus
1582 1582 1616 1641 in
1636 1582 1755 1660 exposi-

163 1672 305 1749 rogatira
318 1672 487 1751 litigantes,
516 1674 627 1734 Christi
654 1674 868 1754 redemptoris,
904 1678 935 1734 et
984 1672 1070 1734 tione
1088 1674 1128 1734 sd
1141 1675 1282 1747 eamdem
1300 1673 1474 1754 epistolem,
1487 1680 1616 1735 cubum
1636 1672 1755 1734 iudaeis

164 1762 413 1845 illataspereum
424 1766 534 1845 gratia
546 1773 650 1847 partes
668 1767 832 1847 suscipere.
855 1767 935 1827 Nam
985 1765 1720 1846 solisEvangeliumDomininostriveneritpropt
1720 1783 1755 1827 er

164 1873 240 1917 cum
253 1856 603 1939 exembobuspopulis,
615 1859 743 1936 iudeis,
750 1858 931 1933 crethmon,
984 1857 1097 1919 menta
1109 1876 1240 1939 operum
1253 1859 1341 1938 legis,
1367 1878 1408 1920 an
1430 1876 1504 1920 vero
1518 1858 1754 1938 nrdlisoperum

164 1948 515 2013 Christianaooaluisset
540 1951 695 2027 Ecclesia3
717 1951 871 2031 quedam,
898 1955 934 2011 ut
985 1949 1103 2011 meritis
1132 1951 1393 2030 precedentibus,
1430 1951 1576 2012 omnibus
1609 1950 1754 2029 gentibus

20 2016 127 2115 “emm
163 2040 348 2103 humanitus
361 2043 477 2119 evenit,
493 2042 652 2105 interillos
665 2043 888 2120 contentiones,
904 2048 936 2105 et
985 2043 1106 2103 venerit
1128 2043 1306 2148 J'nstificatio
1326 2042 1413 2119 fidei,
1437 2061 1507 2121 que
1521 2043 1592 2103 est
1583 2059 1617 2102 ιιι
1632 2041 1754 2103 Christo

59 2089 807 2240 msimulmtesexstiteruntdcprimiquidem
815 2136 935 2197 Christo
985 2134 1072 2195 Jesu.
1089 2135 1130 2195 Ut
1143 2153 1208 2195 non
1222 2135 1296 2215 quia
1309 2134 1385 2213 justi
1404 2139 1493 2195 erant
1512 2133 1665 2207 homines,
1688 2152 1754 2195 cre-

162 2244 281 2287 nomeu
302 2227 451 2288 dederant
471 2227 588 2290 Judaei:
606 2227 660 2306 qui
681 2245 754 2290 cum
774 2227 815 2288 ob
833 2227 935 2306 legem
986 2224 1106 2302 dereut,
1121 2226 1175 2287 sed
1188 2225 1517 2304 credendojustificati,
1524 2216 1756 2305 deincepsjuste

163 2319 313 2380 ιιιιιιιιιιιι
326 2320 474 2381 traditam
484 2319 741 2398 majoribussuis,
755 2339 791 2381 ac
804 2319 936 2399 prophe-
986 2318 1089 2380 vivere
1116 2318 1296 2398 inciperent.
1275 2319 1377 2380 tHoc
1398 2337 1472 2398 ergo
1491 2318 1602 2380 docere
1623 2317 1755 2380 intendit

161 2413 222 2485 tes,
251 2413 282 2469 et
303 2415 506 2485 sacramenta,
529 2408 690 2489 foedusque
712 2425 818 2470 secum
835 2427 854 2469 a
870 2411 932 2470 Deo
987 2410 1161 2490 Apostolus,
1176 2411 1321 2472 omnibus
1333 2413 1453 2472 venisse
1467 2410 1600 2488 gratiam
1613 2413 1756 2491 &ange-

161 2500 485 2581 pcrcussum,reliquis
499 2501 722 2563 semortulibus
731 2501 930 2576 anteferrent,
986 2502 1020 2562 lii
1034 2502 1159 2563 Domini
1182 2503 1280 2564 nostri
1302 2503 1375 2564 lesu
1389 2503 1512 2576 Christi,
1529 2521 1624 2583 quam
1634 2509 1755 2584 propte-

162 2592 284 2653 meritis
297 2592 356 2654 boc
368 2592 483 2669 suis,et
496 2594 635 2673 dignitati
644 2593 833 2671 tribuebant,
849 2593 933 2672 quod
986 2611 1041 2655 rea
1054 2594 1148 2655 etiam
1167 2594 1299 2674 gratiam
1320 2594 1427 2656 vocari
1440 2595 1584 2671 ostendit,
1604 2594 1676 2674 quia
1691 2614 1756 2656 non

163 2684 306 2745 Christus
319 2685 424 2746 eooelo
437 2686 647 2763 descenderet,
669 2693 699 2747 et
718 2686 931 2765 Evangelium,
986 2686 1075 2765 quasi
1097 2685 1237 2747 debitum
1260 2686 1390 2765 justitiae
1416 2686 1572 2748 redditum
1601 2697 1665 2764 est,
1701 2685 1756 2749 sed

162 2796 200 2838 ac
219 2776 342 2838 sceleste
360 2778 441 2839 adeo
463 2796 596 2857 regnum
619 2777 799 2839 bominibus
820 2795 933 2858 appor·
985 2776 1121 2856 gratuito
1135 2778 1278 2838 datum.»

163 2874 257 2929 tarat.
1024 2872 1125 2949 Atque
1139 2874 1175 2930 ut
1195 2869 1361 2931 amborum
1384 2869 1506 2931 ammos
1523 2870 1670 2948 opinione
1694 2870 1754 2948 sui,

204 2962 249 3021 11.
266 2961 475 3036 Quamobrem
483 2961 623 3040 gentiles,
639 2968 671 3023 et
683 2960 836 3043 praeputio
853 2980 933 3041 prae·
986 2962 1165 3041 etgloriolae
1197 2962 1371 3041 cupiditate
1386 2963 1426 3023 ad
1446 2968 1658 3043 contemptum
1678 2962 1756 3023 alio·

162 3053 256 3129 ditos,
271 3059 421 3133 tanqrram
435 3056 567 3140 inpares,
584 3061 615 3115 et
628 3055 771 3134 indignos
783 3054 935 3116 beneficio
985 3072 1069 3125 rum,
1098 3059 1129 3115 et
1158 3054 1266 3116 odium
1286 3054 1427 3117 incitatos
1448 3060 1666 3135 compesceret,
1682 3073 1758 3116 neu-

161 3151 262 3222 tento,
282 3145 322 3207 eb
340 3146 561 3207 communione
584 3146 721 3224 primum
740 3148 823 3208 illius
845 3164 934 3208 arce·
985 3147 1041 3208 tris
1073 3165 1158 3221 eam,
1195 3165 1291 3226 quam
1324 3146 1535 3222 affectabant,
1564 3146 1699 3221 virtutis,
1727 3151 1758 3208 et

161 3236 348 3299 bentibus
367 3238 429 3300 illue
449 3239 578 3300 orientis
601 3238 742 3301 Ecclesiae
761 3239 873 3315 teubas,
895 3238 935 3299 ab
986 3239 1154 3301 sanctitutis
1197 3239 1325 3300 laudem
1362 3240 1506 3318 obtigisse
1553 3239 1756 3303 demonstrat.

161 3329 282 3391 iudeis
304 3329 448 3391 fidelibus
471 3335 578 3391 contra
603 3330 758 3412 principes
776 3331 936 3411 Apostolos
987 3333 1066 3392 Nam
1077 3331 1344 3411 quodadgentiles
1352 3332 1473 3408 attinet,
1481 3330 1581 3410 quide
1593 3331 1756 3411 sapientia,

162 3422 325 3498 necleves,
338 3440 480 3484 necraro
503 3422 678 3497 concitatae;
702 3423 787 3502 quod
807 3423 936 3484 ethnicis
987 3427 1018 3484 et
1045 3422 1195 3502 exquisite
1221 3441 1327 3484 rerum
1354 3423 1462 3485 notitia
1497 3422 1555 3483 sibi
1582 3422 1756 3502 placebant,

162 3513 222 3573 iter
242 3513 329 3591 fidei,
351 3521 383 3576 et
403 3514 511 3577 salutis
530 3515 654 3594 aperiri,
678 3515 820 3576 noudum
846 3533 936 3595 aequo
987 3516 1064 3577 adeo
1077 3515 1156 3575 nihil
1169 3513 1228 3577 buc
1242 3533 1276 3577 re
1289 3514 1565 3596 profecissedooet,
1580 3521 1616 3575 ut
1629 3515 1757 3577 illorum

162 3606 269 3666 animo
285 3612 478 3686 paterentur.
493 3606 734 3680 Quorumetiam
749 3607 937 3686 querelas,et
987 3607 1230 3687 praestantissimi
1240 3608 1450 3688 quique,quos
1459 3607 1758 3687 sapientes,etpbilo·

162 3698 369 3760 offensionem
382 3699 473 3760 ueriti
487 3698 601 3759 Christi
617 3699 759 3778 discipuli
781 3718 853 3760 cum
865 3699 937 3761 solis
988 3700 1101 3780 sophos
1115 3700 1321 3780 appellebant,
1350 3701 1493 3762 omnium
1514 3700 1694 3761 montelium
1707 3700 1760 3761 dc·

160 3788 228 3851 fere
249 3790 368 3851 ludaeis
391 3790 481 3851 initio
503 3793 657 3852 radonem
676 3790 843 3854 babebcint.
866 3794 938 3852 Post
987 3791 1119 3867 terrimi,
1146 3796 1178 3853 at
1199 3792 1439 3872 inquinatissimi
1464 3791 1590 3853 luerint.
1616 3792 1679 3853 Sed
1701 3809 1759 3852 nee

160 3887 270 3943 autem
284 3882 392 3943 divino
403 3882 536 3959 monitu,
552 3901 589 3944 ao
602 3883 750 3963 prodigiis
764 3884 803 3944 ad
818 3885 936 3963 imper·
987 3883 1121 3957 iudaeos,
1137 3884 1193 3963 qui
1207 3885 1309 3963 legem
1323 3884 1470 3945 divinitus
1483 3888 1640 3963 acceptam
1654 3888 1757 3944 osten·

160 3975 284 4036 tiendus
296 3975 465 4054 Evangelio
488 3976 628 4038 nationes
649 3976 785 4056 impulsi,
806 3975 936 4056 popula·
986 3980 1052 4037 tare
1061 3975 1354 4053 solebant,multum
1361 3981 1759 4055 exeoconsequutososten-

159 4068 248 4127 rium
266 4065 300 4126 iu
319 4084 351 4128 se
372 4085 502 4128 suorum
523 4067 673 4128 invidiam
691 4072 842 4129 acuerunt
858 4088 866 4129 :
881 4069 938 4148 qui
987 4067 1043 4129 dit.
1060 4068 1130 4129 Non
1156 4068 1240 4130 enim
1254 4068 1397 4130 meliores
1406 4068 1479 4130 inde
1494 4086 1558 4130 esse
1572 4068 1677 4145 hctus,
1700 4086 1759 4130 nec

160 4164 229 4220 tam
242 4158 416 4240 parabilem
431 4159 491 4220 illis
503 4160 590 4221 reddi
605 4160 723 4237 salutis,
738 4161 936 4222 aeternitutis·
988 4159 1100 4235 exilia,
1121 4160 1168 4220 uti
1186 4178 1244 4240 per
1267 4167 1343 4236 erat,
1370 4165 1501 4237 servate,
1524 4161 1618 4222 decus
1636 4180 1672 4221 ac
1692 4161 1759 4222 lau·

160 4270 225 4331 que
238 4268 328 4332 spem
347 4252 475 4331 indigue
495 4252 639 4329 ferentes,
663 4271 700 4315 eo
718 4254 846 4315 demum
860 4253 937 4333 lapsi
988 4252 1059 4313 dem
1075 4252 1149 4312 :sed
1167 4252 1280 4314 violata
1303 4253 1416 4333 potius,
1435 4252 1547 4329 delicti,
1573 4271 1609 4315 ao
1628 4254 1757 4315 damna·

161 4350 249 4420 suut,
258 4344 556 4424 utealegegentiles
568 4344 776 4407 admittendos
789 4346 828 4407 ad
838 4347 938 4407 Evan-
989 4343 1082 4405 lionis
1116 4343 1347 4406 incrementum
1384 4345 1559 4424 acquisisse,
1596 4345 1759 4425 Siquidem

160 4436 235 4512 gelli
248 4435 504 4498 communionem
517 4437 665 4510 dicerent,
677 4437 703 4497 si
714 4443 786 4499 ante
797 4436 936 4499 Mosaicis
988 4435 1147 4515 pessimos,
1158 4454 1194 4498 eo
1203 4436 1471 4517 depravatissimos
1485 4437 1578 4498 trusae
1591 4437 1674 4498 dicit.
1698 4437 1759 4511 Qui

160 4528 287 4604 ritibus,
315 4547 352 4590 ac
378 4529 570 4590 ceremoniis
599 4529 714 4590 initiati
747 4529 937 4610 preputium
985 4545 1051 4589 curu
1071 4526 1145 4588 alios
1164 4527 1326 4606 docerw,
1349 4532 1453 4609 scipsos
1474 4547 1533 4589 uuo
1544 4527 1687 4607 ἀοιινιιιι,
1704 4529 1760 4610 qui

160 4625 330 4701 ponerent.
360 4621 449 4694 Quod
471 4626 503 4681 et
527 4620 681 4700 plerisque
705 4623 935 4701 persuaserunt.
982 4618 1255 4701 predicareutuon
1267 4619 1477 4699 furandum
1488 4620 1679 4702 furarmtur,
1695 4627 1756 4685 eto.

161 4712 225 4775 Sed
243 4712 297 4773 hie
311 4730 398 4774 error
421 4712 582 4793 apostolici
601 4712 758 4775 interdicti
780 4714 883 4795 gladio
904 4714 939 4773 in
989 4711 1049 4789 Qui
1061 4729 1128 4772 cum
1145 4712 1177 4772 ia
1196 4710 1257 4792 lege
1270 4711 1482 4793 glortbrcntur,
1500 4731 1559 4793 per
1568 4713 1757 4793 proeuam'eu·

161 4803 448 4884 hierosolymitano
463 4804 591 4866 coneilio
612 4805 748 4866 succisus
770 4804 938 4866 identidem
987 4803 1094 4864 tionem
1121 4802 1192 4883 legis
1218 4803 1313 4865 Deum
1347 4803 1577 4880 inhonorarent,
1620 4805 1696 4868 edeo
1723 4810 1760 4865 ut

160 4896 434 4976 tamenpullulure
446 4914 511 4957 non
525 4896 632 4958 desiit:
649 4903 684 4958 ut
696 4897 736 4958 ad
750 4914 824 4958 eum
838 4895 940 4976 oppri-
987 4914 1090 4956 nomen
1126 4893 1185 4956 Dei
1207 4914 1262 4976 per
1293 4894 1363 4958 illos
1395 4895 1647 4977 blasphemaretur
1681 4900 1759 4959 iuter

160 4989 318 5050 mendum
344 5007 410 5049 non
432 4988 581 5050 mediocri
605 4989 814 5064 contentione,
837 5006 939 5068 neque
987 4994 1094 5067 gentes.

161 5081 284 5162 paucis,
318 5099 354 5142 ac
383 5080 567 5160 vulgaribus
600 5080 827 5142 hortationibus
860 5097 939 5160 opus
1028 5080 1080 5140 ΙΙΙ.
1109 5078 1263 5153 Quoniam
1287 5097 1361 5141 vero
1388 5083 1459 5140 tum
1480 5080 1581 5142 iudei
1603 5081 1756 5162 plerique,

163 5171 415 5253 ApastoloPaulo
424 5171 569 5253 deinceps
582 5172 728 5235 tueritht
737 5172 867 5250 gentiles
880 5172 938 5252 ipsi
989 5170 1044 5251 qui
1057 5171 1178 5232 Christo
1194 5188 1311 5234 nomen
1338 5172 1496 5251 dederant,
1515 5172 1698 5252 justificatos
1724 5191 1757 5235 se

190 5370 201 5414 t
215 5368 274 5426 Aug.
286 5370 302 5414 Ι.
315 5366 336 5413 ll
345 5368 377 5413 ad
385 5367 514 5423 struatur.
525 5378 551 5420 ιι,
567 5375 584 5413 ι.
598 5379 620 5412 ιι
634 5374 657 5412 ct
666 5366 706 5412 lib.
718 5368 745 5414 ds
755 5367 810 5422 intr.
820 5372 841 5413 et
855 5366 890 5413 itt.
902 5378 922 5411 c.
935 5373 967 5411 ιἰι
978 5371 999 5411 st
1012 5365 1112 5411 eru-i
1121 5367 1182 5412 ιιοιι.
1194 5377 1219 5417 ιι,
1230 5365 1264 5409 nt.

281 5449 359 5513 Tou
382 5447 424 5510 V.
1618 5447 1638 5507 t
