4078 6162
594 325 644 387 on
664 286 971 407 nomannorum
993 328 1066 391 ns.
1089 328 1140 405 ιιι,
1172 328 1259 393 mr.
1282 330 1308 390 r.

1684 337 1740 397 ltl

156 494 324 573 tatis‚quae
337 494 372 555 in
384 492 516 555 Domino
530 491 739 554 Ghristolaeta
753 495 927 573 est,etipse
978 494 1136 571 Patribus,
1170 495 1340 576 haberique
1371 498 1560 574 docuimus3
1594 505 1745 580 tanquam

156 587 285 649 effectus
303 586 454 647 unitionis
472 585 568 654 illam,
591 603 662 665 quae
680 584 717 645 iit
734 586 767 646 in
787 585 925 662 homine,
978 587 1087 649 intime
1116 594 1243 650 naturas
1264 590 1462 669 jungentem,
1492 609 1527 651 ao
1554 600 1665 653 mutuo
1688 594 1746 656 sibi

155 678 394 760 superexcellit3
410 683 526 757 quanto
545 677 671 756 longius
693 696 712 738 a
731 696 764 738 se
782 678 927 739 distantia
977 680 1185 760 applicantem
1213 683 1291 745 duas
1307 703 1314 744 ε
1331 685 1375 744 ita
1395 689 1431 744 ut
1457 702 1558 744 unum
1584 703 1640 763 per
1668 704 1744 763 sese,

156 773 270 834 univit.
299 772 434 833 Multum
455 787 603 850 namque,
633 773 665 830 et
689 774 841 849 quantum
868 770 926 831 dici
976 773 1160 853 proprieque
1174 776 1372 849 constituant,
1384 778 1483 837 Deum
1497 777 1590 837 simul
1603 783 1634 838 et
1647 778 1746 851 homi·

156 883 222 928 non
236 870 349 946 potest,
359 869 497 944 superat,
507 869 543 923 ut
552 862 673 923 deitatis
685 868 716 923 et
726 862 927 923 humanitatis
976 882 1060 938 nem,
1077 885 1212 945 quorum
1230 867 1282 928 ille
1296 887 1378 929 unus
1392 887 1464 929 euru
1483 868 1551 945 isto,
1564 874 1594 930 et
1608 888 1680 931 oum
1691 871 1744 933 illo

156 957 205 1019 vel
219 958 324 1019 solum
341 974 406 1017 una
420 957 515 1035 possit
535 973 599 1016 esse
613 972 757 1035 persona,
782 972 878 1033 quom
892 960 927 1015 ut
976 955 1033 1018 iste
1054 957 1100 1018 fit.
1118 959 1186 1019 Non
1205 961 1289 1043 enim
1301 970 1384 1042 σχέσει
1406 962 1479 1029 sola,
1498 967 1529 1022 et
1541 962 1725 1024 habitudine
1735 984 1744 1039 ;

154 1068 194 1111 ex
208 1050 316 1113 anima
328 1053 361 1111 et
374 1065 539 1111 earnenon
548 1048 651 1111 solum
659 1065 723 1108 nna
733 1064 864 1126 persona
874 1047 924 1123 sit,
975 1048 1026 1109 vel
1053 1049 1235 1127 efficientiae,
1267 1059 1322 1113 aut
1348 1054 1506 1133 dignitatis
1533 1056 1744 1116 communica-

153 1144 256 1205 sedet
277 1140 332 1205 fiat
352 1161 415 1203 una
439 1159 564 1221 quoquo
587 1145 709 1201 natura.
735 1140 819 1200 Deus
841 1138 927 1199 enirn
976 1139 1061 1202 tione
1073 1142 1156 1204 iuter
1167 1162 1199 1204 se
1213 1144 1370 1207 cohaerent
1387 1166 1394 1205 :
1411 1146 1472 1207 Sed
1484 1145 1629 1225 perlecta,
1645 1153 1677 1208 et
1702 1154 1745 1209 ot-

153 1234 291 1312 infinite‚
306 1240 338 1297 et
351 1239 502 1314 quantum
523 1232 583 1294 dici
597 1251 663 1293 non
676 1237 787 1313 potest,
802 1237 927 1308 superat
976 1243 1058 1295 σιώδει
1069 1280 1077 1309 ,
1090 1240 1126 1295 ut
1141 1238 1241 1298 Graeci
1254 1238 1372 1313 dicunt,
1393 1239 1511 1299 unitate
1525 1244 1704 1301 nectuntur.

153 1334 344 1405 ereaturam,
361 1333 418 1389 stc.
441 1327 475 1388 Si
494 1326 589 1406 igitur
609 1324 662 1385 Dei
682 1324 810 1403 quidem
828 1323 926 1384 virtus
1015 1327 1176 1388 Nemeeius
1192 1328 1384 1407 Christianus
1411 1330 1624 1409 philosophus,
1648 1332 1744 1411 serip-

153 1421 278 1483 infiuita
293 1425 350 1496 est,
370 1425 484 1483 nostras
498 1424 603 1480 autem
618 1416 797 1478 substantiae
811 1415 898 1477 finita
917 1435 924 1475 :
974 1423 1085 1498 terque
1094 1420 1220 1499 politus,
1232 1421 1290 1481 sub
1304 1421 1401 1483 finem
1415 1421 1524 1500 cepitis
1537 1423 1630 1497 tertii,
1643 1425 1745 1484 Euno-

153 1532 272 1591 magna
284 1512 349 1586 illa,
365 1521 396 1575 et
409 1510 652 1592 supereffulgens
672 1509 771 1569 unitio
783 1514 839 1577 est,
855 1526 925 1589 quae
976 1511 1096 1572 mianos
1124 1512 1219 1573 refert
1255 1512 1348 1593 (quod
1373 1532 1471 1590 genus
1496 1513 1530 1573 in
1558 1514 1745 1576 Asianorum

153 1607 254 1668 valuit
279 1606 361 1667 inter
383 1605 436 1669 illa
458 1610 581 1665 tantum
603 1601 807 1682 discrepantia
828 1620 926 1662 unam
975 1609 1059 1665 secta
1071 1605 1314 1684 perditissimum
1328 1605 1395 1687 fuit)
1413 1605 1615 1675 existimasse,
1637 1606 1745 1667 altivi-

153 1717 321 1779 personam
344 1697 456 1759 faeere.
486 1697 572 1758 Sicut
599 1694 685 1757 enim
710 1692 928 1773 superexcellit
975 1714 1053 1755 num
1075 1696 1216 1758 Verbum
1239 1717 1311 1759 oum
1334 1718 1463 1778 corpore
1486 1717 1550 1759 non
1573 1699 1745 1761 substantia

153 1792 255 1853 virtus
268 1791 347 1871 ejus,
355 1791 410 1869 qui
424 1796 563 1850 montem
573 1786 733 1867 suspendit
747 1785 787 1846 ad
799 1786 923 1856 coelum,
975 1789 1154 1868 copulatum
1175 1790 1279 1864 fuisse,
1305 1791 1359 1851 sed
1385 1792 1556 1851 seeundum
1583 1792 1743 1871 utriusque

153 1888 185 1945 et
200 1883 246 1945 illi
261 1882 434 1960 conjungit,
460 1882 486 1942 si
509 1880 614 1961 possit,
639 1878 689 1940 vel
713 1878 872 1957 continget
894 1878 925 1937 id
974 1880 1143 1943 facultates.
1153 1883 1222 1943 Non
1236 1882 1320 1944 enim
1335 1882 1521 1943 substantias
1535 1884 1615 1963 ipsas
1625 1885 1741 1962 unitas,

154 1975 235 2050 lieri,
260 1974 344 2036 ultra
365 1974 459 2050 illius,
489 1974 543 2052 qui
570 1972 696 2051 glebam
720 1969 820 2031 monti
848 1988 925 2030 oon·

150 2066 282 2149 jungit:
298 2066 341 2127 sic
358 2067 470 2144 unitio,
493 2083 563 2146 quae
581 2065 615 2127 in
635 2062 753 2125 Christo
771 2066 817 2121 est
833 2066 923 2136 tacta,

155 2178 237 2233 eam,
251 2178 322 2240 que
335 2177 391 2241 per
408 2157 530 2237 singula
543 2156 577 2219 in
590 2153 808 2218 communibus
823 2154 924 2215 homi-

155 2252 248 2315 nibus
259 2251 306 2314 fit.
321 2273 338 2311 ι
355 2252 427 2315 Haec
440 2252 479 2313 de
496 2249 658 2325 unitionis,
674 2266 744 2328 quae
758 2247 792 2308 in
806 2246 924 2308 Christo

156 2351 212 2418 eat.
227 2345 409 2409 excellentia
430 2344 589 2405 Rusticus.
617 2342 705 2416 Quod
731 2346 838 2401 autem
859 2357 925 2401 non

156 2436 191 2499 fit
209 2456 272 2499 uno
297 2443 421 2506 natura,
446 2437 480 2496 id
502 2440 615 2516 purgat
636 2434 680 2495 sic
697 2453 705 2493 ι
725 2455 737 2490 ι
754 2433 833 2507 Quia
859 2450 924 2491 non

155 2548 279 2592 neeesse
292 2536 339 2591 est
352 2549 371 2591 a
382 2530 501 2609 majore
520 2525 662 2589 unitione
683 2526 784 2605 majus
806 2522 923 2603 aliquid

155 2621 236 2685 effici
248 2643 255 2683 :
269 2622 408 2701 alioquin
418 2626 534 2701 quanto
546 2619 681 2699 amplius
694 2618 799 2697 aliqua
811 2616 924 2676 uniun-

155 2722 218 2791 tur,
232 2721 321 2776 tanto
335 2714 509 2794 potentiore
518 2713 550 2773 vi
559 2712 723 2772 uniuntur.
736 2710 798 2770 Sed
807 2728 844 2770 ea
853 2727 923 2787 quae

156 2807 401 2883 confunduntur,
416 2806 498 2888 ultra
512 2823 548 2865 ea
562 2821 631 2883 quae
650 2801 778 2863 minime
793 2801 923 2861 confun-

156 2902 285 2975 duntur,
296 2899 430 2979 emplius
440 2898 601 2969 uniuntur,
613 2901 650 2956 ut
660 2894 832 2955 humentia.
843 2894 925 2953 Rur-

155 3011 208 3056 sus
222 2993 328 3054 anima
341 2993 415 3070 quia
427 2990 558 3051 minime
577 2988 776 3050 contunditur
790 2986 924 3064 corpori,

158 3104 223 3147 non
237 3091 343 3147 tamen
364 3083 465 3163 major
489 3088 535 3143 est
556 3098 677 3155 eornm,
703 3098 773 3159 quae
794 3078 923 3140 confun-

157 3179 287 3251 duntur,
309 3177 407 3238 unitio
425 3175 566 3236 unitione
587 3173 786 3235 rationalium
802 3172 924 3232 anima·

159 3289 230 3331 rum
252 3270 294 3331 ad
316 3269 439 3349 propria
463 3285 603 3345 corpora.
628 3266 715 3326 liano
736 3264 820 3325 enim
843 3264 926 3325 solus

159 3362 230 3424 lacit
244 3363 326 3423 Deus
334 3382 342 3437 ;
358 3360 419 3423 illae
433 3377 507 3421 vero
520 3358 678 3436 subjaoent
687 3357 782 3418 etiam
796 3356 923 3419 nobis.»

160 3455 220 3517 Sed
234 3454 273 3515 de
289 3452 515 3533 hoephalorum
533 3455 718 3529 argumento
732 3448 802 3524 isto,
824 3454 854 3510 et
866 3466 928 3528 qua

160 3550 279 3609 ratione
294 3545 524 3607 dissolvendum
533 3545 582 3617 sit,
597 3561 654 3605 suo
665 3542 733 3603 loco
744 3542 924 3603 viderimus.

161 3640 244 3702 Illud
254 3641 289 3700 in
301 3656 434 3719 praesens
448 3638 520 3698 satis
533 3644 580 3698 est
600 3636 702 3709 nobis,
718 3652 757 3696 en
774 3634 835 3695 illis
849 3635 927 3695 Rus·

974 1974 1024 2034 rel
1048 1975 1132 2036 inter
1145 1992 1178 2035 se
1194 1980 1380 2055 temperatas
1401 1992 1468 2035 esse
1485 1994 1492 2035 ι
1509 1975 1561 2035 sed
1584 1975 1742 2037 facultates

974 2067 1111 2147 eorporis
1119 2067 1234 2137 divinis
1242 2067 1438 2128 inanitatibus
1448 2070 1738 2129 essecommistas⁰.r›

975 2159 1041 2232 Quo
1068 2158 1217 2219 vocabulo
1240 2158 1420 2239 facultatum
1443 2176 1550 2220 sensus
1586 2160 1739 2238 intellige·

975 2252 1060 2313 bant.

1013 2346 1133 2407 Verum
1161 2344 1324 2405 Nemesius
1349 2345 1434 2407 huno
1461 2345 1588 2407 illorum
1615 2347 1742 2425 castigat

974 2455 1123 2513 errorem,
1146 2443 1177 2497 et
1206 2437 1482 2499 «substantiarum
1492 2440 1666 2500 unitionem
1675 2439 1741 2501 sine

973 2531 1037 2591 ulla
1051 2529 1359 2604 contusionefaoram
1371 2529 1526 2591 asseritis
1540 2532 1619 2591 Hine
1629 2532 1740 2611 Diony·

973 2625 1038 2685 sius
1051 2640 1133 2702 saepe
1147 2622 1278 2683 verbum
1291 2629 1436 2699 ὠσιωθῆναι
1449 2623 1489 2683 ad
1501 2622 1580 2683 illud
1588 2624 1741 2704 explican-

973 2717 1049 2778 dum
1064 2716 1246 2794 mysterium
1260 2715 1398 2775 adhibet.
1410 2716 1450 2776 Ut
1458 2715 1491 2775 in
1499 2716 1633 2776 seeundo
1643 2718 1741 2795 capite

973 2808 1043 2870 libri
1067 2806 1101 2869 de
1116 2807 1236 2868 Divinis
1262 2807 1436 2883 romanibus,
1461 2808 1536 2867 dum
1560 2809 1603 2868 ita
1622 2809 1738 2882 scribit,

977 2901 1179 2963 «seeundum
1198 2918 1255 2960 nos
1273 2918 1311 2960 ex
1330 2901 1421 2960 nobis
1440 2919 1477 2960 ex
1494 2906 1559 2961 toto
1577 2919 1649 2961 rere
1667 2902 1740 2961 sub·

973 2992 1737 3072 stantiatumessesupersubstantivumVerbun1⁰.»

974 3088 1012 3147 Et
1024 3090 1142 3165 postea,
1167 3084 1324 3145 «viriliter
1347 3084 1415 3165 (hoo
1429 3091 1473 3145 est
1484 3084 1527 3145 ita
1539 3091 1575 3144 ut
1589 3086 1635 3145 vir
1643 3084 1739 3164 fieret)

974 3181 1077 3259 ipsum
1090 3195 1156 3238 esse
1169 3175 1444 3239 substantiatumi»
1462 3177 1516 3237 ait.
1530 3179 1605 3237 ltem
1614 3198 1630 3235 ιι
1641 3178 1743 3257 Usque

975 3272 1014 3332 ad
1028 3274 1183 3344 naturam,
1198 3286 1255 3348 pro
1266 3287 1321 3328 sua
1334 3270 1367 3328 in
1381 3268 1523 3328 homiues
1537 3268 1740 3347 benignitate,

976 3362 1100 3426 devenit
1111 3381 1120 3437 ;
1136 3367 1168 3422 et
1187 3378 1296 3421 revere
1316 3360 1537 3421 substantiatus
1561 3366 1616 3426 est.
1641 3379 1677 3421 ac
1697 3362 1744 3421 vir

975 3472 1139 3536 supremus
1157 3455 1237 3515 Deus
1258 3458 1304 3513 est
1320 3452 1449 3513 factust
1464 3473 1479 3510 n
1503 3452 1591 3527 Quod
1611 3452 1743 3514 vocabu·

976 3550 1042 3609 lum
1056 3555 1214 3622 οὖσιιιθῆιαι,
1223 3546 1438 3606 Nestorianam
1451 3545 1566 3623 frangit
1578 3546 1743 3620 haeresim3

977 3647 1013 3702 ut
1026 3640 1179 3702 Maximus
1190 3640 1344 3716 interpres
1357 3638 1494 3700 adnotat.

160 3732 213 3794 fici
242 3732 355 3805 Willis,
385 3730 618 3810 fflmPPObatflm
644 3728 759 3789 hahere
781 3727 928 3788 ussiiissssls
1017 3735 1072 3794 VI.
1090 3732 1224 3811 Cyrillus
1238 3734 1272 3791 in
1286 3731 1414 3811 epistola
1424 3728 1463 3790 od
1482 3728 1746 3810 Veientanumque

160 3826 243 3889 ffliflss
269 3823 466 3904 admistam,
495 3829 526 3883 θῑ
551 3820 788 3883 ᾶῡῐθῦθΠθΠῒθω
809 3821 929 3880 coeleris
979 3845 1035 3887 suo
1056 3844 1155 3899 more,
1178 3824 1422 3902 congruentibus
1443 3823 1528 3882 huno
1551 3820 1652 3881 locum
1676 3840 1746 3881 sen-

161 3919 327 3981 tationsm.
978 3918 1084 3979 tentiis
1105 3917 1249 3976 illustrat.
1271 3917 1357 3975 Inter
1376 3933 1453 3994 quas
1475 3913 1685 3973 memorabilis
1702 3918 1748 3974 ast

202 4012 241 4071 V.
257 4012 358 4090 Atque
371 4009 437 4071 brec
450 4008 518 4090 ipsa
528 4009 575 4069 vis
589 4016 620 4068 et
633 4007 766 4085 dignitas
783 4024 881 4068 nexus
895 4025 931 4069 ao
980 4012 1052 4086 ista3
1087 4009 1247 4068 «Verbum
1257 4026 1322 4067 non
1331 4006 1452 4067 homini
1460 4006 1659 4083 conjunctum
1669 4024 1746 4080 esse,

134 4168 140 4180 ,
161 4103 285 4167 ioedens
298 4103 397 4176 istius,
410 4102 496 4181 quod
515 4106 600 4162 tanto
619 4099 782 4161 intervallo
802 4100 930 4161 distrac-
980 4104 1033 4165 sed
1048 4102 1162 4180 ipsum,
1174 4100 1334 4160 hominem
1349 4099 1408 4158 dici
1423 4115 1487 4158 esso
1500 4096 1626 4171 lactum,
1641 4116 1749 4177 appre-

162 4202 218 4273 tss,
230 4195 429 4276 disparesque
442 4204 569 4257 naturas
580 4194 663 4254 inter
679 4210 712 4253 se
726 4192 875 4269 devinxit,
892 4210 931 4254 ex
980 4197 1078 4257 henso
1093 4194 1211 4254 semine
1225 4190 1404 4254 Abrahami.
1415 4198 1450 4250 ut
1464 4189 1634 4268 Scriptura1
1649 4189 1748 4269 loqui·

164 4288 209 4361 iis,
225 4306 297 4367 quet
313 4287 472 4367 superiore
490 4287 524 4347 in
536 4285 617 4346 libro
637 4286 818 4358 dictasunt,
838 4285 929 4346 intel·
981 4286 1063 4348 turs.
1079 4308 1093 4343 ι)
1115 4287 1219 4364 ltaque
1232 4290 1328 4361 negat
1350 4281 1602 4356 essedirendum
1621 4283 1748 4341 «Deum

163 4381 216 4460 ligi
229 4385 350 4460 potest3
365 4378 538 4458 presertim
551 4377 650 4458 capite
664 4383 786 4457 quarto,
800 4377 931 4438 ubiuni-
981 4387 1011 4440 et
1035 4378 1197 4439 hominem
1221 4378 1254 4437 in
1275 4395 1375 4436 uuum
1398 4374 1626 4449 convenientes,
1649 4392 1750 4435 unum

164 4473 278 4534 tionem
292 4472 375 4532 hano
390 4470 561 4532 naturalem
575 4476 605 4535 et
619 4469 831 4533 substantivam
842 4470 930 4531 dicia
980 4471 1114 4532 effecisse
1129 4470 1296 4529 Christum.
1318 4468 1439 4547 Quippe
1451 4467 1603 4541 Verbum,
1626 4485 1697 4527 cum
1711 4467 1751 4527 sit

199 4691 221 4732 o
239 4674 312 4733 Nes.
333 4689 394 4745 cap.
419 4688 460 4740 nr,
474 4678 543 4730 tom.
564 4673 617 4729 llll
633 4671 696 4729 Bit.
715 4673 890 4747 ΒΑ-Λιγιται
905 4674 931 4727 st
1018 4688 1032 4727 e
1051 4673 1129 4728 Dior.
1156 4688 1215 4743 esp.
1241 4686 1261 4725 ιι
1288 4670 1325 4726 de
1347 4673 1414 4725 Dio.
1432 4684 1509 4725 nom.
1529 4669 1564 4722 Th
1582 4668 1636 4723 καθ’
1650 4668 1751 4742 ἣμᾶςιξ

164 4761 230 4831 παρά
243 4778 304 4824 τισι,
317 4758 358 4810 καὶ
373 4758 481 4828 μάλιστα
493 4756 561 4828 παρὰ
574 4758 627 4818 τοῖς
640 4756 811 4829 Εὗιομιανοῖς,
825 4757 933 4823 ἡνῶσθαι
981 4755 1053 4828 ἡμῶν
1067 4754 1169 4819 diruite,
1196 4755 1237 4808 καὶ
1262 4753 1359 4822 haeae
1383 4752 1529 4820 adorabilem
1553 4752 1751 4825 thalesperiano

165 4842 205 4899 τὸν
214 4842 267 4896 debr
276 4842 353 4914 λόγον
363 4847 401 4899 τῶ
412 4843 510 4913 σώματι
524 4840 552 4897 οὐ
563 4839 617 4895 κατ’
627 4839 723 4904 ostreo,
738 4839 804 4893 ἀλλὰ
815 4839 877 4895 κατὰ
890 4839 934 4902 τὰς
982 4840 1067 4910 λόγον.

166 4924 276 4998 ἑκατέρου
290 4925 415 4997 δυνάμεις·
435 4924 464 4977 οὗ
482 4924 531 4996 γὰρ
545 4917 605 4976 εἶναι
619 4921 662 4987 τὰς
682 4922 766 4984 οὐσίας
788 4923 832 4985 τὰς
846 4922 935 4977 ἓνιιθιί-
1017 4922 1038 4978 d
1057 4922 1126 4978 thid.
1147 4923 1194 4975 liet
1209 4922 1238 4977 rb
1253 4922 1296 4995 pls
1305 4923 1423 4995 ἀνδρικῶς
1430 4921 1502 4976 αὐτὸν
1513 4920 1658 4987 οὖσιιιιθῆναι
1669 4938 1753 4992 gontr-

167 5010 244 5077 Μὴ
266 5007 403 5082 κραθείσας,
418 5007 483 5063 ἀλλὰ
503 5007 547 5068 τὰς
567 5008 680 5078 δυνάμεις
692 5012 737 5062 τοῦ
750 5008 866 5078 σώματος
879 5009 934 5069 ταῖς
982 5012 1031 5069 κῶς
1045 5007 1235 5078 παρειλήφαμεν.

167 5092 280 5166 δυνάμεσι
295 5092 351 5152 ταῖς
363 5090 436 5153 θείαις
449 5090 631 5162 ωγκεκρᾶσθαι·
1018 5105 1033 5146 e
1052 5089 1121 5146 lbid.
1146 5089 1248 5158 Ἐπειδὴ
1269 5091 1310 5143 καὶ
1335 5091 1381 5153 ἕως
1400 5090 1492 5161 φύσεως
1505 5087 1553 5142 berb
1573 5087 1754 5158 φιλανθρωπίας

201 5175 218 5231 ὁ
236 5174 306 5231 ibid.
327 5174 428 5231 Βέλτιον
443 5168 496 5237 odo,
513 5173 548 5235 ὣς
563 5171 713 5245 προείρηται,
728 5173 791 5227 κατὰ
802 5172 845 5240 τὴν
856 5172 933 5226 οἰκίαν
983 5170 1094 5241 diluta,
1108 5174 1149 5227 ael
1161 5172 1258 5242 ἀληθῶς
1272 5173 1389 5240 οἰισιώθη,
1406 5172 1447 5225 καὶ
1459 5170 1519 5242 ἀνὴρ
1533 5168 1672 5240 ὁῑιπὶρθεος
1682 5167 1754 5241 ἐχρη-

168 5257 234 5328 φύιιιι
246 5265 298 5313 τῶν
308 5257 448 5328 ἀσωμάτων
462 5256 600 5329 ἀσύγχυτοιι
611 5254 655 5322 τὴν
669 5255 755 5311 ἕνωσιν
768 5256 874 5329 γίνεσθαι
883 5264 933 5311 τῶν
984 5258 1094 5328 pitines.

168 5339 265 5397 ὠσῑῶν·
1020 5337 1041 5411 f
1055 5341 1120 5395 Cre.
1141 5340 1221 5410 epist.
1242 5338 1284 5395 od
1305 5338 1406 5395 Voler.
1422 5344 1489 5393 torn.
1513 5336 1545 5399 V,
1566 5350 1624 5404 per.
1640 5333 1674 5389 ll.
1695 5332 1752 5386 Ὅτι

195 5508 204 5551 l
217 5507 303 5554 fluens.
