4122 6248
323 372 384 435 Μό
822 370 1148 438 rubetoelcotttltl
1177 371 1404 439 coeuntem.

324 538 420 598 ensis
440 537 475 599 in
491 537 617 603 Scholia
639 540 712 603 suo‘
727 541 888 603 uenuulit
906 541 946 602 ed
966 546 1045 601 orat.
1068 555 1094 599 u
1144 539 1321 617 confltetur,
1337 558 1375 602 ao
1389 540 1475 620 quod
1495 540 1570 619 ipso,
1591 539 1727 619 quiante
1745 539 1859 599 meula
1874 556 1913 601 ex

324 629 416 708 Greg.
436 630 563 695 Nerion.
587 651 658 712 quor
681 640 727 695 est
750 635 835 715 prior
857 632 897 695 ad
919 631 1094 694 cedentem
1144 634 1237 694 Patre
1260 638 1352 694 natus
1378 639 1425 694 est
1448 634 1532 694 Deus
1555 633 1714 705 Verbum,
1740 632 1775 692 iu
1797 631 1914 692 cultimis

324 722 465 803 epistola.
482 724 569 786 lieno
591 726 689 806 ipsum
703 726 918 807 appellationis
936 725 1018 785 illius
1033 723 1095 784 ori·
1145 725 1255 787 diebus
1267 743 1306 787 er
1318 727 1385 806 ipsa
1397 727 1586 800 incernatur,
1599 730 1632 786 et
1643 729 1736 785 natira
1748 729 1812 799 νοις
1827 725 1915 786 etsie

324 816 441 893 gisem
465 834 501 877 eo
519 815 637 879 fontem
655 820 753 899 aperit
767 820 949 899 Fulgentius
966 818 1000 877 iu
1014 815 1095 877 libro
1144 818 1194 897 pie
1207 823 1238 879 et
1251 823 1390 879 seucum
1400 818 1684 879 Chalcedonensem
1694 816 1915 896 synodumllei

325 905 635 990 delorem.eap.u1.
655 913 731 973 ulta
754 914 852 974 Deum
871 910 1021 981 Verbum,
1040 909 1092 981 ait,
1144 910 1327 988 genitricem
1348 929 1418 972 eam
1440 928 1506 973 esse
1532 910 1720 986 confessam,
1745 909 1816 970 talis
1840 927 1916 970 ans·

326 999 497 1061 seeundum
507 1003 591 1079 quod
603 1004 801 1065 rarefactum
812 1009 868 1079 est,
882 1003 977 1079 Virgo
991 1004 1096 1061 sancta
1144 1004 1251 1064 thema
1263 1004 1333 1067 site,
1350 1024 1366 1061 ν
1384 1003 1450 1065 Hoc
1463 1004 1498 1064 in
1511 1021 1641 1078 renone,
1656 1019 1751 1082 quem
1765 1008 1796 1063 et
1808 1003 1842 1062 in
1858 1002 1914 1062 La·

326 1092 478 1171 concepit,
488 1093 690 1173 Angelorum,
700 1094 1093 1175 hominumqueiuctorem,
1144 1097 1316 1158 teranensis
1345 1102 1414 1158 aeta
1447 1096 1570 1157 concilii
1603 1097 1737 1157 blartino
1770 1094 1916 1175 pontifice

326 1184 533 1264 eumdemque
553 1187 757 1249 nihilominus
778 1189 874 1267 Virgo
898 1186 1019 1267 peperit
1038 1185 1095 1245 ho·
1145 1188 1244 1250 habiti
1271 1189 1406 1251 relatum
1424 1189 1624 1265 legimus‚rst;
1637 1196 1751 1249 νεοτόκον
1777 1186 1916 1266 proprie·

327 1276 449 1336 minum
475 1278 716 1359 redemptorem.
749 1283 856 1360 Neque
881 1280 966 1341 enim
992 1282 1097 1338 sancte
1144 1284 1241 1342 tatem
1262 1289 1403 1343 accurate
1430 1282 1536 1343 Patres
1563 1284 1791 1359 exposuerunt,
1817 1284 1850 1339 et
1875 1278 1915 1340 ab

327 1366 423 1446 Virgo
442 1369 539 1431 Morio
558 1372 656 1433 Deum
679 1374 746 1434 sine
760 1374 861 1434 earnis
874 1369 1095 1449 assumptione,
1146 1374 1335 1435 Nestorianis
1367 1374 1534 1454 prestigiis
1561 1372 1764 1434 extricenrnt.
1792 1372 1917 1432 Etenim

328 1477 386 1523 nec
399 1480 525 1523 caruem
546 1464 612 1525 siue
626 1465 769 1527 unitione
784 1466 942 1543 concepit3
957 1461 1097 1541 quiaille
1146 1466 1201 1527 Dei
1233 1467 1416 1545 genitricem
1446 1467 1577 1528 Mariam
1606 1470 1734 1527 eatenus
1769 1463 1917 1543 profanus

328 1560 494 1633 conceptus
513 1555 647 1631 Virginis
679 1558 742 1619 Deo
766 1558 825 1619 luit
845 1557 992 1635 cernique
1011 1571 1095 1615 eom·
1145 1559 1331 1638 agnoscebat
1350 1559 1527 1626 Nestorius,
1547 1575 1613 1617 non
1638 1556 1725 1634 quod
1747 1556 1847 1616 Deum
1866 1573 1917 1633 ge

328 1647 475 1707 munis.»
1145 1652 1274 1726 auisset,
1296 1651 1350 1711 sed
1367 1650 1451 1729 quod
1469 1649 1631 1710 bominem
1651 1647 1795 1709 edidisset
1814 1646 1914 1721 illum,

368 1740 476 1802 Petrus
491 1758 615 1823 quoque
634 1743 784 1805 diaconus
801 1742 835 1802 in
850 1741 989 1819 ejusdem
1003 1757 1095 1818 argu·
1146 1760 1281 1823 quocum
1305 1745 1386 1804 Deus
1412 1742 1596 1822 conjunctus
1619 1746 1705 1814 erat3
1727 1745 1758 1799 et
1778 1757 1842 1799 uua
1862 1758 1918 1818 per

328 1833 427 1892 menti
447 1833 539 1909 libro,
562 1837 664 1916 eapite
686 1852 723 1897 rr.
753 1855 769 1893 ο
790 1836 918 1897 θεοίνια
938 1851 1012 1893 vero
1033 1832 1096 1893 vir·
1146 1835 1561 1898 matristrensibetuterum.
1573 1834 1918 1906 Quemsensumceuon

327 1923 433 2001 gluem
450 1927 590 2000 Mariam,
615 1931 668 2002 ait,
691 1946 757 1989 non
774 1930 901 2007 propter
914 1926 1096 2004 dignitatem
1147 1930 1205 1991 iste
1227 1929 1436 1989 condemnat:
1457 1948 1473 1986 ο
1491 1933 1522 1989 et
1540 1933 1576 1988 ut
1602 1943 1711 1986 omues
1738 1925 1858 1998 Sancti,
1889 1930 1919 1985 et

327 2013 463 2077 hominis
474 2018 567 2092 illius,
588 2022 641 2100 qui
659 2037 699 2080 ex
716 2021 782 2099 ipse
799 2024 892 2079 natus
910 2023 967 2093 est,
985 2015 1097 2098 (quem
1147 2022 1289 2083 catholici
1303 2021 1422 2090 Patres,
1431 2020 1485 2080 Dei
1495 2018 1677 2098 genitricem
1687 2017 1834 2097 appellat,
1844 2018 1918 2096 quis

327 2106 439 2185 gratie,
463 2116 495 2170 et
512 2128 578 2172 non
595 2119 708 2173 natura
726 2113 828 2172 Deum
851 2109 979 2188 quidam
1001 2108 1098 2187 imple
1148 2117 1247 2175 Deum
1264 2113 1426 2174 hominem
1447 2112 1573 2191 genuit:
1596 2130 1612 2168 ιι
1635 2116 1671 2170 ut
1683 2109 1824 2188 loquitur
1836 2110 1918 2170 blar-

328 2201 495 2278 predicere
513 2218 578 2264 non
597 2202 759 2275 metuenti
778 2203 831 2264 sed
848 2201 983 2282 proprie,
1004 2207 1035 2261 et
1050 2219 1097 2261 se·
1147 2206 1233 2267 tlnus
1251 2222 1331 2285 pape
1351 2205 1384 2264 in
1403 2203 1533 2283 epistola
1554 2203 1705 2282 ηνιοοίνιιο,
1728 2219 1800 2281 quse
1819 2207 1868 2263 est
1887 2205 1919 2262 in

328 2293 468 2353 eundum
494 2296 672 2374 veritatem,
702 2296 881 2370 theotocon,
910 2293 941 2353 id
970 2299 1015 2353 est
1040 2292 1100 2354 Dei
1150 2296 1339 2360 Colleetoner‘s
1361 2296 1532 2371 boemii,
1569 2295 1725 2373 objectum
1743 2313 1837 2374 super
1860 2294 1918 2355 hcc

326 2384 506 2464 genitricem,
529 2405 566 2448 eo
585 2388 668 2467 quod
688 2388 807 2468 peperit
826 2403 910 2461 vere,
926 2391 957 2444 et
974 2385 1098 2464 proprie
1147 2389 1337 2470 professione
1350 2387 1407 2449 sibi
1422 2388 1541 2449 crimen
1555 2387 1686 2448 diluens.

328 2478 428 2537 Deum
454 2478 591 2541 Verbum
623 2482 842 2554 incarnetum3
879 2482 909 2537 et
938 2477 1098 2537 hominem
1192 2480 1302 2548 «Quid
1316 2485 1480 2541 esteutem
1494 2479 1619 2560 proprie
1631 2479 1770 2557 genuit»
1789 2479 1919 2559 (querit

326 2568 453 2644 fectum,
479 2577 571 2651 etque
595 2571 807 2649 essentialiter,
833 2570 897 2631 sive
917 2569 1099 2631 naturaliter
1147 2574 1322 2634 Ferrandus
1348 2574 1382 2633 iu
1400 2571 1530 2652 epistola
1557 2569 1598 2632 od
1623 2570 1799 2631 Anatolium
1809 2570 1831 2648 ’ί
1846 2589 1919 2632 rum

327 2663 412 2721 cerni
426 2663 560 2740 unitum,
577 2669 667 2725 etc.»
1148 2666 1293 2745 genuisse
1322 2668 1421 2727 Deum
1447 2665 1542 2742 Virgo
1571 2662 1714 2723 dicitur?
1739 2663 1919 2742 Respondet

369 2754 422 2815 lll.
453 2755 515 2816 Sed
548 2757 614 2818 vim
640 2758 923 2837 proprietatemque
956 2755 1100 2815 vocabuli
1147 2760 1201 2819 ita.
1220 2757 1406 2819 «lilaniiestc
1420 2756 1541 2835 genuit,
1553 2754 1800 2816 contestantibus
1812 2755 1916 2830 signis,

327 2846 428 2923 istius,
445 2864 481 2908 ao
498 2847 607 2909 fiscum
625 2849 782 2910 haereticoe
804 2847 931 2923 fraudis,
951 2853 983 2907 et
1001 2847 1098 2907 inter-
1148 2857 1180 2913 et
1205 2849 1371 2911 virtutibus
1399 2851 1499 2910 Deum
1528 2866 1615 2921 esse,
1644 2847 1700 2926 qui
1726 2864 1767 2907 ex
1792 2846 1919 2907 homine

326 2939 469 3018 pretendi
483 2942 684 3018 calumniam,
699 2960 762 3021 qua
774 2946 847 3001 sunt
855 2939 986 3001 illudere
997 2941 1099 3000 eonati
1148 2943 1297 3004 nascitur.
1325 2941 1406 3015 Ouid
1432 2946 1478 3002 est
1499 2940 1624 3020 proprie
1651 2938 1781 3013 genuit?
1802 2940 1871 3018 lpse
1890 2939 1916 3000 ei

327 3031 464 3093 Nestorii
475 3032 666 3114 discipuli‚et
679 3032 922 3094 Chalcedonensi
931 3032 1101 3093 obtrectare
1149 3035 1311 3096 mammam
1319 3034 1431 3102 earnis,
1443 3033 1615 3094 secuudum
1629 3048 1725 3110 quam
1739 3036 1917 3109 generatur,

167 3146 294 3192 gamm„
328 3124 459 3201 syuodo,
483 3142 576 3185 nemo
598 3125 710 3185 melius
732 3124 904 3206 explicavit,
930 3139 1026 3203 quam
1041 3123 1099 3202 ζον·
1149 3132 1299 3207 operante
1313 3127 1439 3206 qrridem
1448 3125 1566 3204 Spiritu
1575 3129 1693 3199 saneto,
1703 3130 1919 3186 verumtamen

183 3203 274 3314 ffl·
327 3214 428 3275 nodus
446 3217 556 3295 quinta
581 3217 614 3277 in
637 3234 755 3279 canone
780 3219 888 3291 sext03
919 3217 1007 3295 eujus
1032 3216 1100 3277 haec
1148 3236 1187 3282 ex
1206 3218 1270 3281 suls
1289 3219 1458 3281 visceribus
1475 3217 1609 3278 tribuit:
1629 3222 1661 3277 et
1680 3216 1751 3277 ideo
1769 3234 1864 3295 quem
1878 3216 1920 3277 sie

328 3307 423 3368 verbe
444 3315 537 3370 stunt:
558 3310 629 3371 «si
651 3310 720 3389 quis
738 3310 875 3384 abusive,
897 3316 928 3370 et
943 3326 1009 3370 non
1027 3326 1099 3370 vere
1148 3312 1232 3374 nesci
1245 3312 1396 3392 oportuit,
1409 3311 1504 3372 etiem
1515 3306 1766 3389 propriegenuit.
1781 3332 1795 3361 ι
1811 3310 1919 3387 Itaque

328 3400 382 3460 Dei
411 3403 591 3476 genitricem
619 3400 693 3463 dicit
720 3409 878 3478 sanctem,
908 3402 1097 3480 gloriosam,
1152 3406 1252 3485 equis
1265 3422 1331 3466 non
1349 3402 1512 3464 hominem
1530 3399 1711 3480 quemlibet,
1732 3400 1787 3478 qui
1804 3418 1870 3461 uon
1882 3402 1920 3460 stt

327 3508 449 3570 semper
468 3492 622 3568 virginem
640 3494 788 3555 Mariam:
803 3493 855 3554 vel
868 3494 1040 3554 secundum
1054 3510 1098 3553 re·
1148 3500 1260 3556 notura
1284 3494 1391 3569 Deus,
1413 3490 1457 3552 ait
1474 3492 1611 3552 loannes
1628 3487 1840 3559 Maxentius⁵,
1867 3490 1919 3550 sed

327 3582 488 3657 lationem,
509 3586 596 3666 quasi
615 3585 743 3647 homine
766 3604 846 3665 puro
865 3590 950 3661 nato,
966 3586 1099 3646 sednon
1149 3589 1248 3650 Deum
1275 3585 1415 3646 Verbum
1440 3585 1655 3651 incarnatum,
1682 3586 1778 3641 etex
1804 3599 1837 3641 se
1862 3582 1917 3641 ho·

328 3676 390 3735 Deo
405 3675 506 3736 Verbo
524 3677 696 3751 incarnato,
717 3684 749 3738 et
765 3682 838 3737 nato
856 3692 896 3737 ex
913 3678 999 3756 lpsa3
1019 3676 1098 3738 refe·
1147 3679 1265 3739 minem
1279 3676 1395 3738 factum
1417 3675 1534 3753 genuit,
1554 3672 1613 3734 hac
1631 3674 1670 3734 de
1684 3690 1776 3734 rause
1788 3680 1919 3748 isreel

327 3766 424 3827 reuda
445 3773 561 3843 autem,
580 3768 660 3828 sieut
676 3766 721 3827 illi
735 3768 852 3843 dieunt,
867 3768 1005 3828 hominis
1021 3768 1100 3829 nati·
1149 3770 1274 3849 proprie
1288 3787 1354 3831 esse
1368 3765 1503 3828 creditur
1520 3765 1690 3832 theotocos.
1707 3784 1723 3822 ν

328 3858 421 3919 vitate
431 3859 577 3920 adlteum
585 3858 738 3936 Verbum,
750 3878 786 3920 eo
797 3856 880 3939 quod
890 3877 961 3920 oum
971 3859 1099 3920 homine
1189 3860 1242 3922 IV.
1265 3856 1555 3921 animadvertendae
1571 3859 1644 3917 sunt
1660 3872 1752 3917 voces
1766 3855 1837 3929 illas,
1853 3874 1919 3917 vere
1941 3886 2042 3941 mu.

328 3956 395 4010 erat
408 3956 573 4012 nascente:
591 3958 620 4012 et
634 3951 842 4013 calumniatur
857 3956 995 4012 sanctam
1009 3950 1099 4012 Chal-
1148 3962 1178 4014 et
1196 3952 1327 4034 proprie,
1351 3968 1428 4031 quas
1448 3951 1487 4011 ad
1500 3946 1642 4031 piparodi
1654 3947 1852 4024 venonium,
1867 3953 1921 4009 aut
1954 3948 2039 4036 Ἥ*

328 4043 533 4104 redonensem
552 4044 729 4123 synodum,
752 4049 900 4124 tanquam
928 4045 1099 4105 seeundum
1148 4054 1277 4118 θεοότιοο,
1306 4044 1398 4104 Deire
1423 4041 1579 4121 genitricis
1598 4042 1783 4119 plerumque
1803 4045 1920 4101 veteres
1942 4052 2046 4148 pm

327 4134 423 4194 istum
437 4135 571 4214 impium
591 4137 794 4210 intellectum,
811 4154 905 4215 quem
919 4136 1099 4197 'llreodorus
1149 4137 1325 4215 adjungunt
1340 4134 1752 4211 :Insigniterveroloanues
1768 4132 1921 4193 meundus
1947 4151 2041 4196 mua·

328 4227 518 4288 execrandus
541 4224 712 4304 adinvenit,
742 4228 798 4289 Dei
822 4228 1003 4307 genitricem
1030 4230 1100 4289 Vir-
1149 4230 1312 4288 Romanus
1332 4226 1475 4288 Pontifex
1484 4224 1507 4299 ⁸,
1523 4226 1557 4286 in
1577 4224 1708 4304 epistola
1722 4223 1919 4285 adstrictrum
1953 4207 2037 4258 Μ

329 4321 435 4396 giuem
446 4318 619 4380 dicentem:
635 4319 685 4381 vel
699 4320 754 4398 qui
768 4320 905 4380 hominis
918 4321 1099 4395 genitricem
1147 4325 1319 4395 secutorem,
1343 4324 1376 4379 et
1398 4319 1494 4379 ulios:
1522 4339 1537 4375 α
1561 4316 1732 4379 Gloriosam
1753 4334 1840 4390 vero,
1864 4318 1917 4387 ait,

329 4414 429 4485 vorat,
451 4417 507 4471 aut
530 4411 756 4483 christotocon,
776 4410 806 4470 id
826 4416 871 4471 est
893 4411 1002 4471 Christi
1016 4411 1101 4489 geui-
1151 4417 1289 4472 sanctam
1302 4427 1424 4489 semper
1437 4409 1591 4487 virginem
1603 4408 1731 4469 Mariam
1741 4413 1773 4468 et
1785 4407 1917 4487 proprie.

329 4502 448 4577 lucem,
464 4507 614 4582 tunquam
626 4503 654 4564 ai
674 4503 811 4563 Christus
829 4504 909 4563 Deus
922 4520 987 4563 nou
1001 4509 1099 4563 esset:
1151 4510 1182 4564 et
1194 4503 1345 4563 veraciter
1361 4501 1417 4562 llei
1435 4501 1634 4580 genitricem,
1654 4504 1849 4578 matremque
1866 4496 1919 4558 Dei

330 4597 360 4652 et
374 4608 438 4652 non
453 4595 588 4674 proprie,
604 4600 635 4656 et
651 4612 724 4656 vere
739 4590 794 4656 liei
808 4594 988 4674 genitricem
1002 4594 1101 4674 ipsam
1150 4594 1245 4656 Verbi
1269 4613 1308 4656 cx
1332 4611 1369 4657 ea
1392 4593 1544 4655 incarnati
1565 4592 1604 4653 ab
1619 4591 1799 4653 hominibus
1811 4591 1919 4653 Gatbo

366 4782 387 4825 e
406 4771 508 4839 Quinta
523 4784 586 4842 syn.
603 4786 665 4828 ean.
680 4770 708 4828 θ.
729 4769 761 4826 Εί
774 4788 809 4835 τις
822 4776 1031 4844 καταχρηστικῶς,
1042 4771 1102 4827 ἀλλ’
1149 4771 1280 4844 θεοθώροο
1295 4770 1401 4842 ἔννοιαν,
1418 4771 1530 4824 θεοτόκον
1540 4768 1584 4838 τὴν
1598 4768 1716 4841 παρθίνον
1730 4766 1855 4823 sinceres.
1868 4770 1884 4835 ἢ
1898 4767 1920 4822 εί

330 4851 375 4905 oin
390 4852 486 4922 ἀληθῶς
500 4854 613 4909 θεοτόκον
634 4855 699 4927 λέγει
721 4851 764 4923 τὴν
780 4853 850 4926 ἀγίαν
865 4852 961 4916 ἔνδοξον
974 4855 1100 4928 ἀειπαρθέ·
1149 4870 1185 4916 ἐις
1200 4854 1386 4927 ἀνθρωποτόκον
1402 4851 1476 4922 αὐτὴν
1495 4853 1578 4921 καλεί,
1593 4852 1609 4921 ἢ
1625 4853 1798 4924 χριστοτόκον,
1813 4853 1848 4914 ὣς
1861 4852 1920 4923 xp·

330 4955 372 4990 νον
382 4934 489 5010 Μαρίαν·
503 4938 517 5005 ἢ
535 4936 597 4990 καεάι
611 4936 745 5009 ἀναφορὰν,
761 4934 795 5001 te
808 4934 938 5010 ἀνθρώπου
955 4936 1027 5008 ψιλοῦ
1044 4956 1100 5011 γεν·
1150 4944 1210 4992 oroi
1227 4936 1259 5010 μὴ
1275 4939 1346 5000 όντος
1360 4938 1425 4990 θεοῦ·
1443 4936 1508 4989 ἀλλά
1524 4936 1556 5009 μὴ
1570 4937 1659 5007 κυρίως
1671 4935 1713 4987 καί
1725 4934 1789 4988 κατὰ
1806 4934 1917 5002 ἀλήθειαν

332 5020 453 5091 νηθίντος,
469 5019 525 5073 ἀλλ’
537 5014 593 5093 οὖγί
609 5023 652 5074 τοῦ
667 5021 722 5074 θεοῦ
733 5018 810 5092 λόγον
819 5021 994 5092 σαρκωθίνεος,
1006 5021 1046 5074 καί
1058 5026 1102 5090 τῆς
1150 5022 1264 5074 θεοτόκον
1287 5019 1362 5087 αι’ντὴν
1377 5019 1505 5091 όμολογεί,
1521 5016 1562 5072 διὰ
1585 5016 1623 5082 τό,
1638 5017 1679 5071 τόν
1693 5017 1742 5090 πρὸ
1759 5020 1810 5071 τῶν
1826 5016 1917 5070 eum

333 5101 417 5168 αὐτῆς,
433 5102 612 5175 ἀναφερομένης
626 5102 653 5157 δὲ
666 5100 720 5157 κατ’
735 5100 839 5164 ἐκείνους
856 5107 899 5169 τῆς
913 5106 957 5156 τοῦ
972 5102 1101 5175 ἀνθρώπου
1151 5101 1177 5157 ἔκ
1193 5109 1237 5158 τοῦ
1251 5102 1343 5174 πατρὸς
1362 5102 1508 5175 γεννηθέντα
1521 5101 1574 5154 θεόν
1590 5101 1677 5173 λόγον,
1693 5098 1731 5153 ἀπ’
1746 5097 1857 5171 ίσχάτιον
1870 5104 1918 5152 τῶν

332 5186 468 5254 γεννήσεως
482 5182 521 5239 eet
535 5185 575 5240 τόν
590 5188 645 5240 θεόν
666 5186 753 5256 λόγον,
768 5186 801 5246 όνς
814 5187 919 5238 συνόντα
932 5191 968 5257 τῷ
982 5182 1102 5259 ἀνθρώπῳ
1150 5187 1248 5259 ἡμερῶν
1262 5185 1286 5248 ἐξ
1302 5186 1376 5255 αὐτῆς
1391 5187 1554 5257 σαρκωθῆναι,
1571 5184 1635 5238 οὕτω
1653 5203 1679 5237 τε
1701 5182 1806 5245 είνσεόῶς
1821 5184 1861 5235 καί
1875 5180 1918 5250 τίν

332 5268 487 5341 γεννωμένῳ.
514 5269 554 5321 καί
577 5270 723 5340 συκοφαντεῖ
742 5269 786 5337 τὴν
811 5268 882 5340 ἁγίαν
912 5265 936 5321 ἔν
960 5268 1103 5342 Καλχηδόνι
1152 5267 1259 5341 ἀγίανίν
1274 5266 1415 5342 Καλχηδόνι
1430 5267 1530 5323 σιίνοθον
1545 5266 1618 5334 ebt-bv
1634 5266 1798 5339 ὁμολογῆσαι,
1811 5266 1826 5319 ό
1840 5270 1919 5319 rord-

333 5347 447 5417 σύνοδον,
464 5350 498 5413 ὣς
511 5351 575 5405 κατὰ
587 5353 678 5420 ταύτην
694 5352 737 5420 την
760 5351 836 5419 ἀσεόῆ
855 5346 1022 5419 ἔπινοηθείσαν
1036 5351 1103 5424 παρὰ
1151 5372 1194 5415 τος
1208 5350 1317 5424 ἀνάθεμα
1330 5350 1405 5407 ἔσται.

361 5517 373 5561 ί
388 5517 445 5563 Soet.
457 5517 541 5561 tlh-2
555 5517 614 5563 Tem.
626 5519 656 5563 lll
664 5519 774 5565 Βίθί.-θ
789 5519 846 5565 bist.
857 5531 875 5573 1,
892 5528 908 5567 t.
921 5521 949 5564 lv
960 5520 1015 5566 titt.
1030 5521 1119 5567 Patre
1131 5519 1145 5564 ί
1157 5520 1255 5565 romuli
1268 5519 1332 5564 (ione.
