4036 6162
318 447 377 512 349
830 442 1155 511 rummalcouuu
1175 440 1393 508 Decumum

320 618 375 697 qui
388 623 419 678 et
432 616 515 678 solus
537 621 637 697 potest
660 616 735 678 dare
747 613 999 696 propitiationem
1021 611 1087 671 Deo
1137 614 1218 673 tarot
1236 611 1398 689 universa,
1417 614 1449 673 et
1468 626 1525 692 pro
1545 607 1687 673 omnibru
1703 608 1763 689 pati
1777 624 1785 669 s
1798 612 1874 689 amno

320 728 378 790 pro
392 708 704 771 omnibusnobisr.»
1136 702 1267 766 idoneus
1300 708 1375 781 erat,
1412 703 1466 784 qni
1487 720 1544 785 pro
1577 699 1808 780 omnibusapnd
1825 701 1875 762 Po·

360 802 442 862 Tum
456 819 495 862 cx
507 800 619 863 animae
631 799 793 880 dignitate,
806 803 838 859 et
850 798 1003 858 immenso
1017 810 1087 874 pre·
1137 799 1218 854 trem
1238 794 1441 856 intercederet
1460 803 1483 854 ⁰.
1497 817 1513 848 s
1531 791 1576 853 Ac
1596 790 1634 853 de
1646 791 1705 852 hoa
1721 789 1876 868 moranti

324 893 366 954 tio
384 893 510 972 colligit,
535 891 659 954 nudum
681 909 757 965 esse,
773 886 1089 970 qniillamredimere
1138 901 1251 962 genere
1264 886 1355 966 plura
1372 890 1490 968 postea,
1512 900 1585 947 cnm
1606 880 1875 962 illudinquirenus,

323 986 429 1065 possit,
451 984 537 1047 etin
558 990 708 1046 eternam
727 983 904 1046 felicitatem
927 997 1087 1041 asserere:
1138 996 1200 1059 qua
1223 979 1262 1041 de
1282 997 1375 1041 cansa
1392 979 1505 1041 Filium
1518 978 1631 1059 potius,
1650 991 1742 1055 quam
1753 990 1878 1055 personas

328 1077 423 1151 oQuid
437 1077 514 1139 adeo
528 1094 679 1157 magnum
693 1077 727 1137 in
740 1077 800 1138 hoo
812 1074 924 1136 seculo
939 1071 1090 1150 possideat
1138 1077 1275 1148 ceteras,
1298 1088 1424 1134 oarrrem
1433 1071 1585 1150 suscipere
1593 1067 1739 1130 decuerit.

221 1172 222 1175 ’
324 1168 488 1248 quispiam,
513 1174 550 1231 ut
571 1168 721 1230 idoneum
733 1167 848 1230 hahere
867 1164 963 1246 possit
976 1164 1089 1224 animae
1178 1165 1232 1225 llI.
1247 1166 1427 1227 Nuncunus
1440 1158 1877 1246 producendnsestinmedium,
1904 1176 1977 1239 rma

324 1261 470 1340 pretium,
487 1265 676 1342 quaenatura
690 1280 745 1323 sua
756 1263 890 1340 pretiosa
904 1254 1090 1335 est,eoquod
1139 1256 1193 1337 qui
1207 1259 1420 1320 necemitatem
1431 1252 1746 1319 illamlnearnstionis
1756 1250 1819 1312 Filii
1833 1249 1879 1312 usi
1896 1241 1981 1325 „ffi

322 1351 362 1413 ad
372 1353 542 1432 imaginem
550 1353 716 1415 conditoris
729 1352 861 1414 estfacta
870 1351 918 1411 sui
929 1347 987 1410 sp„
1138 1349 1273 1432 pressius
1289 1369 1384 1432 quarn
1404 1351 1506 1412 ceteri
1527 1349 1643 1423 Patres,
1656 1364 1692 1407 ae
1704 1343 1832 1425 pluribus
1842 1347 1879 1403 est
1905 1334 1980 1430 roffio

364 1444 403 1504 Il.
433 1446 484 1506 Sic
518 1445 698 1506 Ambrosius
727 1445 766 1504 ad
800 1437 945 1505 eumdem
975 1439 1094 1502 Psalmi
1139 1437 1798 1522 persecutus.llicesthnselmus,qniduobus
1807 1433 1878 1497 libris
1902 1447 1981 1495 urus

323 1536 450 1597 locum:
476 1536 576 1617 «Ipse
598 1542 644 1599 est
668 1536 763 1613 solus,
791 1536 846 1613 ait,
874 1536 928 1615 qui
959 1534 1092 1595 redimet
1139 1534 1218 1596 illud
1235 1535 1402 1616 explicans,
1419 1553 1459 1597 ex
1478 1552 1541 1617 qno
1557 1533 1684 1594 titulum
1710 1529 1791 1610 operi
1809 1527 1876 1601 iecit,

323 1627 495 1706 hominem,
507 1627 753 1709 uncenspietate
762 1644 937 1708 germanos,
952 1626 1091 1706 quiapro
1142 1626 1291 1691 CurDeus
1303 1627 1402 1705 domm
1417 1628 1494 1690 adeo
1510 1622 1807 1688 necessariumhtisse
1819 1637 1879 1683 oen·

323 1720 431 1782 alienis
455 1721 638 1800 sangninem
662 1738 754 1782 suum
772 1719 862 1789 fudit,
888 1737 981 1800 quem
997 1736 1091 1780 nemo
1140 1727 1197 1795 set,
1209 1721 1371 1783 hominem
1381 1720 1451 1782 fieri
1459 1722 1570 1794 Deum,
1589 1719 1716 1800 patique
1729 1713 1880 1797 prohoni·

323 1818 423 1892 potest
447 1813 558 1875 offerre
578 1832 635 1894 pro
658 1813 794 1889 fratre»
813 1818 871 1874 etc.
895 1811 1091 1892 oSedquare
1139 1812 1242 1887 nibus,
1259 1818 1343 1875 utne
1359 1812 1449 1875 aliter
1459 1813 1645 1893 quidemres
1664 1810 1746 1871 ahira
1755 1806 1879 1889 potuerit.

322 1904 408 1965 solus
431 1904 483 1966 hio
502 1904 664 1967 redimet?
688 1904 767 1980 Quia
782 1922 876 1966 nemo
894 1908 996 1985 potest
1018 1920 1091 1965 eum
1139 1906 1491 1969 Moreturautemutita
1504 1903 1723 1970 sentinthacvl
1735 1899 1882 1982 presertim

323 2013 446 2076 aequare
465 1998 590 2077 pietate,
604 2002 640 2059 ut
664 2016 720 2076 pro
735 1996 864 2059 servulis
877 1996 940 2058 suis
953 1996 1092 2057 animam
1140 1998 1433 2079 argumentationls3
1453 1999 1537 2080 quod
1550 1999 1583 2060 in
1598 1999 1663 2060 heo
1680 1994 1767 2068 nihil,
1783 2010 1819 2055 ne
1832 1991 1882 2054 mi·

323 2094 523 2170 suamponat
544 2108 658 2152 :nemo
671 2090 859 2171 integritate.
873 2090 987 2152 Omnes
1006 2088 1092 2151 enim
1141 2091 1262 2153 nimum
1289 2090 1426 2173 quidem,
1459 2092 1542 2172 quod
1576 2087 1774 2156 disconvenit,
1800 2084 1882 2146 inens

323 2182 382 2243 sub
406 2188 557 2260 peccato:
585 2200 693 2259 omncs
714 2182 789 2244 Adae
816 2181 901 2243 illius
934 2182 1092 2262 subjacent
1141 2189 1234 2266 quest
1249 2204 1257 2246 ι
1271 2184 1332 2257 vel,
1356 2183 1488 2247 utillius
1512 2181 1701 2245 utarrarbls
1717 2196 1725 2242 t
1742 2178 1839 2241 odiant
1856 2178 1883 2237 lu

324 2274 523 2353 prolapsioni.
555 2276 647 2339 Solus
669 2275 846 2355 redemptor
874 2274 1008 2356 eligitur,
1036 2275 1090 2354 qui
1141 2277 1204 2337 Deo
1222 2276 1451 2357 qnauhrmlibet
1469 2288 1602 2357 parvum
1621 2271 1831 2336 inconveniens
1844 2284 1883 2329 sc·

323 2372 448 2445 peccato
460 2368 557 2429 veteri
569 2367 721 2430 obnoxius
735 2385 800 2429 esse
812 2386 877 2429 non
890 2366 996 2448 possit.
1012 2389 1027 2427 ν
1046 2368 1092 2428 lta
1141 2368 1248 2449 quitur
1265 2368 1524 2449 impossibilitas’:
1540 2369 1583 2429 ita
1596 2363 1816 2447 quantumlibet
1826 2379 1883 2443 par·

324 2458 418 2518 etiam
432 2460 623 2539 Augustinus
636 2460 669 2521 in
683 2461 828 2522 eumdem
848 2458 1013 2522 Psalmum.
1030 2458 1091 2522 Sed
1140 2477 1212 2522 vem
1226 2462 1390 2539 notionem,
1406 2461 1555 2541 simajori
1574 2478 1644 2521 non
1656 2456 1792 2532 unetos
1805 2452 1883 2516 comi-

324 2550 467 2612 omnium
480 2552 639 2614 uberrime
650 2551 800 2613 Paulinus
817 2553 851 2613 in
865 2551 995 2631 epistola
1006 2570 1040 2614 ιν
1054 2552 1094 2614 od
1139 2558 1224 2615 tatur
1236 2553 1411 2616 necessitas.
1426 2552 1487 2615 »At
1498 2552 1608 2616 verosi
1621 2552 1689 2613 sola
1702 2545 1885 2612 misericordis

327 2640 468 2703 Severum
484 2664 492 2705 ε
513 2645 621 2719 oldeo,
631 2644 744 2724 inquit,
760 2645 878 2723 dictum
890 2649 981 2725 puto:
997 2644 1092 2707 haten
1140 2646 1310 2708 remittitur
1328 2651 1488 2728 peccatum
1500 2644 1524 2724 ⁸,
1539 2662 1597 2707 nce
1613 2645 1755 2725 punitur,
1768 2658 1801 2701 ac
1816 2637 1885 2700 satis

323 2751 389 2795 non
402 2735 536 2811 redimit,
549 2736 799 2811 redimathomo,
821 2737 895 2817 quia
909 2754 986 2816 quos
998 2735 1093 2799 frater
1139 2738 1272 2800 lectione
1294 2736 1500 2820 dispungitur,
1522 2736 1764 2799 «inordinatum
1776 2728 1886 2794 dimitti·

324 2843 388 2887 non
400 2827 585 2905 redemerat,
601 2828 661 2890 hoc
670 2833 716 2889 est
729 2828 892 2909 Propheta,
906 2845 960 2890 seu
973 2828 1093 2908 legisln-
1140 2836 1212 2906 tur3
1242 2849 1299 2893 naa
1331 2850 1368 2892 ea
1394 2830 1570 2910 benignitas
1595 2828 1728 2892 dicenda
1753 2831 1804 2899 est,
1829 2838 1886 2904 quet

323 2921 446 2999 tor,qui
458 2920 553 2981 homo
564 2925 689 2983 tantum
702 2920 838 2997 ernt,h0s
849 2919 1090 2997 homoredemit,
1141 2921 1259 3003 aliquid
1271 2924 1335 2984 Deo
1349 2922 1493 2984 indecens
1505 2927 1665 3002 operetur.
1681 2911 1885 3000 Quaproptarsi

324 3010 379 3090 qui
392 3016 423 3072 et
435 3012 599 3072 hauserat.
618 3011 695 3073 Deus
708 3011 796 3084 enim,
812 3011 915 3092 inquit
935 3010 958 3087 ¹,
982 3020 1048 3074 crat
1060 3013 1093 3076 io
1142 3033 1207 3077 non
1220 3015 1307 3077 decet
1324 3016 1425 3077 Deum
1446 3015 1563 3095 aliquid
1576 3014 1704 3094 injuste,
1722 3018 1774 3089 out
1788 3005 1886 3070 mordi-

328 3099 443 3163 Cdristo
455 3101 641 3164 rmoudiioru
653 3101 712 3165 sibi
732 3101 993 3184 mondumflnjus
1007 3105 1093 3167 enim
1142 3113 1214 3169 nate
1226 3107 1336 3183 iecere,
1350 3126 1415 3170 non
1437 3106 1572 3188 partinet
1584 3106 1625 3167 sd
1641 3106 1707 3186 ejus
1723 3102 1885 3175 libertatem,

324 3192 411 3254 modi
420 3193 516 3257 homo
542 3193 626 3256 solus
640 3194 809 3275 prevalere
824 3196 926 3276 potuit
947 3196 1093 3259 adversus
1142 3218 1177 3261 ac
1195 3198 1430 3280 benignitatem,
1445 3218 1480 3261 ar
1493 3198 1701 3272 voluntatem,
1720 3199 1885 3277 pemanm.

325 3285 512 3349 sententiam
536 3287 656 3364 mortis,
684 3292 716 3349 et
737 3287 881 3350 aculeum
901 3289 1028 3369 peccati,
1057 3298 1093 3353 ut
1142 3291 1272 3372 quinon
1286 3291 1542 3372 solvitDeoquod
1565 3289 1707 3369 abstulit,
1721 3284 1888 3368 impunitum

326 3377 567 3460 chirographum
579 3379 689 3442 mortis
707 3379 855 3456 aboleret,
871 3387 902 3442 et
913 3381 1093 3445 humiliaret
1142 3384 1335 3446 dimittere.»
1352 3382 1458 3449 item*
1483 3381 1589 3444 anihil
1601 3383 1710 3444 minus
1716 3376 1887 3442 tolerandum

325 3470 619 3534 calumniatoremo
1142 3482 1188 3539 est
1199 3477 1234 3538 in
1251 3493 1358 3539 rernm
1378 3475 1497 3552 ordine,
1515 3492 1611 3555 quam
1623 3481 1662 3536 ut
1675 3478 1807 3536 creatura
1818 3485 1887 3548 uss·

367 3563 551 3626 Athanasius
563 3564 598 3625 in
619 3564 698 3626 libro
715 3562 751 3626 de
768 3563 979 3628 lucubratione
1006 3564 1096 3629 Verbi
1142 3569 1203 3631 tori
1216 3569 1357 3632 debitum
1369 3569 1522 3630 honorem
1539 3566 1671 3645 auferat,
1686 3571 1717 3629 et
1735 3582 1796 3626 non
1807 3560 1889 3622 soluat

326 3654 494 3736 Dci,hujus
502 3656 714 3718 necessitatem
723 3675 762 3718 ax
774 3657 840 3737 ipso
851 3657 962 3720 Adami
969 3659 1091 3729 delicto,
1143 3660 1345 3741 quodauiert.
1368 3659 1451 3722 Nihil
1464 3665 1570 3722 sutem
1588 3658 1736 3738 injustius
1747 3656 1886 3725 toleratu,

325 3755 357 3811 et
372 3747 625 3811 divinainillum
636 3748 788 3810 sententia
800 3749 941 3826 metitum
958 3751 1009 3812 eui
1029 3751 1094 3814 sola
1142 3773 1238 3835 quarn
1265 3773 1326 3834 quo
1359 3752 1439 3814 nihil
1471 3752 1576 3814 minus
1595 3756 1644 3814 est
1669 3747 1883 3815 tolerandum·

325 3840 371 3903 rei
392 3841 575 3922 poenitentia
596 3838 768 3903 mtisincare
788 3859 853 3902 non
866 3847 996 3921 poterat.
1013 3845 1094 3906 Cum
1144 3847 1243 3920 Quare
1268 3863 1361 3907 onon
1376 3844 1467 3906 debat
1487 3843 1621 3906 tolerare
1637 3846 1727 3912 Deus,
1749 3857 1806 3922 quo
1822 3831 1888 3898 nihil
1990 3912 1991 3919 ἵ

325 3932 690 4014 enimexjustissimahei
699 3933 975 4008 animadversione,
986 3937 1092 4015 morti,
1142 3937 1287 4018 injustius
1308 3936 1468 3999 toleratur.
1489 3932 1618 3998 Necesse
1631 3942 1680 3998 est
1692 3950 1775 4015 ergo,
1794 3935 1826 3991 ut
1844 3930 1889 3987 8¹1¹

325 4032 357 4087 et
370 4026 1094 4107 corruptelaepemetorhomositaddiotus;etin
1143 4031 1263 4093 ablatus
1274 4028 1376 4092 honor
1392 4029 1538 4107 solvatur,
1558 4033 1613 4090 aut
1632 4045 1726 4109 prona
1737 4024 1886 4104 sequatur:
1990 4014 1991 4051 ³

325 4136 363 4180 eo
377 4117 477 4180 deleta
485 4118 659 4180 ctextinata
665 4118 757 4181 luerit
765 4119 868 4195 imago
882 4125 912 4181 et
925 4119 1094 4184 similitudo
1142 4123 1280 4202 alioquin
1293 4125 1348 4182 aut
1360 4119 1479 4202 sibiipsi
1488 4122 1568 4182 Deus
1577 4119 1683 4200 justus
1695 4135 1758 4181 non
1771 4115 1832 4187 erit,
1844 4112 1889 4171 atti
1990 4120 1991 4201 j

326 4210 392 4289 Dei,
413 4227 547 4290 quanm
570 4215 637 4272 erat
661 4211 801 4273 conditus
822 4229 911 4272 :non
925 4212 1095 4275 sufficiehat
1143 4215 1182 4276 ad
1196 4221 1366 4292 utrumque
1379 4212 1545 4291 impotens.
1559 4230 1575 4270 u
1990 4224 1991 4293 Ῑ

325 4303 365 4365 ad
388 4303 475 4365 illam
499 4303 759 4383 compensandam
767 4302 920 4384 jacturam
947 4304 1012 4366 sola
1037 4304 1095 4367 ho·
1183 4307 1330 4382 Quocirca
1344 4304 1649 4367 oeertisstmeteneri
1665 4303 1742 4379 vult,
1756 4295 1889 4382 quissine
1990 4296 1991 4303 '

326 4395 419 4459 minis
440 4396 479 4457 ad
502 4396 605 4458 Deum
637 4396 816 4470 conversio,
845 4402 876 4459 et
903 4396 1096 4477 qnnntahhet
1143 4398 1377 4476 satisfactione,
1402 4398 1435 4460 id
1470 4402 1516 4459 est
1544 4397 1612 4460 sine
1639 4396 1735 4459 debiti
1758 4390 1890 4456 solutione

326 4486 509 4568 poenitentia'
521 4509 528 4551 ε
545 4488 598 4551 sed
619 4489 703 4550 illius
718 4506 813 4570 opera
826 4489 999 4551 necessaria
1023 4489 1092 4567 luit,
1142 4496 1323 4572 spontanea,
1338 4508 1396 4552 neo
1410 4491 1492 4552 heus
1507 4495 1609 4569 potem
1621 4493 1782 4570 peccatum
1800 4484 1890 4561 impu·
1990 4480 1991 4507 ¹

331 4579 500 4659 «quicum
522 4580 660 4642 Verbum
679 4581 721 4642 sit
739 4580 852 4655 Patris,
873 4586 1093 4661 etsnpraom-
1143 4582 1245 4644 nitum
1265 4582 1442 4644 dimittere:
1465 4600 1523 4644 nec
1536 4581 1729 4663 peccatorad
1744 4569 1890 4641 beatitudi-

294 4694 296 4697 ’
327 4689 393 4747 nes,
425 4690 464 4733 ex
490 4673 693 4752 consequenti
720 4673 803 4735 solus
836 4673 1008 4736 instaurare
1036 4691 1093 4754 po·
1143 4693 1228 4751 nem,
1241 4674 1408 4752 veltalem,
1427 4674 1551 4754 qualem
1573 4673 1891 4749 nimbosumque
1990 4694 1991 4699 ¹

363 4920 385 4962 a
402 4905 488 4962 Brute.
505 4907 537 4960 to
550 4907 598 4961 Pr.
613 4920 707 4961 xtvlu.
717 4905 788 4974 Μότε
799 4900 843 4960 οὖν
855 4908 898 4961 τόν
910 4906 1013 4978 ἀδελφόν
1027 4908 1095 4976 ζήτει
1143 4908 1212 4979 φύσει
1233 4907 1325 4979 τιμίας,
1353 4908 1416 4961 διότι
1442 4906 1497 4961 κατ’
1520 4905 1601 4959 εἰκόνα
1624 4908 1668 4961 τοῦ
1687 4904 1810 4962 κτίσαντας
1827 4891 1890 4960 &fil
1990 4922 1991 4963 3

327 4988 360 5052 εἰς
375 4988 555 5061 ἀτολόόρωαιν,
570 4986 636 5040 ἀλλὰ
649 4987 690 5041 τόν
709 4987 883 5060 inspicimini
896 5009 940 5043 coo
955 4988 999 5058 τὴν
1013 4989 1093 5060 piore.
1144 4989 1249 5062 ἔγόνετο.

327 5073 389 5146 μήτε
416 5071 543 5145 ἄνθρωπον
569 5070 654 5144 ψιλόν,
684 5070 740 5124 ἀλλ’
767 5071 894 5146 ἄνθρωπον
916 5072 969 5127 θεὸν
996 5071 1095 5141 Ἰησοῦν
1180 5075 1281 5131 odra.
1302 5076 1381 5147 Λόγος
1399 5073 1446 5146 γὰρ
1459 5076 1496 5128 ὢν
1515 5076 1558 5128 τοῦ
1571 5071 1672 5145 πατρός,
1687 5071 1728 5125 καὶ
1745 5063 1891 5139 tripudiat

325 5156 443 5228 Χριστόν,
454 5157 481 5219 ὃς
491 5155 532 5208 καὶ
547 5156 620 5228 μόνος
638 5153 739 5209 δόνατατ
752 5156 835 5209 δοῦναι
857 5153 977 5228 ἰξόλααμα
997 5160 1034 5229 τῷ
1048 5154 1095 5229 θεῷ
1142 5158 1189 5224 ὢν,
1207 5156 1346 5221 molotius
1360 5157 1401 5211 καὶ
1415 5155 1544 5211 ἀνακτίσαι
1558 5154 1590 5211 τὰ
1604 5156 1651 5210 tle
1669 5155 1742 5227 μόνος
1754 5147 1782 5220 ἦν
1793 5143 1890 5203 toroto

324 5237 384 5313 help
398 5240 496 5292 πάντων
510 5237 592 5311 ἡμῶν.
1142 5242 1184 5293 καὶ
1200 5238 1260 5313 help
1282 5239 1379 5294 πάντων
1403 5238 1499 5303 παθεῖν,
1521 5240 1563 5292 καὶ
1581 5230 1724 5313 apostatae
1742 5233 1794 5307 περὶ
1806 5228 1890 5285 πόντων
1990 5240 1991 5243 ’

361 5321 378 5376 h
396 5319 464 5377 lbid.
477 5320 507 5374 Ti
517 5318 540 5374 δ’
557 5322 585 5374 ἂν
599 5322 640 5373 καὶ
654 5312 771 5373 succisor
794 5322 912 5389 κτήσαιτο
929 5318 953 5374 ἔν
974 5325 1010 5394 τῷ
1024 5317 1095 5375 αἰῶνι
1143 5321 1344 5396 ἱκανδςπρδςτδν
1354 5323 1457 5396 πατέρα.

324 5404 415 5476 τούτῳ,
430 5405 465 5467 ὥς
487 5404 604 5476 obrepat<
625 5403 690 5476 ἔχειν
712 5407 756 5470 τῆς
775 5404 854 5476 ψυχῆς
881 5402 1044 5476 ἀντάλλαγμα
1063 5407 1095 5476 τῇ

352 5612 361 5656 l
378 5609 397 5654 ll
405 5613 451 5656 Gor.
465 5623 485 5663 ν,
498 5621 543 5655 νοτ.
555 5611 612 5656 us.-
626 5609 641 5653 i
653 5610 729 5655 dumi.
741 5608 775 5654 tt
785 5610 899 5656 όναυτατ
908 5609 998 5654 Murco.
1008 5609 1080 5653 r.··8
1092 5607 1124 5653 lh.
1136 5618 1230 5652 oxu·
1240 5606 1254 5649 l
1263 5605 1321 5651 lb.c.
1330 5614 1368 5651 stu
