3994 6164
548 311 598 371 DE
618 306 926 380 INGARNATIONE,
949 306 1020 365 LlB.
1044 307 1067 383 l,
1092 305 1174 367 CAP.
1197 306 1293 366 XVII.
1653 307 1712 368 237

123 470 302 535 tatisUnde
314 478 345 536 et
357 473 543 537 sacrificium
562 475 758 556 panisearuis
768 472 895 551 Christi,
944 487 1023 531 nos:
1038 475 1132 551 atque
1144 471 1227 532 idem
1246 472 1456 532 Damaseeuus
1469 487 1579 532 eorum
1590 471 1713 531 institu-

122 580 187 624 non
216 583 331 644 eorpus
358 584 425 628 esse
447 567 570 642 Christi,
584 567 638 628 sed
649 566 818 628 divinitatis
830 584 895 627 eor·
945 566 1015 622 tum
1028 563 1195 642 explicans,
1209 563 1253 623 ait
1266 563 1348 643 ipsos
1362 562 1561 633 Caianorum,
1573 568 1604 624 et
1613 563 1713 624 Τοιο-

122 671 181 734 ροο
193 657 418 735 praedicans.»
945 652 1147 716 dosianorum
1165 656 1289 716 decreta
1307 653 1481 730 defendere,
1498 673 1611 734 nempe
1631 653 1715 734 quod

161 748 264 809 Addit
276 748 715 830 Nicephorus,e1eorumdem
729 747 894 819 sententia,
946 745 985 805 ad
997 753 1118 808 naturae
1131 747 1539 826 singularitatempertinet3
1554 764 1627 807 eum
1637 746 1714 806 alio·

122 838 266 901 Verbum
296 860 352 922 per
385 844 421 904 B.
450 842 555 904 Mariae
586 847 713 904 uterum
747 838 896 901 transisse
945 837 1607 917 quiCaianitasaTheodosianisdiserepasse
1621 856 1716 918 supra

121 930 236 1006 solum,
266 951 324 995 nee
349 953 389 995 ex
411 953 448 996 ea
473 933 635 1014 quippiam
656 932 837 1013 sumpsisse,
861 950 897 993 ae
946 928 1239 1008 demonstraverim.
1254 930 1448 993 Semidalitas
1465 948 1539 991 vero
1554 947 1715 1009 nuncupa-

122 1021 320 1087 divinitstem
345 1027 447 1107 ipsam
472 1025 630 1104 Unigeniti
654 1025 709 1085 lilii
732 1025 816 1086 eruei
829 1022 896 1083 affi-
947 1025 996 1081 tos
1008 1039 1084 1096 esse,
1097 1024 1186 1101 quasi
1199 1022 1410 1104 simt'lopineos,
1437 1022 1477 1083 oh
1497 1022 1608 1083 similae
1622 1021 1717 1101 parti-

123 1131 205 1188 xam,
237 1122 272 1178 et
297 1118 332 1178 in
357 1117 521 1199 sepulchro
549 1117 740 1179 eolloeatam.
767 1118 812 1177 Er
834 1132 897 1196 quo
947 1111 1060 1187 culam,
1082 1132 1178 1193 quam
1198 1114 1391 1194 Symholisa
1413 1114 1558 1175 Dioseoro
1572 1113 1716 1193 aeeeptis,

122 1204 375 1287 'lheopnsahistae
385 1210 539 1271 nominati
552 1215 636 1271 sunt.
948 1221 1048 1282 seper
1063 1206 1203 1286 Syuaxes
1216 1225 1339 1268 summo
1353 1205 1449 1285 digito
1457 1205 1596 1267 delibatis
1605 1206 1717 1266 admis-

160 1299 244 1362 Vlll.
274 1303 321 1363 De
347 1301 463 1382 quihus
483 1303 561 1364 illud
584 1321 622 1363 ex
646 1299 898 1363 antecedentibus
948 1294 1070 1358 cebant.
1092 1298 1148 1358 Cui
1170 1298 1272 1359 simile
1292 1297 1396 1360 neseio
1419 1297 1494 1377 quid
1508 1297 1597 1358 initio
1611 1297 1718 1376 eapitis

122 1390 253 1471 colligas
271 1413 279 1454 ι
303 1413 360 1473 pro
375 1413 411 1456 eo
436 1395 521 1456 aede
548 1394 698 1457 Trinitate
714 1392 898 1473 Eutychiani
948 1387 1043 1467 hujus
1063 1389 1102 1451 de
1121 1389 1284 1470 Aeephalis
1306 1409 1345 1452 ex
1365 1390 1538 1469 Nieephoro
1559 1389 1717 1451 reeensui·

123 1484 171 1544 isti
186 1484 389 1563 sentiebant3
411 1487 455 1547 sie
475 1487 541 1565 Dei,
566 1487 616 1548 vel
644 1485 813 1547 divinitatis
832 1503 900 1564 per·
949 1497 1031 1541 mus.

123 1576 305 1655 passionem
327 1577 546 1659 interpretatos
573 1578 677 1640 tuisse.
703 1579 828 1639 Etenim
845 1578 900 1656 σοι
990 1574 1159 1635 Occurrent
1177 1581 1208 1636 et
1225 1576 1287 1637 aha
1308 1575 1539 1637 nominassetae
1553 1574 1719 1654 Eutychia-

126 1667 342 1731 Suhellianum
368 1671 482 1752 dogma
507 1672 727 1752 sequebantur,
748 1670 783 1732 hi
803 1675 900 1731 totam
949 1681 1075 1740 uorum,
1098 1686 1133 1728 aa
1160 1673 1319 1747 segmenta
1333 1669 1417 1748 apud
1437 1668 1636 1743 recentiores,
1650 1685 1719 1746 quse
1820 1673 1822 1677 ’

125 1760 325 1840 Trinitatem,
352 1781 448 1843 quam
475 1766 569 1825 uniea
588 1764 750 1845 hypostasi
777 1762 902 1824 delinie·
950 1773 1053 1836 opera
1067 1761 1278 1836 pretiumnon
1292 1760 1501 1840 sitpersequi3
1518 1778 1590 1823 eum
1603 1758 1719 1839 alioqui

126 1851 212 1931 hant,
222 1873 349 1934 passam
358 1857 546 1918 asserebant.
562 1856 662 1936 Atque
673 1855 766 1918 iidem
774 1855 901 1936 proprie
950 1847 1093 1910 solatore
1108 1851 1399 1914 exstentvomhula.

126 1947 902 2029 appendieemillam'l'risagiiusurpabant2qnnles
992 1940 1073 2002 Pene
1086 1941 1164 2003 illud
1186 1943 1346 2021 effugerat,
1372 1944 1453 2024 quod
1475 1962 1549 2003 sane
1570 1943 1722 2023 proeteriri

128 2036 149 2098 ii
168 2036 311 2112 hiemant,
340 2058 418 2120 qnos
443 2040 612 2120 Angelitnn,
640 2047 671 2100 nt
699 2039 903 2101 Daminnistns
951 2033 1131 2106 nondebet,
1149 2035 1356 2097 Humhertum
1375 2036 1466 2096 Silvae
1487 2035 1625 2095 randidae
1640 2035 1720 2115 epis·

130 2129 292 2192 rorabant.
326 2130 366 2192 tt
386 2131 556 2208 Tritheitae,
586 2132 763 2211 caeterique,
788 2131 842 2211 qui
863 2131 902 2193 ah
952 2141 1066 2203 copum
1080 2126 1113 2186 in
1133 2126 1214 2187 libro
1226 2136 1329 2190 contro
1341 2123 1719 2201 Greeoremeatemetas¹,

130 2221 267 2283 Sahehio
281 2221 483 2292 dissidebant,
500 2223 602 2285 snlnm
619 2224 758 2285 Verbum
777 2241 903 2303 passum
952 2216 1099 2278 adversus
1112 2219 1293 2281 Michaelem
1311 2220 1523 2281 Patriareham
1547 2218 1721 2279 Constanti-

137 2313 401 2393 esseiateinntnn
418 2334 454 2377 nn
473 2315 677 2377 nihilominus
700 2316 782 2377 inter
802 2315 902 2377 Theo.
953 2308 1182 2388 nopolitanum,
1198 2316 1230 2373 et
1243 2313 1377 2374 Leonem
1401 2312 1613 2373 Aehridanum
1628 2310 1721 2385 edito,

137 2404 286 2484 pssehitas
306 2408 463 2470 numerati
485 2414 580 2485 snnt3
604 2414 635 2470 et
656 2409 903 2469 additamentum
953 2398 1022 2461 illos
1035 2403 1232 2480 redarguere,
1255 2405 1369 2484 equod
1389 2405 1537 2466 nefandos
1557 2403 1721 2480 Jaeohitas,

133 2497 210 2559 illud
220 2498 347 2579 Trisagii
359 2500 404 2561 sie
418 2500 458 2561 ad
466 2501 623 2563 Christum
639 2502 739 2562 solum
749 2501 905 2581 pertinere
955 2492 1018 2553 imo
1031 2494 1282 2573 Theupflschiiflu
1294 2498 1376 2559 inter
1386 2515 1429 2569 88,
1443 2503 1475 2558 ei
1488 2515 1583 2576 penes
1592 2495 1726 2557 sehflbff

132 2591 491 2670 putabant,utdivinitnti
505 2593 906 2673 illiusndsnribnrnnt‚qnnd
956 2591 1037 2663 rent,
1046 2605 1148 2666 neque
1157 2607 1265 2650 eorum
1276 2589 1440 2662 eonsortia,
1449 2606 1551 2668 neque
1559 2588 1722 2667 colloquia,

132 2683 367 2745 etanteeedenti
380 2683 482 2764 eapite
496 2685 739 2764 significavimus
753 2704 792 2747 nx
805 2685 906 2746 Felice
957 2695 1059 2757 neque
1073 2680 1223 2757 convivis,
1236 2700 1290 2744 seu
1298 2682 1412 2761 pariter
1424 2680 1718 2742 oraredevitarent.»

132 2778 228 2857 Papa,
245 2776 301 2856 qui
323 2776 365 2837 sio
382 2776 469 2837 Petri
488 2777 627 2839 Fullonis
650 2785 788 2839 mentem
810 2778 905 2838 inter·
960 2770 1033 2842 Qua
1041 2770 1080 2831 ad
1093 2769 1197 2850 Syros,
1209 2779 1240 2834 et
1249 2774 1411 2847 Armenes,
1424 2778 1455 2834 et
1464 2775 1520 2832 hos
1530 2770 1724 2852 potissimum

132 2874 273 2949 pretatus
280 2868 435 2947 ostanus
443 2876 514 2930 ante
523 2871 654 2931 Petrum
660 2869 828 2945 illum,imo
835 2873 907 2929 ante
959 2862 1132 2924 referimus.
1144 2863 1262 2945 Quippe
1276 2867 1431 2944 hodieque
1446 2863 1574 2925 Armeni
1588 2862 1726 2940 negotia·

133 2959 322 3040 Eutyehem,
338 2959 438 3035 Arius,
451 2968 480 3022 et
490 2960 786 3040 Apollinaris,Verhi
798 2959 910 3021 divini·
958 2959 1051 3031 tores,
1067 2961 1098 3015 et
1112 2956 1238 3034 opifices
1259 2956 1526 3036 Constantinopoli
1542 2955 1725 3034 frequentis-

133 3058 232 3114 tstem
242 3051 393 3127 murtiae
409 3052 805 3132 perpessionisuhjieerant,
816 3058 851 3113 ut
861 3071 911 3112 su·
960 3047 1030 3107 simi
1043 3053 1217 3109 versantur.

135 3163 192 3225 pra
201 3144 304 3225 eapite
313 3144 435 3224 quinto,
451 3150 482 3205 et
489 3151 575 3206 sexto
582 3143 835 3207 memoravimus.
849 3144 910 3206 Sed
1001 3139 1051 3199 lX.
1068 3140 1115 3200 Ad
1129 3146 1304 3204 extremum
1318 3142 1394 3203 seire
1407 3141 1470 3203 duo
1484 3139 1640 3202 eonvenit.
1657 3140 1726 3200 Pri-

136 3238 221 3316 qnod
240 3237 277 3297 in
292 3237 423 3298 alteram
434 3236 547 3298 intenti
561 3237 706 3299 haeresim
721 3238 910 3299 Arianorum
960 3249 1060 3307 mum,
1075 3236 1173 3293 totum
1193 3234 1279 3295 illam
1302 3234 1503 3314 Eutychiana
1520 3237 1611 3294 saetae
1631 3232 1726 3309 parti·

137 3329 279 3391 eutholiei
287 3328 470 3391 istamvelut
476 3330 682 3391 secessionem
694 3330 908 3410 neglexerunt,
960 3322 1089 3397 tionem,
1110 3343 1145 3385 ⁸0
1161 3326 1342 3388 varietatem
1358 3327 1397 3387 td
1421 3327 1484 3387 (111⁰
1504 3342 1592 3404 posse
1606 3324 1728 3402 fastigia

139 3427 172 3482 ut
197 3421 396 3501 Augustinus
428 3421 544 3483 indicat
568 3421 648 3483 lihro
677 3421 714 3482 de
740 3420 909 3497 heresibus,
960 3415 1108 3491 revocari,
1124 3436 1194 3496 quae
1208 3419 1370 3479 Facundus
1386 3418 1478 3479 nohis
1496 3416 1729 3478 Hermisuensis

139 3514 237 3594 eapite
248 3513 419 3593 nmque]
434 3513 810 3593 etiamdeApollinaristis
823 3532 912 3574 usur-
961 3508 1120 3587 suggerit:
1150 3510 1459 3591 «Eutychianorum
1481 3509 1583 3588 inquit
1605 3507 1630 3585 ¹,
1659 3509 1728 3569 duae

139 3605 206 3686 pari
231 3611 353 3685 potost3
377 3611 447 3666 tum
475 3606 559 3686 quod
583 3606 667 3667 idem
690 3606 767 3666 illud
799 3606 913 3685 dogma
961 3605 1036 3660 sunt
1052 3606 1178 3680 pestes:
1201 3621 1276 3679 una,
1296 3620 1366 3682 ques
1386 3606 1569 3682 perlatum
1591 3599 1730 3678 sequitur

138 3699 249 3760 Petrus
272 3700 313 3758 ab
332 3697 541 3776 superioribus
565 3698 712 3759 traditum
747 3696 911 3774 haereticis,
962 3693 1108 3772 Eutychis
1121 3694 1268 3775 principis
1283 3695 1331 3755 sui
1346 3695 1531 3757 sententiam
1548 3713 1555 3754 :
1570 3693 1629 3753 alia
1642 3710 1727 3764 vero,

140 3790 172 3851 in
191 3790 247 3852 illo
262 3790 395 3868 Trisagii
408 3791 541 3870 hymno,
555 3790 686 3852 velutin
700 3789 811 3852 eelebri
834 3807 913 3868 quo-
962 3803 1032 3865 quae
1041 3786 1073 3845 in
1083 3786 1268 3865 quibusdam
1280 3787 1363 3848 aheo
1371 3786 1554 3848 dissentiens
1559 3802 1616 3864 per
1626 3800 1730 3862 super-

139 3883 212 3945 dam
225 3887 434 3944 monumento
457 3882 610 3944 illustrius
627 3882 773 3956 reddidit,
798 3882 868 3943 ideo
883 3886 914 3943 et
961 3876 1046 3939 hiam
1070 3882 1175 3939 tamen
1195 3879 1382 3957 dedignatur
1398 3878 1437 3939 ad
1452 3876 1616 3938 Eeelesiam
1629 3874 1729 3954 poeni·

141 3994 221 4038 nova
230 3975 340 4037 hahita
353 3975 628 4047 esthaeehaeresis,
647 3980 679 4036 et
693 3974 760 4053 ejus
778 3972 912 4035 auetori·
962 3970 1056 4030 tendo
1079 3970 1233 4032 reverti.»
1262 3969 1384 4030 Priores
1416 3967 1574 4032 eommuni
1603 3966 1731 4028 nomine

140 4072 187 4129 tas
199 4069 293 4130 Petro
307 4067 453 4147 Cnapheo
468 4066 849 4128 interdumestattrihuta.
964 4069 1127 4124 censentur
1148 4062 1429 4142 Eutychianorum,
1456 4059 1640 4141 posteriores
1656 4059 1729 4121 Aee·

30 4181 100 4241 ιμεε.
180 4161 241 4222 Sed
269 4178 328 4222 nee
353 4159 431 4220 illud
458 4160 629 4234 omiserim,
657 4177 755 4238 genus
781 4159 914 4219 alterum
961 4153 1067 4236 phales
1080 4155 1182 4217 voeari
1198 4173 1217 4215 a
1235 4154 1347 4216 Graeeis
1365 4154 1448 4215 idem
1475 4152 1662 4230 asserit,ipse
1681 4152 1731 4213 Se

13 4234 115 4338 *g*
143 4252 384 4314 Severianomm
406 4270 441 4313 ae
463 4250 760 4331 Theopasehitarum
782 4254 853 4312 tum
875 4249 915 4311 ah
964 4247 1210 4327 mieutyehianos
1222 4246 1376 4307 nominat.
1393 4246 1533 4320 Quorum
1547 4262 1634 4305 error
1646 4243 1680 4303 iu
1694 4261 1731 4304 eo

143 4345 305 4406 Anastasio
320 4351 610 4421 commemoratum,
626 4350 662 4404 ut
676 4362 770 4423 supra
783 4344 914 4404 demon·
964 4339 1160 4411 consistebat,
1172 4349 1208 4397 ut
1221 4337 1420 4411 affirmarent,
1442 4357 1458 4394 ιι
1471 4335 1527 4397 etsi
1542 4353 1606 4396 ima
1620 4335 1732 4414 predi-

144 4437 249 4511 straai,
272 4454 368 4516 quam
387 4435 427 4496 ah
450 4437 572 4497 Joaune
594 4439 808 4497 Damasceno:
831 4434 916 4514 quod
965 4431 1130 4494 eaturFilii
1145 4430 1198 4492 Dei
1216 4435 1338 4502 natura,
1365 4446 1454 4509 posse
1476 4427 1572 4508 aeeipi
1592 4426 1733 4488 eamdem

145 4527 337 4590 Semidalitas
357 4527 546 4589 nominant:
567 4527 618 4589 hie
634 4528 728 4589 etiam
754 4526 915 4587 Barsania-
965 4542 1062 4585 tanam
1094 4528 1237 4583 naturam
1261 4521 1433 4583 seeundum
1467 4519 1582 4600 aliquid
1612 4524 1732 4581 naturae

179 4729 201 4770 a
216 4714 304 4771 Em.
332 4713 376 4769 tit.
397 4713 455 4770 ΧΧ.
479 4713 547 4767 Φασὶ
563 4712 657 4786 γὰρμὴ
687 4712 849 4767 ἀναλαόόσθαι
871 4711 914 4766 τόν
963 4711 1058 4783 ὁρᾶται,
1074 4709 1090 4776 ἢ
1104 4706 1242 4780 θρθσταται·
1265 4707 1330 4761 οθτω
1349 4707 1391 4760 καθ
1412 4706 1441 4761 τό
1455 4711 1529 4780 σῶμα
1542 4705 1621 4760 ἐκεῖνο
1634 4725 1735 4761 συνανα·

146 4797 247 4869 Χριστόν
262 4796 394 4870 όροσθσιον
414 4795 474 4868 ἡμῖν
498 4800 582 4869 σῶμα,
607 4795 664 4850 ἀλλ’
685 4796 808 4869 όρταρτόν
826 4815 861 4863 τι,
875 4795 915 4848 καθ
962 4792 1057 4865 κραθὲν,
1072 4792 1112 4845 καὶ
1133 4789 1320 4846 καταποντισθὲν
1341 4788 1365 4843 ἐν
1380 4794 1416 4862 τῷ
1434 4790 1535 4862 πελάγει
1558 4794 1601 4857 τῆς
1622 4790 1735 4859 θεότητος

148 4877 244 4946 esui,
259 4880 301 4933 καὶ
315 4879 416 4945 λεπτὸν,
437 4878 479 4932 aul
498 4878 623 4945 ἄατιστον,
637 4881 679 4933 καθ
692 4878 814 4951 οὗρόνιον·
837 4877 914 4932 όιιτό·
963 4876 1043 4929 ossen
1057 4875 1131 4937 σώζει
1140 4873 1184 4943 τὴν
1200 4873 1285 4928 {nurui
1300 4872 1380 4944 φύσιν,
1395 4870 1450 4926 οὔτε
1460 4873 1576 4944 φυλάττει
1584 4871 1628 4940 τὴν
1642 4869 1734 4925 otuelus

148 4962 328 5027 omunstat
344 4962 441 5027 letters,
455 4963 596 5034 saisirem,
611 4964 652 5017 sut
669 4964 749 5018 τᾶλλα
762 4966 811 5016 τῶν
824 4960 917 5033 θνθρω·
965 4958 1083 5027 ἰδιότητα.
1098 4959 1140 5011 καὶ
1157 4957 1199 5011 ua
1216 4963 1290 5013 τοῦτο
1318 4954 1364 5009 οθιι
1385 4955 1443 5010 εἰσὶν
1469 4954 1493 5008 ἐν
1514 4960 1550 5026 τῷ
1571 4955 1668 5026 Χριστῷ
1690 4953 1735 5006 tte

149 5041 222 5098 risun
235 5049 324 5111 ποιεῖν,
337 5045 555 5117 ιιατθιραντασθαν.
570 5046 644 5100 πόλιν
659 5045 685 5100 u
699 5047 813 5119 λέγουσιν
823 5045 862 5098 ότι
874 5043 916 5097 καὶ
964 5044 1054 5116 ρόσεις,
1069 5040 1134 5095 ἀλλὰ
1154 5039 1208 5114 pie,
1220 5043 1262 5094 καὶ
1274 5039 1334 5108 αὔτη
1350 5041 1396 5108 un
1410 5040 1533 5107 θεότητος.
1549 5036 1614 5091 ἔνθεν
1637 5055 1676 5090 τοι
1693 5036 1735 5088 οιαὶ

152 5127 210 5196 uiui
221 5126 454 5201 ἥδηλωθεῖσασόρξ
467 5122 543 5182 αθτοῦ
556 5127 589 5190 εἰς
600 5128 671 5200 ρθσιν
684 5128 798 5196 θεότητος
812 5125 914 5199 tepuere,
964 5126 1008 5195 τήν
1022 5125 1106 5180 θυσίαν
1120 5129 1164 5180 τοῦ
1179 5124 1254 5197 όρτοο
1268 5127 1311 5192 τῆς
1331 5122 1419 5195 σαρκός
1433 5127 1477 5176 τοῦ
1491 5123 1606 5194 Χριστοῦ,
1619 5117 1647 5172 oti
1660 5124 1735 5190 σῶμα

152 5212 190 5263 καὶ
199 5212 326 5284 θροοόσιος
336 5211 398 5285 uini
407 5212 502 5285 ηόγονε·
519 5212 561 5265 καὶ
573 5211 679 5284 καθάπερ
693 5212 791 5283 σταγὼν
807 5211 916 5283 μέλιτος,
964 5211 1081 5282 Χριστοῦ,
1095 5207 1160 5261 ἀλλὰ
1173 5207 1287 5276 θεότητος
1299 5211 1374 5278 σῶμα
1385 5205 1510 5275 λόγοισιν.

153 5292 244 5360 idiote
253 5295 471 5351 ααταποντισθεῖσα
484 5300 520 5367 τῷ
535 5295 637 5366 πελάγει
652 5298 696 5362 τῆς
703 5294 825 5364 θαλάσσης
834 5292 915 5348 οθιιότι

197 5464 336 5511 suntne.
348 5464 412 5516 Patr.
420 5464 463 5509 eol.
472 5461 572 5509 wei
584 5462 637 5508 rao.
649 5462 666 5509 t.
674 5461 693 5517 1,
704 5473 725 5509 ι.
734 5471 766 5507 νι.
