4078 6168
389 329 449 395 180
902 331 1227 395 THEOLOGICORUM
1246 331 1464 395 DOGMATUM

388 507 468 561 essct
478 499 561 563 idem
571 517 665 581 porro
678 499 837 581 praecipua
853 498 888 561 in
908 500 995 561 omni
1009 501 1073 562 vita
1086 518 1154 580 gro·
1206 501 1341 582 plurima
1350 498 1502 581 scripsisse
1514 498 1674 580 :idemque
1682 496 1827 578 significa
1837 497 1942 563 Aurius

389 591 482 653 vitate
495 593 642 672 praeditus
656 613 663 654 :
679 598 710 654 et
732 610 805 654 cum
825 593 899 654 fidei
912 593 1154 673 catholicaepro·
1204 594 1374 656 Beroeenus
1395 593 1430 653 in
1455 593 1584 674 epistola
1603 592 1738 672 quadam
1759 590 1940 672 oddyrillun.

389 684 613 764 pugnatoribus
645 703 768 746 summa
800 686 925 746 caritate
959 685 1153 765 conjunctus,
1205 686 1488 749 Necomittendum
1508 691 1554 746 est
1574 685 1656 765 quod
1678 682 1821 745 Leontius
1841 683 1943 745 adnutu

389 781 556 856 mtequam
574 777 607 838 in
631 776 709 839 illud
728 778 841 855 dogma
860 777 1025 840 laberetur.
1041 779 1155 853 Quine-
1204 782 1249 840 vit
1283 824 1291 854 ,
1341 779 1539 840 Timotheum
1573 775 1759 857 Apollinaris
1786 775 1943 856 discipulum

389 868 466 929 tiam
485 870 612 931 exilium
624 888 787 950 perpessus
810 876 856 931 est
874 870 968 948 idem,
987 871 1071 951 quod
1084 889 1157 933 cum
1204 871 1448 934 Ecclesiasticam
1460 867 1943 945 historiaminhunefinemelpou·

218 959 366 1072 Ἠρξ-
389 960 513 1022 Arianis
526 963 691 1024 convenire
706 962 856 1023 nolletssu
872 963 917 1022 Ex
930 981 993 1042 quo
1007 962 1158 1025 funestior
1205 967 1320 1038 brasse,
1335 970 1372 1025 ut
1385 964 1570 1043 magistrum
1579 980 1671 1023 suum
1685 961 1943 1041 predicaretoujus

389 1052 473 1114 illius
492 1054 595 1131 lapsus
608 1053 750 1116 Ecclesiae
770 1053 892 1130 accidit,
911 1054 1105 1135 maioresque
1118 1054 1158 1116 ab
1207 1055 1445 1120 commendandi
1458 1057 1532 1117 inde
1545 1054 1740 1135 potissimum
1753 1058 1944 1129 argumentum

390 1144 547 1207 catholicis
568 1145 729 1227 querelas,
753 1151 784 1207 ct
815 1144 974 1207 uberiores
1006 1147 1159 1228 lacrymas
1208 1150 1307 1227 duxit,
1323 1149 1493 1230 quodcum
1506 1147 1710 1224 magnisuiris
1722 1144 1944 1208 consuetudinem

391 1239 541 1318 expressit
557 1260 564 1299 ι
580 1238 627 1299 uti
639 1245 706 1300 tum
720 1256 759 1300 ex
773 1237 883 1299 eodem
897 1238 1071 1318 Epiphanio
1084 1258 1158 1301 con·
1209 1243 1383 1305 litterarum
1392 1242 1561 1304 habuisset.

391 1336 470 1406 stat;
487 1336 556 1392 tum
576 1350 615 1393 cx
639 1331 750 1392 Basilio
764 1328 787 1403 ¹,
808 1331 862 1409 qui
882 1330 917 1390 in
939 1330 1068 1411 epistola
1082 1351 1158 1413 qua·
1249 1336 1334 1398 luter
1356 1340 1467 1397 cetera
1492 1334 1576 1396 illius
1603 1350 1699 1414 opera
1719 1329 1893 1394 celebratum
1910 1334 1945 1391 est

392 1424 465 1484 dam
477 1423 632 1487 infelicem
650 1422 730 1485 tanti
750 1422 810 1484 viri
827 1421 946 1485 exitum
965 1424 1160 1488 acerbissime
1209 1428 1345 1491 maxima
1371 1429 1455 1508 quod
1470 1428 1617 1489 adversus
1652 1422 1854 1506 Porphyrium
1870 1420 1946 1484 edidit

392 1515 542 1596 deplorat.
1209 1539 1266 1603 pro
1287 1521 1459 1582 Christiana
1483 1520 1659 1600 religicnc;
1684 1517 1772 1596 enjus
1794 1514 1946 1576 vuantos

431 1609 511 1670 Nam
545 1609 629 1690 quod
652 1609 821 1672 Athanasio
849 1610 1059 1687 gratissimum
1084 1611 1160 1674 olim
1209 1614 1375 1676 Lirinensis
1387 1613 1549 1688 meminit3
1565 1612 1619 1692 qui
1632 1606 1945 1689 etejusdemApolliua

392 1700 486 1763 istum
498 1700 591 1762 fuisse
605 1701 710 1763 scribit
730 1702 934 1782 Epiphanius,
949 1720 1022 1764 oum
1035 1721 1072 1783 eo
1086 1722 1162 1767 con·
1209 1703 1252 1765 ris
1265 1703 1457 1785 preconium
1471 1701 1654 1782 compendio
1673 1698 1797 1778 colligit,
1811 1696 1884 1776 quad
1900 1695 1945 1756 hoc

392 1796 485 1871 gruit,
501 1795 584 1874 quod
592 1794 741 1856 Leontius
755 1794 892 1874 prodidit
906 1794 929 1873 ²,
945 1796 1071 1873 gloriari
1083 1797 1159 1858 soli·
1208 1797 1277 1859 loco
1289 1814 1531 1859 commemorare
1551 1813 1616 1857 non
1638 1791 1694 1854 abs
1709 1810 1743 1853 re
1753 1789 1849 1852 fuerit.
1864 1788 1945 1848 tNan

391 1890 460 1947 tum
482 1886 692 1966 Apollinarem
719 1887 758 1948 de
773 1885 948 1948 litterarum
962 1888 1158 1966 commercio,
1209 1890 1284 1971 quid
1299 1889 1352 1951 illo
1364 1888 1570 1969 prestantius,
1586 1886 1701 1966 iuquit,
1715 1883 1860 1958 alumine,
1879 1896 1945 1941 ⁰¹⁶⁸·

392 1979 475 2059 quod
488 1996 560 2039 cum
586 1977 752 2039 Athanasio
770 1979 929 2058 quondam
948 1980 1110 2057 habuerat,
1129 1986 1161 2042 et
1210 1983 1364 2058 citatione,
1376 1979 1543 2044 doctrina?
1558 1997 1654 2059 quam
1667 1974 1945 2039 multasilleheresos

392 2090 464 2134 cum
474 2071 653 2152 Serapione,
667 2070 796 2151 aliisque
805 2071 878 2133 fidei
892 2072 1160 2135 calholioaedefen·
1209 2075 1315 2137 multis
1328 2073 1540 2136 volumInihus
1557 2070 1754 2152 oppresserit,
1775 2067 1851 2148 quod
1863 2064 1944 2126 inimi·

392 2165 523 2226 scribas.
537 2164 619 2237 Quin
632 2164 778 2224 Leontius
790 2163 874 2225 idem
887 2165 1072 2246 Apollinaris
1083 2166 1161 2247 epis-
1210 2186 1261 2229 cos
1270 2166 1343 2229 fidei
1355 2166 1559 2230 confutaverit
1572 2182 1704 2237 errores,
1719 2160 1827 2223 iudicio
1840 2164 1944 2237 estopus

391 2256 464 2317 tola
486 2256 647 2334 cujusdam
670 2254 881 2335 fragmentum
907 2256 1011 2335 refert,
1038 2257 1071 2318 in
1098 2276 1160 2338 qua
1210 2259 1288 2321 illud
1302 2260 1429 2337 triginta
1446 2276 1510 2320 uon
1528 2258 1633 2319 minus
1651 2255 1801 2317 librorum
1820 2247 1944 2312 nobilissi-

393 2348 506 2420 scribit,
526 2347 669 2409 «litteras
683 2366 716 2410 se
738 2365 893 2428 sempera
909 2352 999 2411 beato
1018 2350 1160 2431 episcopo
1209 2370 1310 2429 mum,
1325 2370 1359 2414 uc
1379 2352 1562 2424 maximum,
1585 2366 1648 2430 quo
1670 2349 1791 2409 insanas
1806 2338 1944 2423 Porphyrii

393 2440 560 2502 Athanasio
572 2441 722 2521 accipere.
735 2462 751 2500 u
956 2474 958 2479 ·
1089 2464 1098 2483 υ
1209 2445 1380 2507 calumnias
1401 2463 1515 2525 magna
1533 2442 1757 2524 probationum
1769 2438 1845 2501 mole
1858 2432 1943 2497 confr

224 2558 358 2659 scriptarum
434 2533 488 2593 IV.
500 2533 597 2594 Multa
609 2533 699 2594 illum
712 2534 831 2609 ingenii
850 2532 898 2595 sui
912 2535 1043 2598 edidisse
1057 2535 1159 2598 moni·
1210 2537 1264 2599 dit.
1281 2540 1424 2619 Longum
1438 2543 1484 2600 est
1504 2537 1650 2598 universa
1663 2534 1759 2615 ipsius
1780 2547 1865 2612 opera
1877 2543 1943 2632 tom·

231 2611 358 2657 mouture.
392 2631 497 2686 menta
510 2630 640 2686 testatur
653 2624 820 2686 Basiliuslz
837 2644 911 2688 oum
923 2628 1113 2689 admirabilis
1125 2629 1160 2689 in
1209 2648 1394 2707 memorare,
1413 2630 1526 2711 quihus
1543 2628 1681 2709 profecto
1693 2625 1819 2689 summis
1837 2618 1942 2682 edida-

393 2717 1160 2801 eofacultasessetdequoeumqucpropositoargu-
1208 2723 1328 2785 toribus
1360 2722 1501 2784 Faulesioe
1530 2740 1587 2802 par
1620 2739 1687 2783 esse
1716 2717 1870 2800 potuisset.
1898 2708 1943 2772 nili

392 2815 498 2872 mento
512 2810 798 2891 disputandi3adeo
813 2817 849 2871 ut
862 2811 1016 2873 librorum
1030 2830 1159 2874 suorum
1209 2815 1339 2896 profana
1363 2815 1418 2877 illa
1438 2816 1591 2877 heretica
1623 2811 1805 2875 curiositatis
1829 2803 1942 2877 libidines

390 2903 592 2964 multitudine
615 2908 717 2964 totum
737 2902 845 2965 orbem
864 2905 1080 2984 compleverit;
1094 2924 1159 2967 uon
1208 2926 1326 2970 novum
1339 2909 1441 2970 nescio
1454 2907 1530 2988 quid
1542 2908 1789 2985 invenisset,quo
1803 2905 1832 2962 ct
1843 2900 1942 2960 cunctos

391 2994 468 3056 illud
477 2995 729 3058 animadvertens
743 2994 931 3057 Ecclesiaste
945 2995 968 3071 ⁸,
985 2998 1159 3078 quoplures
1207 3001 1330 3063 labores
1342 3019 1413 3064 suos
1423 2998 1780 3079 relutcujusdamleprae
1789 2989 1942 3056 admistione
1994 3010 1995 3055 l

392 3086 482 3147 scribi
509 3086 605 3147 libros
623 3086 777 3166 prohibet.
793 3088 841 3148 Ita
867 3087 1057 3167 factumest,
1076 3091 1158 3152 utin
1207 3093 1346 3171 foedaret,
1362 3100 1393 3156 et
1404 3093 1543 3155 doctrina
1555 3094 1622 3172 ejus
1637 3110 1705 3154 non
1717 3096 1779 3151 tam
1798 3080 1940 3155 edificabo,

390 3183 477 3238 tanta
487 3178 640 3240 librorum
653 3177 752 3258 copia,
762 3197 827 3239 non
841 3181 944 3241 minor
953 3188 1032 3242 esset
1040 3190 1158 3263 errato·
1207 3204 1303 3266 quem
1332 3187 1461 3250 tentatio
1492 3185 1595 3266 potius
1625 3181 1827 3248 Ecuataura
1847 3176 1940 3237 dicere·

389 3288 472 3330 rum.
496 3271 569 3332 Haec
592 3271 720 3333 Basilius
737 3291 744 3331 :
761 3271 918 3352 additque,
943 3273 976 3335 in
998 3276 1158 3337 tracmnda
1206 3283 1301 3339 tiu.»
1326 3279 1535 3359 Hieronymus
1557 3280 1634 3340 item
1656 3300 1673 3337 u
1686 3282 1717 3339 et
1733 3263 1942 3337 innumerabilis

389 3362 544 3440 theologia
569 3382 635 3425 non
669 3364 758 3425 illum
782 3364 1003 3445 eScripturis;
1032 3368 1086 3429 sed
1118 3386 1157 3429 ex
1206 3370 1362 3452 scripsisse
1389 3371 1546 3433 solumina
1578 3371 1653 3432 dicit
1667 3358 1892 3450 Apollinarem⁸‚
1919 3358 1942 3415 tl

387 3452 533 3517 humanis
558 3456 692 3517 inventis
705 3463 889 3536 argumenta
914 3459 1047 3537 petiisse.
1079 3459 1156 3521 Vide
1205 3463 1273 3542 ejus
1306 3464 1471 3526 adversum
1498 3462 1710 3544 Porphyrium
1728 3460 1846 3539 triginta
1865 3450 1942 3513 librili

387 3565 457 3627 quae
489 3566 528 3609 ex
552 3548 759 3625 Philostorgio
796 3550 907 3611 Suidas
935 3551 1084 3631 excerpsit
1117 3552 1155 3614 dc
1204 3556 1287 3617 inter
1308 3562 1420 3617 catera
1446 3556 1514 3635 ejus
1540 3574 1636 3635 opera
1658 3555 1710 3617 vel
1736 3549 1860 3615 meum
1884 3557 1939 3622 Pht

386 3638 571 3719 Apollinaris
581 3638 779 3713 emoiuonct,
808 3661 844 3703 ac
866 3640 972 3722 stylo:
1001 3645 1155 3723 quemad
1204 3648 1271 3709 beri
1285 3648 1340 3709 ’.ο

385 3732 624 3793 commentarios
642 3732 819 3794 scriltcndos
838 3734 1049 3814 aptisssimum
1061 3736 1155 3799 fuisse
1244 3740 1282 3801 V.
1305 3740 1425 3803 Erroris
1436 3740 1520 3803 illius
1532 3786 1541 3819 ,
1554 3740 1744 3820 haeresisque
1755 3733 1849 3817 capita
1859 3725 1937 3794 suia

380 3822 511 3901 judicat.
533 3824 593 3886 Sed
604 3842 669 3904 prae
682 3824 752 3901 hor,
768 3831 799 3886 et
821 3825 943 3903 basilio,
959 3844 995 3888 ac
1007 3828 1153 3903 Gregorio
1203 3836 1235 3893 et
1265 3833 1447 3912 multiplicia
1477 3834 1630 3897 feruntur
1661 3831 1750 3908 Quod
1776 3825 1889 3909 quidem
1909 3813 1940 3877 td

384 3916 588 3993 Nazianzeno,
609 3916 744 3977 nimium
764 3918 970 3979 Athanasium
981 3919 1086 3998 abjicit
1098 3921 1155 3981 im·
1202 3923 1424 3988 incarnationis
1450 3927 1636 4007 mysterium
1657 3929 1782 4007 spectet,
1805 3911 1940 3998 tripliciter

383 4008 636 4088 pudentissimas,
648 4028 684 4070 ac
693 4008 900 4089 nequissimus
909 4011 1155 4074 Arianus.Theo·
1201 4016 1357 4080 aberravit
1380 4037 1400 4080 a
1426 4037 1510 4082 vero.
1539 4019 1628 4087 Quod
1654 4020 1715 4080 Leo
1740 4017 1818 4095 Papa
1836 4000 1939 4088 epistola

382 4099 486 4179 philus
500 4100 769 4162 Alexandrinusin
780 4102 882 4181 prima
892 4101 1034 4165 Pascbcli
1046 4110 1154 4166 auctor
1202 4108 1344 4172 decretali
1363 4115 1511 4174 vicesima
1533 4111 1624 4173 tertia
1643 4110 1687 4173 sic
1706 4114 1752 4172 est
1776 4099 1937 4183 complexui·

382 4197 439 4265 est,
457 4192 669 4273 Apollinarem
690 4199 798 4255 contra
818 4194 959 4274 Arianos,
988 4196 1154 4258 Eunomia·
1206 4202 1325 4277 aUnde
1338 4206 1512 4266 nonDeum
1524 4209 1648 4266 tantum
1660 4193 1936 4264 dicimusCleritlumr

382 4302 451 4362 nos,
466 4284 686 4364 elongarem,
708 4285 846 4367 aliosque
862 4286 1024 4352 haercticos
1037 4307 1149 4369 quam·
1202 4294 1283 4356 sicul
1296 4295 1431 4358 haeretici
1446 4294 1627 4359 Maniohrei:
1651 4314 1709 4358 nec
1725 4290 1873 4356 hominem
1884 4287 1938 4342 tan·

417 4492 439 4532 a
456 4473 558 4550 ibid}
579 4476 624 4533 24.
640 4476 742 4549 notoria
760 4477 807 4550 γὰρ
828 4476 908 4553 οὔτῇ
934 4480 1072 4554 τυχουοῃὸ
1091 4481 1152 4557 ἀνὴρ
1237 4487 1358 4545 bssrsru.
1376 4488 1456 4559 episi.
1481 4504 1572 4544 lxxiv.
1587 4487 1704 4560 Δεύτερος
1718 4484 1770 4559 μετ’
1784 4463 1937 4535 mortuil

381 4555 520 4627 ἰξήοκηται,
540 4556 589 4613 dud
613 4563 656 4627 τῆς
674 4567 724 4614 τῶν
743 4561 826 4633 λόγων
844 4563 1041 4635 προπαιδευοεώς
1054 4582 1094 4628 τε,
1110 4566 1152 4619 καὶ
1204 4567 1399 4644 Ἀπολλινάριος,
1409 4570 1438 4625 οὗ
1454 4577 1547 4645 μικρῶς
1559 4573 1601 4625 καὶ
1615 4570 1688 4635 αὐτὸς
1696 4568 1739 4633 τὰς
1753 4560 1869 4632 ἐκκλησίας
1876 4570 1937 4625 mpu-

380 4639 507 4710 {albidi
517 4642 673 4703 ὃῑῧαΰῑαλῖας
686 4643 839 4716 &pudilibus
854 4645 935 4698 πᾶσάν
950 4664 976 4700 te
985 4646 1150 4716 δῑαλῑκτῑκῆν,
1198 4653 1293 4708 λυπῶν.
1305 4659 1335 4727 τῇ
1347 4654 1394 4729 γὰρ
1406 4660 1450 4709 τοῦ
1461 4656 1561 4728 γράφειν
1575 4654 1675 4726 εὐκολίᾳ
1683 4653 1742 4727 πρὸς
1755 4652 1829 4705 πᾶσαν
1843 4640 1936 4696 aarum

379 4722 576 4795 catraperseta
590 4726 790 4797 πεπαιδευμένος.
812 4725 932 4781 ἀλλὰκαὶ
948 4728 990 4783 τον
1004 4730 1080 4783 ἄλλον
1096 4731 1149 4802 βίον
1199 4736 1264 4811 ἔχων
1290 4733 1410 4810 ἀρκοῦσαν
1436 4737 1504 4811 mirri)
1519 4737 1562 4806 τὴν
1586 4740 1713 4812 γλῶσσαν,
1729 4723 1936 4799 tvlsslllilhffl

378 4808 538 4879 σεμνότατος,
551 4806 591 4860 καὶ
612 4814 662 4861 τῶν
682 4808 743 4880 epte
764 4808 906 4881 ὄρθνὸύξννε
921 4811 958 4865 ἀεὶ
980 4810 1004 4866 ἔν
1027 4811 1149 4887 ἆγᾶπρέν
1199 4819 1286 4876 ἑαυτοῦ
1312 4822 1490 4894 συνταγμάτων
1513 4820 1557 4888 τὴν
1582 4820 1738 4895 οἰκουμένην,
1765 4819 1816 4873 alc.
1837 4807 1896 4868 vide
1912 4802 1934 4856 tl

377 4891 470 4963 πρώτῳ
484 4890 579 4964 &paludi
593 4893 749 4963 ταττόμενος,
764 4891 811 4954 ἕως
831 4894 918 4948 τούτου
937 4899 981 4950 τοῦ
1008 4897 1085 4968 λόγου
1105 4897 1151 4951 διί-
1198 4903 1331 4962 eumdem
1345 4904 1375 4962 in
1390 4904 1506 4976 epistola
1520 4920 1620 4961 ιχχχῃ,

377 4991 459 5045 μονον.
471 4972 535 5027 ἀλλὰ
544 4974 585 5027 καὶ
599 4973 692 5047 ἐξορίαν
706 4973 830 5048 ὑπέμεινε,
839 4975 881 5031 ut
894 4977 923 5032 τὸ
936 4977 969 5051 μὴ
984 4981 1035 5041 τοῖς
1053 4978 1148 5052 Ἀρειο-

376 5057 429 5119 νοΐς
438 5058 603 5131 ωγκατεῖνοι.

409 5244 567 5313 ’mulorum
585 5258 680 5314 aarum
697 5246 835 5315 Apollinaris
857 5247 1024 5318 deperditarum
1045 5249 1145 5303 contub
1192 5249 1310 5306 Fabricius
1322 5250 1430 5305 ubhou.
1445 5251 1587 5306 llrscerol.
1600 5253 1649 5318 vn,
1663 5265 1715 5321 pag.
1729 5249 1785 5313 66¹,
1799 5258 1857 5313 aqu·

403 5418 414 5462 r
430 5420 470 5478 ορ,
485 5423 614 5468 axau-r
627 5423 674 5469 nro.
686 5422 717 5469 ru
728 5426 785 5471 aa.
800 5426 858 5473 aar.
874 5430 927 5471 uu.
940 5425 968 5471 ru
979 5426 1035 5473 uss.
1048 5439 1070 5483 p.
1083 5426 1161 5489 rrpu.
1174 5424 1236 5473 roro.
1251 5427 1304 5472 -s
1321 5429 1379 5474 soi.
1394 5439 1426 5474 ru
1436 5428 1498 5477 ra·
1515 5428 1568 5475 ern
1584 5439 1636 5476 rar
1649 5428 1741 5487 apua
1757 5424 1818 5472 νον·
1828 5417 1934 5470 uus·-

377 5481 449 5528 tutu.
463 5484 490 5531 tls
503 5483 583 5541 stupe
598 5488 656 5533 Erat.
666 5494 746 5532 οων.
1215 5532 1217 5537 .
