4036 6162
317 306 378 371 ddi
823 301 1151 375 runotoetcottun
1172 303 1394 375 DOGMATUM

318 471 402 551 quod
419 489 484 533 non
507 469 652 550 magister
674 469 740 551 ipse
762 474 910 535 servasset
932 470 1031 535 factus
1050 474 1087 533 ut
1135 472 1323 547 quontooou
1337 464 1738 548 mercennariumque
1750 465 1872 547 superbia

317 563 412 625 homo
430 582 436 623 :
453 582 525 625 cum
551 563 644 627 hodie
663 563 730 642 jem
758 564 945 643 quicumque
971 567 1082 637 servat,
1134 560 1358 642 sanaripotest,
1373 559 1586 625 sihumilitate
1598 559 1652 623 lilii
1667 559 1871 625 neironem·

316 656 413 734 ipsius
426 655 567 736 exemplo
581 657 747 732 relevetur,
766 661 802 716 ut
814 662 915 717 servet
924 655 964 715 ‘ln
1134 652 1210 715 tur?
1224 654 1299 726 Qum
1313 652 1443 717 avaritie
1452 653 1556 717 sanari
1567 655 1677 731 potest,
1687 649 1712 711 si
1720 656 1873 731 paupertate

175 761 268 807 nure·
358 747 409 811 lx.
436 749 482 809 Ex
506 748 653 813 omuibus
675 767 768 828 porro
793 747 971 823 virtutihus,
992 747 1086 807 unius
1134 744 1190 807 filii
1213 744 1267 806 Dei
1287 763 1353 805 non
1373 743 1520 809 sanatur?
1534 745 1606 821 Quae
1620 742 1771 805 iracundia
1789 743 1873 809 aaut

149 814 289 860 ¹'⁰'¹¹¹‘'⁸¹''
317 839 1084 920 maximeoommendnrenobisexempiedhristus,
1135 841 1246 916 potest,
1260 835 1287 898 si
1296 836 1446 917 patientie
1456 836 1512 901 titii
1526 836 1580 898 liei
1592 854 1657 899 non
1665 833 1873 911 seneturlQua

318 932 396 995 etad
405 932 593 997 imitandum
603 951 778 1013 proponere
786 933 820 993 in
830 933 892 995 vita
903 950 960 995 sua
970 932 1083 1007 voluit;
1135 927 1277 1007 impietas
1305 929 1408 993 sannri
1430 934 1542 1011 potest,
1558 928 1584 991 si
1609 927 1753 993 claritate
1770 925 1874 991 fibinei

317 1043 412 1103 quam
425 1025 534 1088 mundi
549 1025 711 1106 sapientes,
728 1043 765 1087 ee
780 1024 955 1104 philosophi
964 1025 1087 1103 penitus
1134 1037 1199 1085 non
1212 1022 1389 1087 secretorio
1408 1021 1546 1100 Denique
1563 1019 1641 1080 cille
1650 1018 1748 1099 justus
1759 1017 1833 1083 venit
1842 1016 1874 1081 ol

315 1115 500 1193 ignorarunt
515 1138 523 1194 ;
540 1124 576 1181 ut
588 1136 754 1181 nonomen
765 1117 892 1197 quidem
905 1116 1086 1196 ullum,quo
1134 1129 1192 1175 nos
1215 1120 1408 1192 peccatores,
1434 1118 1471 1174 ut
1495 1131 1534 1175 ex
1559 1109 1764 1192 peccatoribrn
1780 1109 1876 1173 laceret

316 1226 386 1271 cem
411 1209 629 1288 significarent,
655 1210 768 1273 Latino
793 1209 843 1271 vel
869 1210 974 1277 Graeco
995 1208 1086 1269 nobie
1130 1203 1250 1281 justos:
1266 1205 1337 1285 pius
1361 1206 1447 1267 venit
1467 1205 1508 1271 ad
1527 1204 1649 1283 impios,
1663 1207 1698 1265 ut
1718 1199 1876 1265 nosincerot

316 1318 459 1363 sermone
491 1301 685 1381 reliquerint.
721 1302 808 1367 Hanc
834 1319 892 1365 nos
922 1299 1085 1365 Christiani
1135 1297 1218 1375 pios:
1234 1297 1509 1363 bumdisveuited
1524 1295 1682 1376 superbos,
1695 1300 1874 1375 utessuper·

316 1390 515 1455 humilitatem
529 1411 686 1469 vocamus,
703 1394 764 1457 hoc
777 1399 823 1455 est
845 1392 894 1455 sui
914 1397 946 1455 et
958 1392 1086 1457 bonoris
1134 1389 1182 1453 bis
1195 1389 1308 1455 iaceret
1332 1390 1477 1466 humiles,
1493 1410 1508 1447 n
1522 1389 1566 1453 ait
1577 1386 1766 1463 Ambrosius,
1779 1385 1873 1467 utqui·

315 1483 457 1557 humani,
471 1485 626 1563 aeglorice
640 1485 874 1564 despicientiam
891 1504 898 1547 z
914 1503 985 1567 qua
998 1485 1084 1565 prin·
1135 1481 1205 1547 dem
1232 1482 1413 1547 inscribitur
1435 1499 1578 1547 sermone
1606 1478 1746 1543 muodo.
1770 1479 1808 1544 ile
1828 1477 1875 1539 boc

315 1574 543 1655 cipatnmtenat
554 1576 1086 1656 emuticoedisciplineeccoelos
1135 1573 1318 1635 bismilitasis
1330 1572 1517 1653 magisterio,
1542 1572 1613 1636 vide
1638 1567 1874 1646 augustinumin

315 1667 367 1740 tis,
402 1668 560 1748 divinique
595 1668 777 1748 magisterii.
818 1690 835 1728 o
867 1670 974 1748 ltaque
1007 1669 1087 1733 sicut
1134 1669 1266 1725 tractatu
1281 1663 1321 1725 ad
1331 1664 1480 1726 Psalmum
1500 1662 1602 1739 xxxri,
1625 1662 1679 1723 ubi
1701 1659 1874 1725 hanchumi·

314 1759 421 1823 rhetor
432 1760 766 1835 illenobilissimus‚ait
784 1760 1085 1840 augustinus¹,oum
1132 1757 1228 1819 litatis
1239 1756 1321 1819 viem
1334 1756 1427 1835 hujus
1439 1757 1549 1821 mundi
1559 1754 1746 1836 sapientibus
1757 1752 1875 1830 ignotam

314 1850 523 1931 interrogatus
541 1859 633 1928 esset,
649 1853 725 1932 quid
739 1853 914 1933 ciprinum
929 1853 1086 1915 videretur
1134 1849 1173 1912 ab
1188 1848 1309 1911 Christo
1320 1849 1465 1929 primitus
1478 1847 1624 1909 traditam
1637 1846 1728 1909 luisse
1736 1843 1841 1925 probat.

314 1943 348 2007 in
361 1943 546 2022 eloquentie
563 1945 726 2024 praeceptis
751 1944 908 2007 observari
930 1952 1083 2025 oportere,
1174 1942 1231 2004 Xl.
1254 1939 1707 2021 Proeclerequoquevirtutum
1719 1942 1876 2001 murorum
1912 1962 1968 2023 sgr

314 2036 602 2115 pronuntiationem
637 2036 749 2101 dicitur
778 2037 972 2117 respondisse
989 2057 996 2098 :
1012 2056 1085 2103 cum
1136 2033 1335 2115 documenta,
1349 2032 1630 2097 meximeduarum
1644 2029 1801 2105 denibus,
1814 2043 1876 2106 ques
1900 2016 1976 2061 ΜΝ

315 2134 506 2207 quereretur
519 2129 595 2207 quid
617 2130 763 2207 sectando,
778 2129 920 2193 eamdem
941 2149 1083 2210 pronun·
1138 2123 1327 2206 Theolopicos
1340 2130 1469 2200 vomat,
1486 2123 1520 2190 in
1534 2125 1645 2189 eodem
1666 2121 1772 2189 Christi
1795 2117 1876 2197 rcap-

318 2219 481 2283 tiaticncm
494 2238 501 2280 ι
512 2221 588 2299 quid
602 2221 703 2297 tertio,
718 2220 798 2285 nihil
810 2220 999 2299 aliudquam
1012 2242 1085 2302 pro·
1135 2217 1227 2279 sterio
1242 2216 1411 2279 constitute
1429 2221 1518 2293 sunt,
1533 2215 1701 2294 charitatis,
1716 2232 1750 2277 ec
1760 2211 1832 2294 spei:
1845 2211 1876 2277 dc

314 2310 545 2373 nuntiationem
580 2311 692 2373 dixisse
718 2331 725 2373 ι
750 2313 776 2375 si
801 2313 1019 2392 interrogares,
1054 2319 1086 2381 at
1135 2308 1515 2387 quibusinnumerasunt,
1528 2304 1875 2389 sediuprompiupositn

315 2402 437 2480 quoties
450 2403 658 2481 interrogares
671 2403 709 2464 de
723 2404 884 2483 preceptis
904 2405 1083 2471 Christianae
1134 2400 1291 2466 etidcirco
1305 2401 1434 2463 minime
1441 2401 1493 2461 hie
1517 2394 1877 2463 exscribessdfltfflfimfflii

315 2493 482 2571 religionis,
517 2494 597 2557 nihil
624 2513 675 2558 me
699 2494 784 2561 eliud
810 2496 997 2575 respondere
1023 2499 1083 2561 nisi
1136 2492 1315 2572 Scripturas.
1342 2495 1440 2569 Pauca
1464 2492 1610 2575 quaedam
1637 2510 1676 2555 ex
1701 2490 1877 2570 antiquourm

314 2585 524 2647 humilitatem
548 2586 669 2662 liberet,
691 2593 723 2649 et
748 2588 774 2648 si
793 2587 873 2648 forte
900 2587 960 2651 elia
982 2589 1084 2653 dicere
1133 2584 1657 2669 Patrumscriptisreferemzmegis
1668 2589 1772 2649 utnon
1784 2579 1876 2643 omissa

313 2678 478 2741 necessitas
492 2686 654 2757 cogeret.»
674 2682 714 2739 nt
725 2697 800 2741 vero
823 2680 1023 2760 pbilosophis,
1049 2688 1085 2745 ut
1133 2695 1258 2757 prorsus
1272 2677 1317 2738 rei
1330 2683 1425 2740 tantos
1435 2679 1669 2758 menumquam
1682 2682 1717 2739 ut
1728 2673 1877 2736 accuratius

314 2771 408 2850 paulo
429 2776 501 2832 ante
523 2770 640 2847 scribit,
656 2771 830 2835 comnibus
850 2772 948 2834 deluit
969 2773 1084 2838 divium
1133 2774 1262 2833 tractate
1284 2770 1436 2856 viduetur.
1460 2769 1583 2831 Primus
1603 2771 1636 2833 in
1650 2764 1878 2833 mediumvaoiet

313 2861 496 2925 humilitatis
511 2862 701 2943 exemplum,
718 2863 802 2941 qnod
821 2863 1083 2943 opportunissimo
1134 2861 1362 2938 pulcherrimus
1390 2861 1476 2925 Petri
1491 2862 1677 2942 chrysologi
1698 2861 1778 2925 locus
1793 2877 1809 2919 e
1825 2874 1877 2918 ser·

313 2959 452 3031 tempore
462 2973 518 3034 per
530 2954 699 3017 Dominum
710 2964 852 3019 nostrum
863 2955 973 3019 lesum
986 2956 1085 3019 Chris·
1134 2970 1227 3017 mone
1246 2970 1357 3029 nxsvu,
1374 2952 1406 3015 in
1420 2971 1482 3033 quo
1496 2953 1589 3017 ὓιιθιι]
1598 2950 1825 3028 incarnationis,
1839 2954 1877 3008 to·

313 3050 382 3105 tum
409 3045 599 3107 illustratum
628 3051 675 3107 est
695 3066 702 3107 :
726 3046 777 3110 cui
803 3046 859 3109 uni
883 3048 1024 3128 exemplo
1050 3048 1085 3113 in
1134 3046 1258 3125 tiusquc
1287 3045 1400 3125 Christi
1414 3045 1693 3107 administrationis
1707 3041 1878 3109 illumalico

314 3136 449 3214 cujusvis
474 3137 580 3200 animo
602 3136 744 3200 ferociter
771 3139 956 3217 arrogantis,
984 3140 1085 3203 omnis
1133 3142 1306 3221 spectatum
1321 3155 1385 3199 esse
1403 3137 1550 3217 disputet,
1567 3144 1605 3199 nt
1617 3138 1722 3213 bomo,
1736 3136 1785 3216 qui
1798 3135 1880 3196 mum

314 3227 457 3306 superbia
470 3229 568 3306 cedit,
593 3234 624 3290 et
636 3229 805 3308 frangitur,
831 3231 1079 3295 memoritur.»
1133 3248 1198 3293 nou
1215 3229 1335 3307 videns,
1362 3229 1441 3291 dura
1454 3230 1614 3305 servitute,
1639 3231 1879 3310 acpcvoretcnc·

150 3338 284 3383 clarence
353 3321 395 3383 X.
408 3320 474 3381 Hoc
484 3319 570 3385 idem
582 3321 804 3383 documentum
817 3322 1009 3396 humilitatis,
1025 3342 1083 3391 nec
1133 3320 1236 3397 batur,
1252 3339 1355 3382 coram
1366 3320 1456 3385 illum
1469 3321 1635 3399 intuendo,
1646 3344 1658 3380 ι
1669 3323 1762 3385 berum
1770 3318 1880 3399 diligero

143 3400 164 3436 θ’
179 3392 290 3447 ”mm
313 3412 1082 3495 concomitumhujusmbedientim,patientiaeque,
1132 3412 1273 3489 disceret,
1302 3431 1368 3475 non
1387 3413 1518 3488 timere;
1543 3414 1679 3477 amando
1702 3413 1880 3490 colerence

313 3503 345 3564 in
360 3505 578 3567 Incaruotione
591 3504 645 3566 Dei
659 3504 715 3566 filii
729 3505 886 3585 precipue
899 3512 1080 3587 spectatum,
1132 3522 1255 3584 pavere.
1279 3525 1291 3564 ι
1311 3505 1431 3585 Quippe
1445 3504 1525 3569 nihil
1539 3511 1607 3572 tam
1618 3505 1822 3591 concupiscere
1834 3496 1879 3563 bei

312 3592 445 3659 illmtrat
463 3596 654 3674 Augustinus
678 3597 761 3659 idem
788 3597 822 3663 in
844 3597 924 3663 libro
946 3599 1023 3663 Xill
1046 3597 1083 3663 de
1133 3597 1278 3673 cultores,
1295 3614 1390 3676 quem
1408 3603 1470 3659 aut
1484 3597 1585 3681 ipsum
1600 3599 1734 3665 videant.
1754 3588 1879 3672 lienique

315 3684 493 3760 Trionem,
516 3693 548 3749 et
565 3686 599 3751 in
612 3706 755 3752 sermone
768 3705 858 3753 mxiv
871 3688 906 3749 de
924 3688 1082 3771 Tempore:
1132 3695 1163 3753 et
1185 3689 1242 3771 ipsi
1256 3689 1387 3771 gentiles
1401 3689 1440 3749 oh
1463 3688 1524 3751 hoc
1548 3690 1714 3757 amonem
1731 3689 1878 3759 amcam

312 3795 406 3857 quem
415 3778 519 3845 locum
532 3778 689 3859 praeterire
702 3798 767 3841 non
781 3797 919 3861 possum.
929 3802 945 3840 c
955 3781 1083 3863 Propter
1132 3781 1215 3843 utin
1229 3780 1303 3860 ipsis
1320 3780 1494 3863 erroribus,
1521 3782 1622 3849 oculis
1641 3786 1797 3847 cernerent
1810 3775 1880 3861 quod

311 3869 380 3949 hoc,
406 3869 533 3950 inque,
556 3889 628 3935 cum
653 3873 734 3937 Deus
757 3877 850 3949 esset,
876 3873 971 3939 bomo
985 3872 1082 3937 hctus
1132 3867 1879 3952 colebant.SciensergoDeusvisendisedcsidcriu

312 3967 374 4039 est,
403 3967 440 4023 ut
465 3979 499 4027 se
532 3962 628 4026 bomo
671 3963 832 4027 hominem
872 3970 1079 4043 cognosceret.
1130 3964 1271 4038 cruciari,
1292 3963 1458 4047 lassarique
1481 3965 1641 4042 mortales,
1669 3966 1799 4033 andesc
1819 3959 1879 4025 visi·

310 4053 423 4131 Magna
436 4054 601 4115 medicina.
617 4056 687 4116 Hac
699 4056 851 4116 medicina
864 4056 890 4115 si
904 4056 1081 4136 snperbiam
1130 4054 1228 4117 bilem
1242 4056 1357 4117 iaceret
1369 4056 1429 4117 hoc
1442 4056 1544 4136 elegit,
1574 4057 1660 4136 qnod
1682 4062 1757 4119 esset
1780 4059 1809 4116 et
1831 4058 1880 4113 ter·
1985 4046 1986 4065 ¹

311 4162 375 4204 non
389 4152 493 4221 curat;
510 4146 585 4225 quid
599 4152 779 4219 comburet,
796 4148 911 4208 nescio.
928 4149 1078 4227 Deusest,
1130 4148 1214 4208 renis
1228 4165 1397 4225 magnum,
1413 4154 1521 4209 etnon
1534 4145 1876 4228 minimumsuperotss
1922 4208 1925 4213 ⁴

310 4240 342 4296 ct
353 4235 389 4296 flt
402 4236 508 4298 horne.
523 4236 653 4316 Seponit
666 4237 871 4316 divinitatem,
886 4237 919 4299 ld
933 4244 989 4313 est,
1006 4257 1081 4318 quo-
1170 4239 1244 4299 XII.
1269 4238 1338 4300 Huc
1362 4239 1415 4299 llla
1436 4239 1573 4319 pertinet
1600 4240 1754 4302 Anestnsil
1771 4234 1880 4299 Slnnita
1985 4246 1986 4303 i

310 4327 477 4390 dammodo
498 4333 683 4409 sequestrat,
699 4330 757 4390 boc
771 4335 828 4409 est,
843 4330 979 4391 occrrltat
996 4331 1080 4409 quod
1129 4328 1202 4390 alibi
1219 4330 1342 4391 anobis
1355 4335 1463 4391 notata
1478 4331 1661 4408 sententias',
1678 4324 1878 4394 Deumnecch
1985 4322 1986 4345 ¹

310 4437 402 4483 suum
416 4427 501 4497 crat3
526 4421 609 4501 quod
621 4426 758 4502 apparet,
774 4427 942 4503 acceperet.
959 4422 1008 4483 Fit
1028 4422 1079 4484 ille
1129 4421 1266 4501 Angelis,
1286 4439 1343 4484 nec
1356 4421 1396 4484 ab
1408 4421 1472 4484 ulla
1487 4429 1592 4486 create
1602 4442 1637 4486 re
1651 4423 1711 4485 elia
1722 4440 1804 4505 posse
1815 4436 1878 4481 eon·

309 4511 421 4586 homo,
449 4532 520 4574 cum
540 4514 579 4575 sit
602 4515 703 4591 Deru3
735 4518 767 4575 et
791 4533 856 4577 non
882 4533 915 4577 se
942 4516 1081 4594 agnoscit
1129 4513 1204 4593 spici
1218 4518 1253 4574 ut
1277 4519 1323 4574 est
1343 4513 1376 4576 in
1400 4532 1445 4590 se,
1470 4514 1529 4577 hoc
1543 4521 1591 4576 est
1607 4517 1708 4597 ipsam
1719 4516 1781 4595 ejus
1793 4527 1878 4574 essen
1985 4508 1986 4525 ¹

308 4603 404 4665 homo
427 4604 601 4683 hominem,
625 4606 657 4666 id
682 4611 739 4682 est,
764 4623 829 4666 non
855 4624 888 4669 se
916 4607 1078 4673 mortalem
1128 4604 1218 4667 tiam:
1246 4605 1408 4669 etidcirco
1431 4607 1477 4669 uti
1501 4607 1629 4671 tandem
1651 4608 1747 4671 videri
1769 4617 1878 4688 quoquo
1985 4618 1986 4627 ²

309 4695 460 4771 agnoscit,
477 4714 541 4759 non
555 4715 587 4759 sc
613 4697 753 4776 agnoscit
779 4696 931 4776 fragilem,
958 4716 1024 4763 non
1046 4716 1079 4761 se
1128 4697 1221 4757 modo
1244 4703 1358 4781 posset,
1387 4697 1541 4765 numilem
1564 4717 1598 4761 se
1624 4704 1777 4780 assumpta
1800 4708 1878 4757 carno
1985 4744 1986 4749 ,

309 4785 447 4864 agnoscit
471 4793 631 4861 egrotum,
657 4793 694 4848 ut
720 4793 840 4867 querat
866 4788 917 4851 vel
944 4794 1080 4867 aegrotus
1128 4785 1245 4851 iecisse.
1260 4789 1348 4861 Quod
1363 4788 1420 4851 etsi
1435 4794 1480 4851 est
1498 4789 1622 4869 nuum,
1645 4797 1678 4853 et
1696 4788 1878 4855 omoious-
1985 4836 1986 4839 ,

308 4876 485 4946 medicum
500 4882 570 4953 scd,
585 4879 670 4959 quod
683 4884 729 4941 est
744 4878 961 4957 periculosius,
985 4898 1081 4941 mnus
1127 4876 1188 4939 rito
1211 4879 1414 4958 castigetumt
1440 4885 1548 4943 tamen
1561 4882 1587 4943 si
1600 4881 1640 4943 sd
1653 4883 1734 4944 solos
1755 4878 1877 4943 hominu

308 4967 366 5028 sibi
380 4967 545 5030 videtur.»
1128 4970 1301 5049 praesertim
1323 4970 1383 5033 hoc
1405 4970 1437 5033 in
1451 4972 1524 5034 vltse
1545 4979 1628 5036 statu
1649 4975 1791 5054 degentes
1809 4966 1876 5031 reic-
1985 4960 1986 5023 Ῐ

348 5058 399 5121 Sic
411 5060 446 5122 ln
459 5060 539 5123 libro
554 5061 590 5123 de
603 5065 704 5144 Apono
717 5059 1019 5142 Cimstimo³,mplte
1033 5079 1076 5123 xi.
1127 5066 1232 5140 ratur,
1257 5079 1331 5123 eum
1351 5080 1388 5124 eo
1408 5064 1540 5143 quadrat
1553 5065 1636 5144 quod
1650 5067 1690 5127 ab
1704 5060 1876 5144 chrysologo

311 5152 410 5217 allece
423 5152 591 5231 medicina,
607 5153 724 5236 lnquit,
740 5152 906 5215 hominum
918 5156 1005 5219 tante
1019 5158 1075 5224 est,
1129 5152 1258 5215 dicitur:
1272 5172 1407 5215 necnon
1421 5174 1441 5215 o
1454 5156 1622 5230 Bemerdc,
1637 5158 1693 5236 qui
1707 5157 1739 5218 in
1751 5165 1876 5217 sermone

310 5375 482 5494 Δέθιῑῗνοιζιᾶῖ
492 5380 508 5425 tl
520 5378 574 5440 Gap.
585 5380 689 5435 rinei
702 5381 812 5441 segmen
823 5388 898 5433 uisis
909 5378 936 5433 ds
949 5378 1020 5438 nmo.
1031 5392 1052 5431 c.
1061 5386 1128 5439 qu-
1138 5378 1152 5429 i
1164 5372 1226 5427 Ten.
1240 5374 1296 5429 n·
1309 5378 1322 5425 5
1335 5378 1393 5441 bns·
1404 5380 1428 5435 u
1436 5381 1473 5437 a.
1485 5384 1591 5433 xxxo-s
1600 5382 1648 5433 ns.
1664 5383 1710 5442 tu,
1721 5395 1741 5437 s.
1755 5372 1875 5431 usti-1⁴⁴
