4078 6168
340 288 399 358 tes
909 274 1347 358 mmouuarumlnos

339 464 416 525 uam
436 460 564 538 deeset,
574 461 700 542 luberet
712 460 830 541 aliquid
843 461 934 533 Deus,
949 458 1033 540 quod
1054 458 1107 523 ille
1157 463 1259 535 datur,
1275 460 1339 523 sire
1351 462 1384 522 in
1399 458 1502 522 earnis
1521 458 1690 537 desiderio,
1706 462 1822 527 sivein
1834 462 1921 530 ambi-

340 557 392 618 cui
408 557 532 633 janum
551 555 642 628 foret,
656 553 756 616 iacere
779 555 875 614 bomo
900 566 965 614 nou
989 556 1105 633 posset;
1155 554 1241 615 tione
1254 550 1370 630 saculi,
1385 550 1436 615 rel
1449 554 1544 617 εὕρω
1558 554 1591 615 in
1615 562 1922 637 quacumquctcnta·

339 649 486 728 aquiiis
498 646 644 709 mandata
657 647 712 708 Del
724 647 881 708 illlesseut
893 644 1104 725 impossibilia,
1155 645 1249 708 tionis
1262 644 1413 716 molestia,
1427 644 1553 727 qualem
1576 651 1630 708 aut
1648 666 1725 709 cum
1749 649 1841 713 laude
1861 653 1922 715 rin-

340 740 394 820 qui
407 756 446 802 eo
459 746 578 802 cureret
598 740 765 820 adjutorio,
784 754 841 819 per
862 738 947 817 quod
963 736 1108 800 omuibus
1155 756 1235 809 cere,
1245 742 1299 801 aui
1310 752 1382 801 cum
1392 739 1559 819 opprobrio
1573 741 1779 804 succumbere
1789 745 1919 823 poteritr

340 832 497 914 possibilia
524 850 588 895 esse
613 841 718 895 censet
746 832 935 911 Augustinus
964 849 971 891 :
993 848 1107 912 nempe
1157 832 1237 912 Bago
1251 833 1305 913 qui
1320 832 1492 893 succumbit
1512 833 1690 911 tentationi,
1709 832 1781 896 ideo
1796 855 1864 898 cum
1877 856 1923 918 op

341 926 451 986 orandi
464 926 573 1003 gratia,
589 943 650 1005 qua
664 925 710 986 ris
732 930 763 986 et
784 926 879 988 robur
899 924 1056 985 obtinetur
1069 924 1108 985 ad
1156 925 1281 1007 probriu
1294 924 1327 986 id
1340 925 1421 999 iacit,
1444 924 1519 1005 quia
1540 940 1612 986 cum
1632 922 1731 987 laude
1752 927 1838 989 illam
1862 930 1922 990 vin-

340 1017 514 1096 praestanda
527 1019 604 1096 legis
618 1018 728 1078 officia.
1158 1034 1226 1078 cere
1252 1022 1383 1097 poterat.
1418 1014 1491 1078 Haec
1522 1023 1628 1078 autem
1661 1019 1860 1099 possibilitas,
1893 1024 1924 1083 ut

380 1109 453 1170 lloec
468 1116 515 1171 est
527 1111 628 1190 prima
642 1110 784 1171 omnium
803 1111 913 1188 gratia,
929 1126 999 1187 quae
1013 1106 1109 1187 gratis
1157 1124 1299 1188 supraex
1316 1109 1490 1189 Augustino
1509 1106 1743 1171 demonstr-avl‘
1757 1110 1836 1172 nibil
1848 1108 1923 1174 aliud

341 1202 480 1279 omnino,
496 1221 532 1264 aa
547 1203 612 1263 sine
632 1203 750 1263 meritis
772 1202 933 1277 tribuitur3
945 1218 1001 1281 per
1013 1217 1109 1279 quam
1158 1200 1216 1262 nlsl
1230 1200 1330 1281 gratia
1344 1206 1400 1263 est.

340 1300 475 1371 actuosa,
492 1300 523 1356 et
535 1294 680 1375 praecepti
690 1294 791 1374 operia
804 1295 910 1355 efficax
923 1294 1018 1354 alteru
1033 1312 1108 1373 pro·
1198 1290 1284 1355 Idem
1299 1310 1404 1355 rursus
1416 1294 1449 1355 in
1462 1286 1542 1355 libro
1552 1294 1690 1357 secundo
1700 1292 1922 1359 dePeecctorcm

340 1387 442 1458 uenit3
459 1393 494 1447 ut
503 1386 619 1449 ibidem
633 1387 722 1448 docet
730 1387 924 1466 Augustinus
933 1386 982 1446 his
990 1384 1107 1446 serbis:
1157 1386 1283 1462 meritis,
1299 1395 1327 1447 et
1341 1386 1510 1447 remissione
1533 1388 1633 1467 capite
1660 1402 1738 1450 xvir.
1759 1390 1862 1450 «Cum
1874 1408 1921 1450 rc-

347 1481 499 1540 ·Gartum
522 1485 569 1540 est
592 1479 675 1540 enim
699 1494 756 1539 nos
779 1478 924 1539 mandata
948 1494 1069 1540 servare
1083 1478 1110 1538 sl
1157 1478 1287 1549 luntate,
1316 1480 1426 1559 inquit,
1452 1480 1610 1556 humana,
1635 1482 1741 1557 gratia
1768 1482 1923 1561 adjuvante

340 1571 485 1632 uolumus
500 1588 507 1632 t
531 1573 584 1634 sed
607 1571 681 1651 quia
707 1576 900 1650 proponatur
922 1572 1065 1632 volontas
1091 1590 1110 1632 a
1158 1571 1274 1644 divina,
1289 1572 1355 1632 sine
1371 1577 1495 1649 peccato
1514 1570 1548 1634 iu
1561 1571 1620 1632 hac
1642 1573 1709 1633 vita
1724 1573 1820 1653 possit
1838 1574 1921 1635 homo

342 1664 485 1741 Domino,
501 1664 540 1725 ab
568 1664 621 1724 illo
642 1663 813 1743 petendum
839 1669 896 1737 cst,
925 1669 961 1725 ut
987 1668 1110 1724 tantum
1159 1681 1236 1739 esse,
1251 1682 1306 1724 cur
1327 1681 1391 1724 non
1414 1664 1463 1737 sit,
1480 1681 1603 1743 possem
1616 1664 1766 1726 facillime
1790 1684 1825 1726 ac
1847 1684 1922 1727 rera-

337 1755 484 1831 'velirnua
509 1761 663 1836 quantum
682 1756 790 1817 sufficit
803 1760 839 1816 ut
861 1754 994 1816 volendo
1017 1754 1109 1816 iacia-
1159 1756 1279 1817 cissimc
1293 1756 1491 1835 respondere,
1510 1756 1583 1836 quia
1603 1757 1752 1818 homines
1776 1757 1917 1818 nolunt.»

342 1866 455 1909 mus.»
473 1851 595 1928 Exque
609 1848 753 1909 voluntas
775 1848 901 1927 duplex,
916 1847 1034 1925 duplici
1056 1865 1108 1909 ex·
1159 1848 1229 1907 Non
1242 1848 1307 1908 haec
1330 1848 1489 1928 facillimo,
1505 1867 1563 1910 nec
1580 1849 1769 1911 oerocusimo
1779 1856 1854 1910 esset
1865 1867 1919 1910 res·

341 1955 445 2021 pressa
471 1942 571 2019 gratia
597 1940 752 2019 colligitur
779 1961 786 2000 ε
810 1956 875 2000 una
898 1938 1053 2015 inclinata,
1080 1946 1112 2002 et
1159 1939 1280 2018 pensio,
1297 1940 1323 2000 si
1340 1956 1406 2001 non
1420 1946 1554 2020 possent.
1575 1943 1715 2002 Possunt
1733 1941 1920 2019 igitursire·

341 2032 428 2093 rudis
439 2032 551 2109 adbuc,
567 2050 629 2113 quo
639 2032 998 2112 possesacerevolurnus3
1015 2032 1112 2094 altera
1158 2031 1218 2092 lini
1234 2050 1242 2090 t
1258 2037 1350 2111 atque
1365 2037 1400 2092 ut
1418 2032 1610 2093 voluntatem
1634 2038 1780 2113 paratam
1806 2032 1918 2103 babent,

342 2125 508 2199 robustior,
531 2144 603 2205 qua,
628 2125 712 2204 quod
745 2126 907 2197 volumus,
934 2140 1108 2204 possumus.
1160 2123 1225 2184 sine
1247 2142 1309 2201 qua
1322 2124 1401 2185 velle
1423 2141 1489 2184 non
1499 2130 1630 2204 possunt
1646 2147 1654 2184 ε
1671 2125 1717 2185 ita
1731 2131 1762 2185 et
1790 2124 1918 2199 gratiam,

342 2218 625 2297 Utramquecapite
645 2217 787 2296 sequenti
810 2217 1002 2278 manifestius
1028 2216 1112 2277 indi-
1160 2216 1233 2295 qula
1252 2216 1318 2276 sine
1336 2215 1395 2275 hae
1417 2216 1593 2293 adJuvante,
1617 2223 1654 2277 ut
1677 2223 1710 2277 et
1733 2218 1800 2278 sine
1821 2215 1919 2275 rotun·

341 2314 400 2383 cut,
416 2311 459 2370 sic
471 2310 610 2370 scribens
626 2309 634 2342 ¹
647 2326 655 2369 ε
677 2330 690 2365 o
703 2309 761 2383 Qui
775 2326 849 2387 ergo
863 2308 930 2369 vult
940 2308 1040 2371 iacere
1055 2308 1110 2369 Del
1160 2312 1233 2379 tate,
1250 2325 1316 2367 non
1336 2312 1475 2386 possunt.

342 2402 534 2473 mandatum,
565 2407 596 2463 et
609 2420 673 2463 non
688 2406 799 2481 potest,
812 2401 878 2479 jam
901 2401 1029 2480 quidem
1051 2401 1110 2462 ha·

341 2492 394 2554 bet
407 2494 600 2555 voluntatem
619 2494 745 2561 bonam,
767 2493 820 2554 scd
843 2492 945 2553 adbuc
966 2510 1105 2572 parvam,

342 2591 373 2645 et
385 2586 556 2649 invalidam
572 2606 580 2661 ;
595 2587 709 2665 poterit
727 2589 843 2657 autem,
870 2601 942 2645 cum
965 2602 1111 2663 magnam

342 2678 544 2751 babuerit,et
562 2678 765 2739 robustam.»
783 2679 863 2737 Tum
886 2678 992 2756 paucis
1019 2679 1111 2738 inter·
1335 2639 1449 2721 ΟᾹΡ
1459 2640 1533 2722 UT
1584 2640 1753 2723 XXIX·

338 2771 438 2848 jectis.
459 2792 471 2829 a
486 2773 523 2833 Et
536 2772 605 2851 quis
618 2771 721 2841 istam,
737 2770 791 2842 ait,
808 2771 865 2830 etsi
884 2771 1110 2850 pessumdare

342 2869 488 2942 coeperat,
505 2865 696 2938 charitatem,
712 2862 772 2923 nisi
800 2860 851 2923 ille
879 2862 933 2941 qui
960 2867 1112 2940 preparat

342 2956 555 3027 voluntatem,
581 2960 612 3017 et
643 2955 838 3032 cooperando
864 2954 1000 3034 perficit,
1030 2954 1113 3033 quud
1201 2954 1365 3038 Epilopns,
1382 2956 1481 3037 inquo
1495 2955 1623 3037 querela
1644 2954 1791 3018 Ve'ncentt'i
1804 2950 1885 3018 Leuis

342 3048 500 3127 operando
515 3047 668 3127 incipiit»
1213 3042 1386 3106 assumitur
1395 3043 1431 3104 de
1441 3050 1602 3126 asperitate
1617 3042 1782 3108 Petoviorl
1790 3038 1867 3125 styli.

382 3140 434 3201 iv.
464 3140 624 3215 sacrandus
642 3137 808 3216 Augustini
821 3137 908 3197 locus
923 3152 962 3197 ex
985 3136 1064 3198 libro
1078 3135 1114 3199 de

344 3229 539 3310 Correptioae
567 3237 595 3291 et
618 3230 737 3311 pretio,
770 3230 870 3308 capite
897 3229 1039 3308 septimo,
1068 3232 1114 3290 est
1201 3228 1224 3290 l.
1237 3228 1276 3290 Et
1289 3244 1339 3291 sne
1355 3228 1592 3309 quisquiliarum
1606 3231 1737 3292 istanrm
1748 3226 1915 3308 jamdudum

342 3324 494 3402 ejusmodi
514 3310 558 3383 2⁸«
571 3323 690 3385 iustior
703 3323 788 3382 enim
812 3321 935 3381 videtur
959 3321 1113 3382 excusatio
1161 3321 1262 3400 piget3
1279 3322 1403 3402 inques
1424 3324 1608 3383 evertendas
1621 3341 1687 3384 non
1712 3322 1795 3383 illam
1807 3318 1914 3400 quidem
1992 3386 1994 3411 .

342 3416 532 3490 dicentium,
578 3432 642 3475 non
685 3415 862 3491 accepimus
901 3412 1110 3491 audientiam,
1156 3410 1350 3490 lucrandam
1366 3414 1627 3475 seduccessuriam
1641 3413 1792 3475 hactenus
1806 3424 1915 3491 operam
1993 3490 1994 3493 Ἴ

342 3524 437 3588 quum
451 3509 631 3583 dicentium,
647 3522 712 3568 non
727 3506 1113 3585 accepimuspcrseverau·
1161 3506 1278 3567 contuli
1295 3525 1303 3564 :
1320 3512 1350 3566 et
1363 3506 1414 3566 bic
1425 3505 1519 3566 linem
1531 3505 1681 3567 malestioe
1692 3505 1785 3584 hujus
1797 3502 1914 3581 aliquem
1993 3502 1994 3505 ’

342 3601 441 3662 tium:
467 3601 614 3679 quoniam
640 3606 742 3678 potest
766 3598 841 3671 dici3
863 3587 985 3658 'bomol
1015 3598 1048 3658 in
1075 3616 1111 3659 eo
1162 3592 1285 3658 decrevi
1308 3598 1416 3659 iacere.
1436 3599 1621 3677 Quanquam
1636 3596 1760 3660 difficile
1771 3594 1853 3657 estin
1865 3594 1912 3661 tot,

341 3692 426 3771 quod
440 3691 593 3763 audieras,
610 3698 641 3752 et
663 3696 818 3760 tenueras,
840 3689 872 3749 in
887 3706 923 3750 eo
938 3705 1112 3768 persevera·
1160 3695 1287 3770 tamque
1300 3689 1446 3769 grauibus
1468 3691 1657 3768 castigandis
1675 3685 1827 3753 erroribus
1839 3681 1913 3746 adhi-

341 3802 401 3857 res,
418 3785 443 3844 si
457 3784 571 3845 velles:
588 3783 675 3844 nullo
690 3781 783 3842 modo
798 3786 902 3841 autem
923 3781 985 3841 dici
999 3788 1110 3861 potest,
1162 3781 1233 3841 bere
1256 3782 1386 3842 modum
1399 3782 1532 3842 crationi
1547 3800 1610 3843 suae
1625 3801 1632 3857 ;
1648 3791 1681 3844 et
1697 3780 1808 3843 habere
1818 3778 1849 3837 in
1865 3788 1911 3854 ρο·

340 3876 370 3936 id
397 3877 481 3956 quod
503 3892 567 3936 non
592 3874 744 3948 audieras,
767 3873 907 3933 crederes
920 3873 945 3932 si
972 3873 1106 3934 velles·
1159 3878 1280 3934 testate
1299 3873 1478 3952 justissimae
1510 3874 1733 3954 indignationis
1765 3871 1909 3949 impetus:

342 3969 441 4046 Igitur
461 3969 516 4047 qui
540 3966 802 4047 perseverantium
829 3981 894 4025 non
920 3964 1108 4036 habuerunt,
1160 3967 1259 4045 cujus,
1275 3980 1336 4042 quo
1356 3964 1479 4044 longius
1499 3966 1727 4045 progredlmur,
1748 3982 1784 4024 co
1805 3978 1834 4020 se
1855 3972 1911 4016 ma·

341 4059 433 4139 culpa
455 4076 512 4119 sua
530 4078 595 4120 non
614 4057 809 4130 habuerunt3
832 4074 927 4136 quam
948 4056 973 4117 si
1000 4056 1112 4118 volitis·
1155 4056 1226 4135 jora
1239 4057 1432 4117 irritamenta
1444 4056 1616 4136 proferunt.
1640 4058 1700 4119 Sed
1719 4045 1911 4130 abrirnpcnda

341 4155 421 4226 sent,
446 4151 597 4211 haberent
621 4151 741 4228 utique.
765 4150 914 4208 Poterant
937 4149 1032 4224 igitur
1053 4149 1109 4210 ha·
1158 4148 1264 4209 minen
1277 4148 1336 4208 boc
1357 4148 1425 4209 loco
1445 4155 1501 4219 est,
1518 4149 1552 4210 in
1575 4150 1763 4211 immensum
1789 4136 1910 4218 alloquin
1951 4150 1994 4245 Ἥ

340 4243 413 4304 here
430 4260 438 4318 ς
458 4248 489 4303 et
511 4243 578 4303 haec
604 4242 670 4319 ipsa
702 4239 897 4320 possibilitas,
934 4241 1033 4316 gratia
1065 4246 1112 4303 est
1159 4242 1242 4301 itura
1255 4240 1422 4318 disputatio
1446 4247 1569 4316 nostra3
1587 4242 1641 4302 ubi
1670 4256 1765 4320 pauca
1788 4234 1823 4296 ds
1844 4228 1908 4289 Vin·
1935 4218 1994 4305 rideat

341 4335 505 4409 sufficiens,
521 4336 595 4402 sire,
618 4339 653 4394 ut
666 4332 832 4412 Apostolus
846 4331 995 4412 loquitur,
1020 4332 1109 4415 ⁸¹⁸fd·
1159 4333 1300 4394 cantiano
1345 4332 1590 4412 expostulatione
1620 4335 1737 4396 dixero.
1781 4325 1909 4395 Queritur
1936 4312 1994 4417 mssf,

340 4426 445 4488 creatio
458 4446 528 4507 qnae
538 4444 602 4488 non
616 4444 655 4487 ex
666 4425 765 4503 nobis,
781 4423 831 4485 sed
842 4443 879 4485 er
888 4424 948 4485 Deo
958 4432 1007 4486 est.
1158 4425 1253 4485 homo
1266 4425 1354 4501 lenis,
1371 4443 1407 4485 ac
1429 4426 1596 4499 modestus,
1612 4442 1702 4488 uovae
1712 4426 1796 4486 secta
1809 4428 1907 4499 parcn·
1938 4420 1994 4517 “iffi

381 4520 502 4580 Tertius
515 4518 602 4581 locus
616 4536 654 4579 ex
662 4536 805 4580 sermone
816 4530 899 4579 uuttx
910 4516 946 4578 dc
960 4516 1107 4598 Tempore.
1158 4521 1233 4592 um,
1248 4522 1279 4578 et
1302 4523 1461 4579 auctorem
1475 4532 1547 4577 ciam
1566 4534 1661 4597 grege
1675 4532 1742 4589 suo,
1758 4509 1908 4573 inclemen-

341 4611 481 4671 eamdcm
514 4616 655 4691 paratam
687 4617 717 4671 et
737 4610 940 4671 sufficientem
967 4610 1108 4688 gratiam
1158 4613 1238 4670 tera
1255 4607 1346 4670 nobis
1372 4609 1526 4685 habitum,
1554 4619 1585 4669 et
1607 4608 1768 4671 iracundas
1788 4604 1819 4662 in
1838 4595 1904 4661 illos

341 4705 483 4782 quamvis
508 4704 582 4763 vitio
609 4709 716 4763 nostro
743 4702 864 4763 irritam
891 4701 1083 4761 demonstrat
1100 4719 1107 4761 ε
1158 4698 1345 4780 acerbosque
1359 4718 1448 4762 uoces
1461 4718 1526 4762 esse
1549 4701 1703 4780 conjectas
1723 4719 1730 4761 z
1750 4688 1906 4788 quasinsu·

342 4794 393 4855 ubi
410 4796 448 4855 de
461 4794 683 4855 tentationibus
700 4794 845 4871 disputat.
868 4815 882 4851 a
897 4794 995 4854 Nemo
1015 4794 1107 4867 ditat,
1157 4811 1213 4873 per
1227 4791 1378 4872 augendae.
1392 4793 1516 4853 invidiae
1532 4810 1635 4869 causa,
1652 4788 1761 4853 nostris
1774 4800 1808 4846 ex
1820 4778 1903 4847 tuns,

340 4887 453 4966 inquit,
470 4886 702 4947 afornicatione
720 4902 752 4946 sc
766 4884 993 4946 custodirenon
1006 4904 1107 4965 posse.
1158 4883 1212 4943 ubi
1241 4884 1371 4965 sparsim
1393 4885 1500 4963 positar
1526 4886 1614 4945 erant
1637 4902 1673 4945 ae
1699 4879 1851 4959 dissipate,
1877 4865 1904 4924 5¹¹

343 4977 455 5039 Fidelis
469 4983 514 5039 cst
527 4978 611 5038 enim
633 4979 726 5050 Deus,
743 4977 818 5037 dicit
838 4978 1003 5057 Apostolus
1013 4976 1037 5053 ¹,
1054 4976 1109 5056 qui
1159 4993 1259 5035 tinum
1279 4975 1412 5054 collegit.
1428 4978 1494 5037 Hoc
1515 4994 1589 5037 vero
1612 4972 1769 5046 illiberale,
1783 4984 1815 5028 ac
1827 4952 1902 5022 malt·

343 5090 406 5133 non
421 5070 562 5151 permitit
579 5086 636 5129 nos
651 5070 867 5149 tentarlsupra
880 5068 923 5146 id,
938 5069 1022 5149 quod
1035 5087 1108 5148 por·
1157 5084 1257 5147 gnum
1283 5067 1448 5129 artificium
1476 5086 1569 5129 nemo
1597 5084 1704 5148 aequus
1731 5064 1761 5124 ct
1785 5050 1903 5138 prudens

341 5170 408 5225 tare
429 5180 594 5244 possumus
619 5182 626 5222 :
650 5160 703 5222 sed
725 5160 815 5222 faciet
841 5180 913 5223 cum
942 5161 1109 5223 tentatione
1157 5160 1338 5222 laudaverit.
1352 5161 1426 5234 Quis
1440 5163 1523 5221 enim
1538 5161 1644 5237 nescit,
1657 5173 1751 5239 genus
1772 5152 1825 5211 hoc
1843 5154 1908 5201 aru*

341 5263 539 5335 proventum.
556 5254 637 5316 Talis
654 5254 821 5333 unicuique
842 5253 1109 5338 homini‘tentatio
1156 5250 1252 5313 tionis
1265 5267 1402 5332 pugnax,
1419 5257 1450 5312 et
1462 5251 1700 5326 contentiosum,
1714 5238 1792 5327 quod
1813 5237 1842 5297 in
1860 5245 1902 5291 Ν·

368 5463 377 5506 t
397 5459 478 5505 bibile
492 5461 531 5505 Gr.
545 5459 566 5502 et
579 5457 617 5502 tat.
629 5457 705 5502 arbe.
715 5452 812 5502 xvia-s
826 5454 890 5502 icor.
906 5460 969 5499 ne·
979 5456 994 5501 A
1006 5454 1060 5501 ilde
1070 5456 1115 5500 Pet.
1127 5462 1144 5500 t.
1153 5452 1171 5505 1,
1179 5452 1196 5509 i,
1209 5452 1236 5508 Χ,
1251 5466 1271 5501 e.
1283 5460 1328 5504 rvr,
1340 5452 1356 5509 s
1367 5450 1393 5498 ll
1406 5456 1428 5498 et
1440 5456 1485 5509 seq.
