4036 6162
539 332 914 419 neumnensium,
935 332 1008 402 tm.
1031 332 1072 414 n,
1094 330 1179 401 ase.
1200 339 1284 401 rur.
1644 330 1705 398 crs

99 500 248 584 imagine
273 500 343 583 Dei,
366 499 544 568 icontie
560 502 636 568 illic
655 503 722 583 Dei,
747 508 805 569 etc.
831 504 883 568 Sic
931 502 1068 585 indigere
1082 507 1119 565 nt
1133 502 1540 586 adnuunrchryscstcnos,
1555 498 1707 567 OEcurue·

99 608 177 675 ergo
194 602 229 659 ct
252 594 405 675 Curinus,
425 594 459 659 id
475 603 522 660 est
540 598 644 679 imago
664 597 730 673 Dei,
752 604 783 660 et
801 597 884 659 itlius
933 596 1016 672 nius,
1043 612 1079 657 ac
1104 594 1362 676 theophylactus.
1394 596 1482 658 Unde
1493 601 1605 656 nostra
1628 606 1702 657 cum

99 686 156 751 llei
184 689 230 751 nb
260 686 442 752 hominibus
468 690 641 771 inspicitur,
673 709 736 772 qua
762 696 885 771 poterat
934 689 1068 765 Ghn'sto,
1085 702 1143 749 nec
1157 704 1222 749 non
1235 700 1306 750 curn
1321 686 1384 749 Deo
1398 689 1487 748 Patre
1506 689 1703 766 consociatio,

99 778 216 844 sideri.
227 780 276 843 Et
289 780 358 844 ideo
371 780 529 862 fragilitas,
545 790 576 844 et
588 783 782 846 mediocritas
795 782 885 844 sortis
934 785 966 841 et
977 788 1073 853 ἔνωσις,
1089 789 1269 860 aconiaca,
1283 781 1343 841 hoc
1354 779 1509 841 estcoitio
1518 783 1551 840 at
1560 783 1702 859 repentio,

99 868 257 936 humanae
275 874 452 956 peripsum
471 874 578 952 alitur,
595 874 788 956 producitur,
809 876 886 936 eriu-
933 870 1704 949 utscrlhitOEcumanius,incredibiliterextoilitur.

100 968 208 1040 entur,
246 964 477 1046 utaliquando
505 967 607 1028 Deum
636 982 761 1046 quoque
782 966 886 1046 ipsum
934 965 1054 1044 Quippe
1077 965 1287 1026 Theodoretus
1308 965 1391 1025 istud
1411 964 1559 1025 etiamad
1580 963 1705 1025 Patrem

100 1054 246 1133 Patrem,
266 1058 395 1120 adsueta
409 1056 522 1121 lilium
539 1059 726 1140 conspicere,
743 1058 838 1138 possit
851 1062 887 1119 ut
933 1056 1039 1130 refert,
1065 1061 1096 1118 et
1120 1057 1230 1118 eodem
1252 1070 1345 1119 sensu
1368 1058 1489 1118 dictum
1513 1072 1578 1117 esse
1601 1058 1702 1135 putet,

100 1148 322 1213 munere.»
934 1164 998 1228 quo
1025 1148 1157 1209 alterum
1185 1146 1292 1224 illud3
1338 1153 1413 1214 Com
1452 1152 1550 1208 autem
1576 1146 1707 1228 euojecra

137 1240 213 1305 vll.
233 1242 329 1304 Hanc
341 1241 506 1305 hominum
519 1242 662 1305 omnium
681 1243 886 1306 arctissimam
932 1241 1047 1321 fuerint
1062 1240 1114 1301 illi
1126 1246 1236 1315 omniu,
1249 1246 1318 1301 tunc
1331 1248 1359 1302 et
1375 1242 1435 1321 ipse
1445 1238 1543 1301 Filias
1555 1236 1706 1318 subjectus

101 1348 172 1397 orm
186 1334 260 1397 Deo
275 1335 540 1414 conjunctionem,
556 1350 730 1415 quarinum
745 1353 817 1397 cum
831 1336 886 1396 ilio
934 1333 994 1394 err't
1019 1334 1059 1409 ei,
1082 1334 1135 1414 pur'
1153 1333 1279 1414 subjecit
1301 1333 1357 1394 ceti
1380 1333 1490 1404 omnio,
1513 1338 1548 1392 ut
1563 1331 1605 1391 sii
1629 1330 1707 1391 Deus

101 1426 191 1503 tunt,
200 1444 246 1490 ex
260 1428 479 1490 incarnatione
491 1444 643 1505 manasse,
653 1446 688 1489 uc
700 1428 895 1508 primarium
934 1426 1034 1487 omnio
1058 1426 1091 1487 in
1115 1423 1249 1486 omnibus
1263 1422 1286 1485 ⁸.
1308 1426 1444 1503 Ideoque
1470 1424 1598 1503 pienum
1623 1423 1706 1485 iilius

100 1518 193 1599 hujus
209 1536 344 1599 scopum
356 1518 460 1592 tuisse,
478 1520 647 1600 finemque,
668 1520 806 1581 Christus
819 1521 885 1601 ipsc
933 1518 1062 1578 unitatis
1076 1517 1221 1578 effectum
1233 1516 1359 1579 nonnisi
1371 1519 1405 1578 in
1417 1517 1515 1577 altera
1532 1516 1608 1589 rita,
1625 1523 1708 1595 post·

101 1610 238 1693 loquens
260 1612 308 1673 ite
330 1611 501 1687 significan
521 1610 560 1674 Ut
582 1628 677 1673 omna
698 1628 792 1673 unum
813 1614 882 1681 sict,
935 1625 996 1689 que
1017 1611 1128 1671 mrrndi
1146 1610 1254 1686 tinem,
1278 1622 1313 1671 ac
1328 1610 1482 1688 judicium
1499 1609 1566 1670 iore
1587 1607 1701 1671 credit:

101 1706 179 1766 ursa
192 1712 246 1780 tu,
264 1704 359 1766 Pater
372 1708 405 1765 in
418 1722 464 1765 me
477 1711 503 1764 et
516 1720 566 1784 epo
580 1704 613 1764 in
627 1710 674 1765 tc:
691 1713 724 1764 ct
738 1709 766 1765 et
780 1705 839 1785 ipsi
852 1704 886 1764 iu
934 1702 1018 1782 quod
1040 1703 1134 1763 etiam
1157 1720 1250 1783 supra
1271 1702 1310 1763 de
1331 1707 1397 1762 tcto
1417 1718 1531 1781 genere
1547 1716 1583 1763 ac
1602 1700 1706 1765 fructu

101 1796 183 1858 miti
194 1812 298 1858 unum
314 1795 392 1857 aiut:
421 1801 455 1856 ut
468 1794 567 1857 credat
579 1794 703 1857 mandra
711 1796 784 1878 puta
798 1802 830 1856 tu
841 1812 887 1857 me
933 1790 1156 1873 redemptionis
1175 1794 1403 1873 usurpavimus.

101 1886 250 1950 uterer.
268 1886 361 1950 »Ubi
373 1893 439 1949 tam
452 1888 575 1949 intense
588 1902 690 1949 unum
704 1902 886 1968 esse,quam
978 1907 994 1943 r
1006 1887 1075 1945 Non
1093 1903 1166 1964 ergo
1190 1891 1237 1947 est
1260 1886 1402 1961 dubium,
1414 1886 1458 1947 ait
1480 1887 1540 1947 Leo
1564 1900 1707 1949 sermons

102 1998 175 2044 cum
194 1978 280 2058 Deo,
299 1976 408 2041 fideles
425 1984 531 2061 optat3
546 1979 641 2061 idque
659 1981 698 2041 ad
717 1994 884 2060 argumen-
934 1990 985 2038 ιιιν
995 1976 1031 2037 de
1042 1977 1192 2047 Poeticae,
1203 1984 1350 2038 naturam
1359 1978 1531 2038 humanam
1542 1978 1575 2038 in
1586 1984 1707 2040 tantam

101 2078 170 2135 tum
195 2072 309 2134 valere
332 2072 503 2136 divinitatis
529 2090 605 2148 scre,
631 2090 666 2134 ac
691 2072 846 2134 missionis
866 2088 886 2133 a
934 2070 1160 2130 connexionem
1173 2088 1193 2130 a
1206 2069 1286 2129 Filio
1307 2070 1361 2131 ilei
1384 2084 1449 2130 esse
1467 2075 1650 2148 susceptam,
1672 2076 1707 2133 ut

104 2162 211 2228 Patre.
222 2164 333 2246 ltaque
347 2163 381 2226 in
391 2182 465 2227 eum
474 2162 571 2227 tinem
580 2167 691 2227 missus
702 2164 741 2225 sit
750 2166 882 2245 oportet.
934 2174 999 2221 non
1016 2161 1118 2222 solum
1133 2162 1167 2221 in
1181 2161 1235 2223 illo
1253 2159 1391 2234 homine,
1414 2162 1470 2240 qui
1487 2166 1533 2222 est
1549 2163 1705 2242 primoge·

144 2256 404 2338 speculariam
419 2257 579 2319 uns'ticoem
605 2256 701 2333 iilam,
717 2257 767 2318 rel
781 2256 884 2318 unito·
933 2254 1019 2313 nitus
1030 2254 1125 2314 totius
1150 2259 1311 2330 creaturae,
1328 2253 1381 2315 sed
1395 2254 1489 2315 etiam
1502 2255 1535 2314 in
1558 2254 1705 2316 omnihus

106 2353 184 2422 tan,
202 2367 276 2428 quar
288 2356 334 2410 est
345 2349 511 2410 hominum
521 2348 665 2424 invicem,
679 2352 711 2409 et
724 2364 796 2409 cum
807 2349 882 2422 Deo,
934 2346 1046 2406 mactis
1069 2348 1132 2407 suis
1165 2362 1266 2422 unus,
1292 2346 1446 2425 *idemque
1482 2345 1522 2407 sit
1555 2347 1704 2410 Christus.

103 2456 175 2502 non
187 2440 295 2502 minus
311 2440 431 2516 crebra,
452 2454 547 2520 quam
560 2439 653 2521 piena
660 2440 830 2519 gravitatis,
854 2443 886 2501 ct
935 2439 1081 2513 Quamvis
1094 2438 1177 2500 enim
1192 2454 1257 2498 non
1271 2437 1359 2499 istius
1371 2437 1444 2499 ritae
1472 2438 1521 2512 sit,
1535 2440 1589 2499 scd
1616 2444 1708 2500 reter-

103 2532 211 2594 soiatii
239 2528 380 2594 oratione
405 2533 577 2613 predicat:
598 2532 675 2593 dum
700 2549 757 2593 nos
783 2548 885 2592 unum
934 2545 995 2605 nse,
1021 2534 1056 2591 ut
1076 2530 1115 2591 sit
1137 2531 1222 2591 Deus
1244 2530 1352 2590 omnia
1366 2532 1399 2590 in
1421 2529 1584 2606 omnibus3
1600 2536 1706 2593 tamen

103 2621 209 2687 nuere
226 2640 349 2704 corpus,
366 2628 398 2686 et
417 2624 555 2704 ejusdem
572 2642 638 2686 esse
656 2623 798 2684 membra
819 2638 884 2684 cor·
934 2623 1028 2684 etiam
1050 2623 1143 2683 modo
1164 2622 1271 2702 tempii
1298 2623 1358 2697 sni,
1383 2618 1468 2702 quod
1490 2628 1536 2684 est
1559 2622 1704 2703 Ecclesia,

103 2715 329 2798 porisasserit,
343 2715 432 2795 cujus
444 2720 535 2798 caput
551 2718 596 2777 cst
619 2713 789 2790 Cirr'stus‘,
809 2719 886 2776 utet
933 2714 1084 2775 indivisus
1097 2714 1318 2775 habitatorest.
1341 2734 1356 2772 r

107 2806 229 2871 curati
260 2806 351 2870 Deus.
384 2809 423 2869 ln
456 2806 587 2887 epistola
619 2805 660 2869 od
693 2806 837 2868 Romame
860 2805 882 2880 ⁸,
974 2806 1057 2866 VIII.
1088 2806 1188 2887 litqrm
1212 2806 1393 2885 hujusmodi
1406 2807 1533 2887 quidem
1555 2820 1628 2868 eum
1642 2809 1705 2870 Deo

104 2896 213 2977 ncta,
243 2896 358 2979 inquit,
375 2916 469 2961 unum
482 2918 585 2981 corpus
594 2899 736 2961 manneio
756 2896 883 2976 Christo,
934 2898 1126 2977 copulationi
1159 2897 1236 2958 iliud
1266 2905 1311 2959 est
1337 2903 1593 2974 cousentaneum,
1620 2900 1705 2978 quod

103 2990 223 3072 sinpuii
243 3000 343 3052 autem
363 2989 443 3052 ulter
463 2990 591 3053 ulterius
609 2991 738 3052 mecca
753 3008 780 3051 ν.
797 2990 886 3063 Quod
934 2990 1108 3070 complures
1126 2995 1266 3051 asserunt
1284 2989 1416 3070 antiqui,
1432 2990 1487 3051 Dei
1508 2990 1620 3051 Filium
1641 3006 1705 3052 uno

105 3086 200 3145 etiam
211 3084 343 3145 uberius
352 3085 480 3163 exponit
489 3081 522 3143 in
532 3081 681 3163 prioreud
690 3080 883 3144 corinthios.
932 3083 1080 3161 singulari
1108 3087 1265 3162 assumpto
1301 3082 1441 3159 homine,
1471 3092 1507 3143 ut
1532 3083 1705 3162 loquuntur

104 3174 140 3237 lit
161 3176 205 3237 ad
232 3174 381 3255 Ephesios
405 3174 558 3250 scribens,
587 3174 719 3256 Ipsum,
744 3174 846 3253 inquit
860 3171 882 3247 ⁸,
934 3173 1013 3253 ipsi3
1029 3173 1079 3234 vel
1101 3179 1213 3234 natura
1232 3174 1337 3254 potins
1362 3190 1400 3235 ex
1423 3175 1606 3250 innumeris,
1628 3192 1703 3253 una,

103 3264 188 3330 dedit
212 3275 302 3349 ceput
320 3284 412 3348 aspra
438 3282 550 3328 omnem
573 3262 747 3334 Ecclesiam,
763 3282 830 3346 quer
843 3272 885 3325 eet
933 3270 1032 3325 totam
1045 3266 1245 3345 assumpsisse
1259 3267 1403 3346 speciem,
1420 3271 1451 3326 et
1467 3284 1575 3327 omnes
1595 3284 1631 3328 ae
1645 3269 1705 3328 sin·

104 3374 216 3441 corpus
231 3359 335 3439 ipsius,
357 3362 387 3419 et
400 3356 550 3439 plenitudo
567 3358 640 3439 ejus,
663 3358 719 3438 pru'
736 3360 833 3417 omneis
853 3356 885 3416 ι’νι
933 3358 1023 3436 gulos
1035 3357 1378 3433 homines,iueamdem
1393 3359 1705 3437 quodammodocou·

104 3451 246 3512 comibus
268 3449 423 3530 adimplet.
443 3452 517 3524 Quae
527 3450 621 3510 verba
642 3449 748 3510 divino
769 3448 883 3524 afflata,
930 3448 1128 3527 junctionem
1161 3450 1324 3529 accepisse.
1363 3449 1549 3511 Athanasius
1595 3456 1703 3531 certe,

105 3543 310 3622 animataque
336 3539 456 3622 spiritu,
481 3540 610 3603 mirifice
633 3540 885 3619 conjunctionem
938 3554 1040 3601 ccum
1065 3540 1167 3602 Verbo
1195 3556 1253 3602 nos
1280 3538 1376 3602 etiam
1402 3543 1562 3622 copulatos
1578 3543 1701 3604 fuisses

106 3632 206 3703 issam,
229 3638 260 3695 et
277 3634 425 3694 humanae
443 3648 500 3713 per
518 3631 765 3694 incarnationem
782 3631 883 3707 digni-
933 3632 1026 3708 dicit;
1042 3638 1135 3713 atque
1143 3632 1184 3694 ita
1192 3650 1264 3694 cum
1273 3635 1337 3695 ileo
1350 3651 1467 3695 «naxos
1476 3634 1560 3696 haud
1572 3630 1706 3715 amplius

105 3726 177 3787 istis
190 3723 409 3785 excellentiam
423 3723 591 3785 illustrant.
607 3724 686 3785 Nam
698 3727 734 3784 ut
744 3724 884 3784 humano
932 3726 967 3786 iu
991 3726 1073 3786 terra
1087 3724 1231 3787 manere⁸
1248 3742 1273 3786 ,ν
1297 3728 1337 3786 Et
1363 3726 1397 3787 in
1424 3728 1565 3788 oratione
1592 3730 1705 3806 quarta

105 3816 139 3877 io
159 3830 313 3896 corpore,
330 3815 356 3876 si
376 3814 478 3876 solum
499 3817 537 3876 sit
557 3821 661 3895 caput,
682 3833 718 3876 ac
743 3814 885 3876 membra
933 3817 1046 3878 eximie
1071 3818 1177 3879 locum
1201 3817 1286 3879 hunc
1309 3824 1485 3899 pertractat,
1510 3819 1564 3879 ille
1591 3819 1704 3879 Christi

106 3906 225 3984 desint,
245 3906 295 3968 rel
316 3907 431 3981 omnis,
453 3907 504 3968 uel
525 3907 640 3987 aliqua,
666 3914 758 3989 caput
782 3908 884 3986 ipsum
933 3909 1028 3971 verba
1039 3909 1206 3989 explicans,
1232 3927 1300 3989 que
1314 3911 1407 3989 paulo
1432 3915 1505 3970 aute
1530 3910 1639 3989 posui:
1663 3909 1705 3971 Ut

107 3998 268 4071 mutilum,
285 3997 502 4078 deiectumque
517 4004 662 4060 censetur
676 4018 686 4060 .·
700 3998 845 4079 idemque
859 4000 885 4059 si
934 4020 1028 4062 omues
1040 4002 1099 4062 sciet
1112 4021 1226 4070 unum
1238 4006 1357 4062 sicutte
1368 4002 1400 4061 in
1409 4014 1464 4075 me,
1477 4008 1504 4062 et
1514 4018 1568 4082 epo
1579 4005 1613 4062 to
1625 3999 1699 4064 telo

107 4091 254 4153 membra
276 4096 419 4152 constent
442 4088 573 4171 reliqua,
599 4091 728 4171 plenum
752 4095 783 4151 et
804 4091 883 4152 inte-
934 4094 1008 4166 Quae
1022 4094 1066 4155 sic
1079 4099 1214 4155 enarrat.
1234 4094 1316 4156 «Uti
1335 4097 1485 4172 tanquam
1499 4106 1607 4154 omnes
1619 4112 1639 4155 a
1651 4108 1703 4157 me

108 4198 204 4259 grum
217 4183 352 4245 habetur
367 4202 374 4243 ε
390 4183 436 4244 ita
446 4182 587 4245 Christus
596 4182 767 4245 seeundum
780 4183 884 4244 omnia
933 4185 1044 4265 gestari
1059 4232 1067 4261 ,
1085 4200 1194 4247 omnes
1224 4200 1326 4246 uuum
1353 4186 1416 4246 sint
1429 4200 1554 4264 corpus,
1577 4190 1608 4246 et
1618 4202 1702 4248 unus

108 4274 253 4336 membra
269 4276 305 4336 in
322 4275 469 4335 omnibus
486 4275 640 4349 fidelibus,
660 4280 691 4336 et
702 4294 758 4355 per
777 4293 885 4336 omnes
933 4277 1070 4356 spiritus,
1089 4284 1120 4337 et
1134 4278 1168 4338 in
1181 4277 1286 4338 virum
1299 4276 1470 4356 perfectum
1480 4283 1665 4339 occunanr.
1681 4299 1698 4336 u

109 4362 483 4443 adimpletumtluccirca
493 4364 885 4447 Christusipse,quaeaput
934 4368 973 4429 Et
987 4373 1115 4447 postea:
1136 4373 1202 4429 cut
1230 4368 1275 4429 dii
1309 4367 1419 4445 effecti,
1446 4386 1546 4430 unum
1576 4371 1639 4431 sint
1666 4370 1701 4432 in

109 4462 156 4520 est
169 4474 235 4518 non
248 4459 342 4519 totius
352 4458 446 4519 modo
459 4458 572 4538 reliqui
585 4458 735 4538 corporis,
751 4460 801 4519 sed
818 4456 883 4519 siu·
932 4458 1066 4520 nobis‘i.»
1084 4461 1121 4520 Et
1133 4458 1219 4535 aiibi,
1237 4482 1253 4519 ν
1264 4476 1321 4520 nos
1332 4459 1429 4521 verbo
1439 4460 1477 4521 de
1492 4460 1568 4522 coelo
1576 4461 1701 4543 delapso

110 4550 258 4628 gulosum
272 4549 368 4611 eliam
391 4549 544 4629 fidelium,
564 4551 650 4612 velut
669 4548 883 4613 membrorum
933 4550 1124 4632 conjunctos,
1153 4552 1187 4613 in
1201 4550 1313 4614 amium
1340 4551 1380 4614 ab
1405 4551 1471 4632 ipso
1494 4548 1698 4615 subvectos»

146 4754 170 4794 a
189 4738 287 4794 Crura.
302 4738 379 4795 hom.
408 4754 439 4794 ιιι
457 4738 488 4794 in
511 4752 555 4807 ep.
585 4735 628 4794 ad
654 4735 732 4809 Eplc.
756 4737 885 4809 Πλήρωμά
969 4740 1218 4796 cisrenanis.
1243 4738 1302 4794 Ἵνα
1330 4740 1364 4802 ὡς
1383 4741 1471 4803 πάντες
1491 4742 1629 4813 φορεθιντνς
1641 4741 1700 4816 παρ’

110 4840 171 4892 φησι
188 4823 309 4876 muricus
328 4814 383 4875 olor
402 4820 494 4892 κεφαλὴ
508 4821 643 4893 πληροῦται
660 4821 727 4893 παρὰ
740 4824 784 4873 τοῦ
800 4820 884 4891 σώμα-
933 4820 999 4892 ipsi,
1013 4824 1101 4885 πάντες
1110 4816 1170 4877 ὦσιν
1180 4824 1205 4877 ἓν
1220 4829 1304 4895 σῶμα,
1316 4825 1357 4876 καὶ
1366 4823 1391 4877 ἓν
1405 4817 1511 4897 πνεῦμα,
1525 4825 1566 4878 καὶ
1581 4823 1614 4888 εἰς
1623 4824 1699 4899 ἄνδρα

111 4922 165 4966 τος·
191 4903 288 4977 &trip
303 4904 402 4958 πάντων
427 4909 507 4976 μερῶν
528 4906 558 4958 τὸ
584 4910 659 4976 σῶμα
679 4903 819 4971 συνέστηκε,
844 4903 883 4955 καὶ
931 4904 1023 4958 τέλειον
1037 4907 1217 4973 mentiemur.

113 4985 167 5048 ἰνὸς
178 4985 276 5042 laium
290 4989 444 5061 macter
461 4992 516 5050 πῶς
535 4986 608 5042 αὐτὸν
626 4991 696 5060 κοινῇ
709 4986 807 5040 πάντων
821 4986 883 5058 xpp·
966 4987 988 5042 d
1006 4988 1076 5044 ibid.
1098 4987 1175 5042 Ἀλλὰ
1188 4989 1228 5042 καὶ
1242 4989 1422 5057 θεοποιηθέντες
1435 4992 1461 5043 ἓν
1476 4978 1536 5044 ὦσιν
1551 4988 1576 5043 ἔν
1590 4986 1660 5062 ἡμῖν.

112 5072 194 5132 ζοντα
208 5068 301 5142 εἰσάγει.
966 5070 1067 5127 albin.
1092 5071 1160 5126 Ἀλλ’
1183 5072 1217 5135 ὣς
1238 5078 1275 5144 νῷ
1291 5070 1315 5134 ἐξ
1333 5072 1443 5145 οὐρανῶν
1457 5073 1527 5146 λόγῳ
1541 5073 1697 5144 συναφθέντες

149 5151 169 5207 ὁ
189 5151 287 5208 Λτιιιι.
303 5167 343 5209 οι.
360 5168 401 5207 ιιι.
417 5152 465 5205 Καὶ
478 5153 567 5207 larris
579 5153 733 5224 surripique
754 5153 794 5206 rai
809 5149 881 5223 ἡμεῖς
930 5150 963 5217 εἰς
977 5152 1078 5228 οὐρανὸν
1091 5154 1234 5229 &saxisque
1248 5154 1307 5227 παρ’
1321 5149 1406 5211 αὐτοῦ.

111 5239 151 5305 τῷ
175 5232 253 5305 λόγῳ,
267 5236 433 5308 wmarus,
447 5235 474 5290 ti
487 5241 524 5309 τῷ
545 5236 603 5308 Θεῷ,
628 5234 709 5290 οὐκέτι
725 5234 767 5307 μὲν
783 5232 882 5308 leniris

142 5482 155 5525 s
172 5481 234 5527 mr.
244 5493 295 5536 rm,
305 5466 405 5531 sss-rr
419 5484 506 5535 amn,
517 5486 590 5530 r.-s
601 5484 660 5530 nm.
673 5496 713 5537 ru,
724 5484 796 5533 ιι-ι
809 5483 879 5531 soor.
892 5483 982 5530 urus
995 5482 1050 5537 ses.
1061 5494 1077 5532 ι.
1089 5481 1177 5529 asur
1190 5481 1201 5527 1
1213 5483 1263 5529 sor.
1272 5488 1309 5535 ιν,
1318 5481 1402 5529 ιιι-ιν
1412 5482 1476 5528 run.
1488 5480 1601 5532 necas
