3994 6164
352 264 411 326 212
863 266 1187 329 TflneluotcoRUrl
1207 265 1425 330 beautron

353 438 451 494 meret
462 439 667 511 assumptum.
687 454 699 491 r
718 434 805 494 Hanc
817 432 961 494 haeresim
975 435 1013 494 ex
1032 432 1120 493 Pela·
1169 431 1296 493 scribit:
1323 453 1339 491 u
1359 433 1557 511 Hosquoque
1570 429 1754 507 herretieos‘,
1768 430 1903 509 dequibus

352 525 444 604 giano
475 543 579 587 errore
612 525 804 586 descendisse
828 542 901 585 mox
927 525 990 599 ait;
1026 524 1120 604 idque
1168 541 1237 594 nos,
1262 522 1346 584 velut
1373 541 1493 598 eorum,
1508 541 1578 602 quae
1594 528 1678 601 gesta
1699 527 1777 596 sunt,
1792 521 1899 595 nescim,

352 615 486 677 declaret
498 617 542 677 sio
558 636 564 677 :
586 636 602 674 e
615 617 700 696 quod
718 617 853 677 dicentes
876 616 1002 695 quidem
1016 615 1118 676 solita-
1169 615 1329 675 consulere
1342 615 1477 683 voluisti,
1498 614 1620 674 sedibus
1632 614 1811 692 eadsinjusta
1821 613 1902 674 diren-

352 707 435 767 rium
462 708 622 769 hominem
648 709 757 769 iesum
784 708 939 768 Christum
964 711 1029 768 stne
1056 706 1121 767 ulla
1168 711 1225 779 tes,
1234 706 1703 786 expulitjustadamhatio.0uos
1711 705 1902 766 illicinvenisse

351 798 468 877 peceati
482 801 665 879 contagione
678 800 802 873 vixisse,
818 818 855 860 eo
867 799 1022 878 progressi
1033 805 1116 872 sunt,
1169 799 1392 877 requiemnon
1405 803 1551 878 putamus
1560 816 1625 859 esse
1638 796 1816 859 mnandum.
1830 798 1902 857 Inve-

352 896 389 951 ut
409 899 590 968 assererent,
611 892 767 967 homines,
786 892 812 951 si
834 892 941 967 velint,
964 890 1030 951 sine
1043 910 1118 971 pec·
1168 896 1283 950 nerunt
1303 891 1389 952 enim
1413 890 1543 970 impiam
1570 889 1820 970 praedicationem,
1834 889 1903 966 cujus
1970 952 1971 957 ,

352 988 419 1043 erto
438 1001 503 1044 esse
523 1001 621 1063 posse.
642 983 839 1062 Consequens
858 983 943 1044 enim
963 982 1121 1043 existima·
1168 983 1400 1061 comparatione
1414 981 1827 1063 seaestimentinnocentes.s

350 1074 436 1152 bant,
458 1082 494 1135 ut
518 1075 543 1135 si
568 1075 663 1135 homo
687 1075 842 1135 soliterius
864 1075 953 1134 Jesus
981 1074 1119 1135 Christus
1208 1076 1253 1134 Ac
1276 1074 1411 1134 vicissim
1445 1073 1603 1153 Pelagiani
1635 1073 1782 1146 Nestoris,
1809 1077 1836 1132 et
1853 1071 1905 1150 ejus
1970 1110 1971 1115 κ

350 1167 416 1228 sine
430 1172 554 1246 peccato
572 1166 690 1240 fuisset,
705 1185 813 1227 omnes
836 1185 961 1245 quoque
973 1165 1119 1227 homines
1168 1164 1382 1226 defensoribus
1394 1164 1518 1226 fidelem
1528 1182 1655 1244 operam
1665 1163 1905 1225 navaruntadver·

349 1260 415 1320 sine
430 1259 485 1319 Dei
504 1259 658 1337 adjutorio
673 1276 738 1319 esse
751 1259 878 1338 possint,
900 1257 1051 1337 quidquid
1066 1257 1119 1319 ille
1168 1274 1220 1317 sus
1247 1257 1429 1330 Catholieos,
1449 1261 1481 1317 et
1494 1255 1681 1333 Ephesinam
1704 1255 1864 1335 synodum3
1881 1258 1905 1314 et

348 1350 849 1412 homoeolitariussineconsortio
863 1349 1119 1429 batessepotuis
1166 1347 1281 1409 loanni
1304 1348 1495 1409 Antiocheno
1528 1365 1602 1409 eum
1632 1347 1835 1409 Orientalibus,
1856 1344 1905 1405 suis

349 1448 407 1503 set.
425 1443 468 1502 Ac
479 1440 504 1502 si
516 1441 637 1517 nullam
645 1442 782 1503 fecerent
794 1442 1009 1503 interamnem
1019 1440 1119 1501 homi·
1167 1439 1252 1500 illam
1268 1440 1471 1521 oppugnanti,
1482 1458 1518 1501 ae
1527 1440 1688 1502 damnanti
1701 1444 1806 1519 presto
1819 1436 1904 1498 adfue-

349 1551 433 1609 nem,
449 1534 664 1594 aeDominum
677 1538 820 1594 noshum
838 1534 946 1594 desum
961 1533 1118 1593 Christum
1167 1537 1242 1592 runt
1275 1532 1310 1592 in
1343 1532 1496 1611 Ephesino
1530 1530 1750 1606 conciliabulo,
1773 1536 1805 1590 ut
1832 1546 1906 1607 supra

349 1643 414 1686 esse
428 1624 604 1686 distantiam
616 1645 623 1686 ε
635 1625 800 1686 cumidem
813 1625 919 1704 utique
926 1625 1021 1685 homo
1032 1624 1116 1699 nisu,
1168 1623 1322 1685 memini⁸.
1337 1625 1382 1685 Ex
1393 1642 1455 1703 quo
1465 1642 1528 1684 una
1537 1641 1609 1686 eum
1618 1622 1794 1685 Nestoriana
1804 1619 1904 1693 heresi,

349 1723 442 1796 atque
474 1717 627 1777 industria
656 1735 712 1777 sua
746 1717 858 1778 mereri
891 1717 1000 1796 possit,
1034 1715 1118 1795 quod
1168 1716 1311 1777 damnari
1332 1716 1427 1777 etiam
1450 1716 1617 1794 Pelagiana
1638 1715 1752 1777 meruit
1766 1714 1798 1774 in
1820 1713 1906 1773 eaden

350 1808 487 1869 Christus
500 1809 614 1885 studio,
628 1827 664 1869 eo
676 1808 964 1871 laboremeruisset.
979 1830 994 1866 a
1012 1807 1115 1882 Addit,
1170 1807 1312 1887 synodo,
1337 1825 1374 1868 ec
1400 1807 1522 1869 duobus
1535 1807 1574 1868 ab
1588 1825 1625 1868 aa
1638 1812 1744 1868 notata
1764 1802 1907 1866 canonibus

349 1900 473 1961 eosdem
499 1900 642 1976 sensisse,
660 1921 676 1958 u
698 1901 853 1961 Christum
870 1900 956 1961 hune
977 1900 1011 1960 in
1024 1918 1117 1960 mun-
1171 1905 1228 1973 est,
1253 1900 1368 1979 primo,
1388 1905 1420 1959 et
1446 1904 1568 1979 quarto,
1584 1904 1620 1959 ut
1632 1898 1747 1959 ibidem
1761 1894 1907 1957 observari·

348 1992 424 2052 dum
450 2010 515 2053 non
545 1993 584 2052 ad
609 1992 818 2071 praetendam
845 1992 982 2052 humano
1011 1991 1119 2070 generi
1169 2008 1251 2053 mus.
1260 1993 1296 2051 Et
1311 1991 1344 2052 in
1358 1992 1488 2072 epistola
1501 1990 1646 2070 synodali
1660 1990 1700 2050 ad
1709 1983 1905 2059 Ccelestinun',

347 2084 614 2163 redemptionem,
648 2085 702 2145 sed
717 2084 756 2144 ad
770 2084 935 2162 praebenda
961 2084 1118 2145 bonorum
1168 2090 1523 2162 quaererumgestarum
1532 2082 1645 2144 seriem
1654 2082 1908 2156 confinetmsrrsnt

348 2183 475 2237 actuum
493 2176 635 2255 exempla
653 2176 812 2237 venisse.»
834 2178 927 2252 Tum,
947 2197 960 2233 a
983 2176 1117 2237 Addide-
1170 2175 1279 2236 Patres
1305 2194 1337 2236 se
1363 2175 1595 2243 commentariis
1620 2180 1761 2236 uotorum
1786 2172 1816 2233 in
1835 2186 1908 2232 muse

347 2275 434 2342 runt,
450 2268 562 2345 inquit,
578 2268 759 2343 Dominum,
776 2268 1030 2347 Salvatoremquc
1043 2286 1116 2329 nos·
1168 2261 1909 2345 Pelagiauorum‚etCoelestianorum‚aenonnullo

347 2365 433 2420 hum
450 2365 519 2440 post
540 2360 694 2439 baptisma
716 2359 835 2420 factum
856 2377 921 2421 esse
937 2360 1115 2435 Christum,
1167 2376 1239 2419 rum
1253 2359 1454 2438 depositione,
1463 2359 1616 2440 perlectis,
1625 2377 1663 2420 ea
1677 2356 1909 2438 rateprobataque

347 2460 416 2530 post
424 2453 682 2512 resurrectionem
692 2453 806 2526 Deum3
822 2451 954 2512 alterum
962 2451 1117 2530 assignan·
1167 2449 1323 2511 habuisse.
1898 2515 1903 2526 ,

350 2547 395 2603 tes
408 2543 565 2603 unctionis
586 2544 746 2622 mysterio,
767 2541 900 2603 alterum
918 2544 1030 2604 merito
1048 2561 1118 2624 pas·
1200 2543 1254 2603 111.
1266 2543 1411 2604 Meminit
1422 2544 1456 2605 in
1463 2543 1600 2604 carmine
1610 2541 1647 2603 de
1659 2539 1786 2624 lupata
1798 2541 1909 2617 Prosper

230 2704 234 2713 ,
348 2635 454 2696 sionis.
472 2655 487 2692 a
1167 2636 1406 2711 Pelagianorum
1425 2637 1506 2697 male
1526 2635 1709 2696 habitorum
1731 2623 1808 2714 apud
1826 2630 1909 2710 Ephe·

389 2728 431 2786 ΙΙ.
448 2725 639 2787 {demetiam
652 2725 686 2785 in
699 2725 808 2806 quinto
829 2725 911 2785 libro
938 2723 1116 2802 confirmat,
1167 2745 1258 2789 sum:
1273 2733 1304 2788 et
1317 2729 1350 2788 in
1364 2728 1435 2788 illos
1448 2727 1597 2789 Catholici
1618 2726 1767 2788 commoti
1787 2719 1893 2805 populi:

348 2819 562 2879 Nestorianam
575 2818 719 2879 haeresim
736 2835 808 2880 eam
826 2816 989 2895 Pelagiana
1000 2816 1118 2896 conspi-
1970 2874 1971 2877 ,

347 2928 433 2971 rare:
452 2932 468 2969 u
489 2916 525 2970 ut
542 2910 666 2971 exclusa
687 2910 727 2971 ab
749 2910 868 2971 Christo
883 2909 1005 2989 penitus
1023 2926 1117 2970 sacroe
1212 2909 1786 2992 «Praetereoquantofuerithenemota
1794 2903 1910 2968 tumultu

348 3002 476 3082 originis
508 3001 697 3080 dignitate²‚
741 3002 805 3063 sola
839 3001 868 3061 ai
901 3001 1117 3062 tantummodo
1168 3004 1255 3065 (liare
1288 3005 1446 3082 Ephesos3
1473 3021 1538 3065 non
1565 3021 1657 3083 pessa
1683 3002 1747 3063 suis
1768 2998 1910 3062 consistere

348 3094 532 3154 meritorum
550 3093 778 3172 relinqueretur
794 3093 910 3155 electio.
927 3093 1116 3155 Idadniten·
1686 3123 1687 3126 κ
1819 3086 1909 3169 [testis]

349 3189 393 3245 tes
405 3185 524 3264 utique,
540 3203 576 3246 ao
593 3184 779 3260 laborantes,
797 3191 832 3247 ut
846 3204 882 3246 eo
898 3186 986 3265 quasi
1008 3186 1041 3246 in
1054 3186 1119 3266 ple·
1166 3189 1248 3249 Vasa
1269 3187 1335 3266 iree,
1350 3193 1382 3250 et
1395 3187 1499 3250 morbi
1512 3188 1616 3265 fletus,
1632 3193 1667 3248 et
1683 3179 1908 3249 seminamortis.

348 3275 421 3337 bem
445 3277 588 3337 omnium
617 3277 723 3353 misso,
754 3283 786 3338 et
819 3277 905 3339 velut
932 3277 965 3337 in
991 3277 1117 3339 turbam

348 3368 479 3429 humani
495 3369 616 3448 generis
639 3375 817 3448 aggregato,
838 3370 870 3430 id
891 3388 946 3449 per
960 3369 1117 3432 bonorum
1206 3373 1305 3445 Quam
1331 3377 1437 3432 autem
1464 3370 1673 3447 consentiens,
1702 3369 1852 3447 affinisque
1879 3360 1911 3423 sit

348 3467 476 3521 actuum
486 3460 750 3522 conversationem
762 3462 875 3522 mereri
888 3480 996 3523 omnes
1012 3462 1114 3523 homi-
1165 3463 1355 3525 Nestorianee
1370 3462 1535 3542 Pelagiene
1546 3461 1688 3541 perfidia,
1706 3462 1794 3524 docet
1804 3455 1910 3521 idemin

348 3570 404 3614 nes
417 3556 504 3631 pdsse
514 3553 661 3628 dicerent,
673 3553 824 3632 quidquid
833 3553 1050 3615 benevivendo
1064 3554 1116 3616 ille
1164 3554 1328 3636 Epitaphio
1341 3555 1519 3635 utriusque:

348 3645 551 3708 meruisset.»
578 3645 658 3705 Hine
678 3644 754 3704 illud
778 3663 842 3706 esse
866 3645 983 3722 doeet³,
1003 3668 1018 3705 u
1032 3648 1116 3726 quod

347 3736 1116 3816 intercessionibussuisPelagienistarumquerelas
1211 3739 1430 3801 uNestoriana
1441 3738 1509 3800 lues
1521 3739 1655 3801 successi
1663 3739 1837 3818 Pelagiauae,

347 3830 498 3898 foverent,
513 3834 543 3890 et
557 3829 679 3909 scriptis
696 3829 759 3889 suis
772 3847 879 3890 causas
892 3830 1019 3891 illorum
1033 3849 1114 3893 asse-
1167 3831 1241 3904 Quae
1257 3837 1362 3893 temen
1375 3839 1422 3893 est
1431 3836 1519 3892 utero
1534 3838 1740 3912 progenerata
1751 3847 1826 3891 meo.

346 3927 489 3983 rorent»
1206 3924 1317 3985 Infelix
1328 3923 1448 3984 miserae
1461 3923 1607 4002 genitrix,
1629 3924 1836 3993 etfilisnatae,

176 4028 322 4094 ntegrapa
387 4015 468 4074 Sane
483 4012 675 4092 Pelagianos,
693 4032 729 4074 eo
745 4014 945 4076 Caelestianos
957 4015 1115 4076 Nestorius
1166 4016 1288 4077 Prodivi
1301 4034 1340 4077 ex
1353 4017 1420 4095 ipso
1433 4015 1572 4093 germine
1587 4017 1673 4096 quod
1687 4013 1801 4097 peperi.

173 4084 322 4182 ,1¹{?⁸¹‘{,}{,⁸,¹,¹,¹,
346 4105 474 4184 ejusque
498 4104 632 4166 fautores
655 4123 714 4184 ope
727 4123 795 4180 sua,
810 4105 1016 4186 presidioque
1030 4112 1115 4170 texe·
1204 4109 1282 4170 Nam
1310 4107 1441 4169 bundare
1467 4125 1571 4170 arcem
1601 4109 1722 4171 meritis
1752 4106 1911 4186 priorem

195 4191 300 4238 ‘mm
345 4201 431 4270 runt,
445 4197 640 4275 quantumin
649 4196 723 4274 ipsis
734 4197 804 4257 fuit:
817 4202 848 4259 et
857 4204 926 4278 post
935 4199 1115 4261 damnatam
1768 4188 1909 4275 [superbie

344 4289 608 4369 proscriptumque
630 4289 832 4367 Pelagianam
858 4290 1011 4367 haeresim,
1029 4310 1114 4353 eom·
1164 4293 1210 4353 De
1224 4292 1373 4373 capiteed
1386 4309 1500 4373 eorpus
1513 4293 1626 4355 ducere
1639 4309 1719 4373 opus
1731 4288 1845 4365 volui,s
1861 4287 1910 4344 etc.

344 4380 449 4460 plures
481 4381 594 4441 harum
627 4380 765 4459 partium
807 4382 975 4463 episcopos,
1009 4384 1114 4463 pulsos
1163 4385 1250 4446 Mox:

344 4472 467 4533 sedibus
477 4473 552 4546 suis,
568 4478 600 4534 et
612 4473 647 4533 in
661 4472 818 4534 Orientem
835 4474 982 4554 profugos
1000 4474 1112 4536 huma·
1206 4477 1308 4537 «Nam
1315 4475 1472 4538 Christum
1479 4475 1593 4556 pietate
1602 4464 1911 4557 memmatensis

344 4564 426 4624 niter
456 4570 666 4643 exceperunt,
697 4584 815 4645 proque
848 4566 886 4626 iis
917 4566 1111 4629 laborarunt.
1781 4560 1910 4641 [volentes

344 4654 502 4717 Nestorius
522 4656 586 4735 ipse
600 4656 688 4732 dues,
704 4675 772 4735 quar
786 4663 917 4735 exstant,
941 4659 982 4719 ad
1002 4658 1114 4721 Coeles·
1162 4662 1235 4722 llsse
1248 4663 1358 4736 Deum,
1374 4659 1525 4741 incepitis
1535 4658 1650 4721 fouere
1660 4677 1726 4720 non
1738 4655 1877 4719 eeumm

342 4746 423 4807 tium
437 4748 551 4828 Papam
579 4748 721 4827 epistolas
746 4748 895 4829 scripsit⁸,
921 4750 955 4811 in
980 4752 1113 4828 gretiam
1203 4754 1429 4834 Sperantesque
1452 4753 1551 4813 enimi
1565 4751 1908 4814 delibemuuumnan

342 4837 469 4912 tuliani,
486 4839 581 4919 Flori,
605 4841 738 4919 Orontii,
754 4841 841 4901 Fabii
869 4842 1113 4904 occidentalium
1162 4845 1366 4923 Perdidimus,
1382 4863 1478 4925 quem
1491 4845 1545 4906 dat
1557 4843 1672 4923 gratia
1681 4840 1867 4921 justitiam·

342 4930 568 5010 episcoporum,
594 4932 648 5011 qui
675 4932 715 4993 ob
738 4933 824 4994 illam
843 4933 942 5013 ipsam
966 4935 1112 4996 haeresim

341 5024 530 5085 exauctorati
544 5023 678 5101 fuerant,
688 5024 878 5086 seirevolens
891 5044 954 5105 qua
969 5026 1008 5087 de
1020 5044 1112 5087 eausa
1200 5027 1255 5088 IV.
1271 5028 1333 5090 Nec
1346 5028 1415 5090 leve
1427 5028 1651 5090 documentum
1664 5025 1743 5088 illud
1768 5021 1825 5083 fuit
1846 5030 1909 5097 pm·

340 5113 427 5193 ejecti
451 5121 564 5179 essent.
578 5116 825 5179 CuiCoelestinus
849 5117 1050 5198 respondens,
1067 5118 1111 5179 ite
1159 5119 1340 5199 pinquitatis
1364 5121 1519 5183 haeresum
1533 5120 1707 5197 ambarum,
1723 5115 1806 5198 quod
1829 5104 1909 5191 paulo

365 5352 376 5395 t
392 5352 443 5408 Cap.
455 5352 538 5397 rra-t
548 5352 622 5397 Cum
635 5350 662 5397 ds
671 5354 715 5397 bas.
727 5366 747 5397 e.
760 5364 768 5395 ι
781 5353 830 5398 vlda
841 5359 862 5398 et
874 5325 928 5401 ru-
937 5353 951 5400 d
961 5353 992 5399 id.
1004 5354 1020 5401 Ι.
1035 5352 1053 5409 1,
1065 5366 1084 5399 o.
1099 5361 1162 5400 tru-
1174 5353 1188 5399 Α
1199 5355 1225 5400 lu
1237 5353 1291 5412 epu.
1306 5357 1372 5403 Cone.
1387 5369 1435 5414 pur.
1446 5358 1465 5410 l,
1477 5368 1527 5415 esp.
1539 5367 1575 5401 arr
1586 5362 1608 5401 st
1621 5354 1719 5401 reru-5
1733 5351 1819 5405 thorp.
1830 5352 1908 5389 rsura-

337 5413 352 5457 o
365 5414 416 5469 esp.
431 5425 481 5467 verr,
492 5416 562 5471 8⁶³·
573 5417 585 5459 7
598 5416 653 5472 Eph.
662 5416 727 5460 Cone.
739 5416 789 5461 det.
802 5427 823 5462 v.
