4078 6162
353 304 413 369 did
862 302 1186 373 resoluatuuuutt
1205 304 1423 373 munaum

356 476 443 551 parte
476 472 627 535 duntaxat
662 469 729 548 ejus
762 468 870 548 erupi.
906 467 1066 535 Roiellitur
1093 474 1124 535 et
1171 488 1339 551 persona.»
1356 473 1496 535 Incertus
1510 472 1585 537 item
1598 474 1905 554 mnptorsubiiusehii
1992 472 1993 479 '

356 565 536 628 Theodorus
560 563 814 640 Mopsuestenns,
835 561 890 643 qui
911 562 1027 642 furtum
1041 561 1121 637 esse,
1172 564 1323 629 Emeseni
1348 565 1493 638 nomine,
1512 566 1666 629 «Factum
1680 569 1903 648 mutuetur·
1992 576 1993 635 3

357 658 401 720 sie
416 655 612 736 interpretari
631 673 724 716 ausus
746 659 811 730 est;
826 659 976 733 tuaquom
990 655 1124 734 speciem
1173 654 1250 718 bum
1264 674 1353 727 caru,
1372 676 1438 723 non
1460 658 1544 737 quud
1557 658 1694 721 Verbum
1708 665 1907 726 mutareturiu
1992 646 1993 707 3

358 750 467 825 solem,
483 754 644 811 sicheusita
658 747 859 831 significaret:
877 746 915 808 de
929 765 992 827 quo
1006 752 1123 826 posue.
1173 766 1319 813 curnem:
1345 750 1399 813 sed
1425 751 1499 829 quie
1526 768 1651 815 tarnem
1671 753 1859 832 suscipiendo,
1877 773 1907 817 ux
1992 744 1993 779 ³

398 843 453 905 IX.
475 841 654 903 Secundum
671 841 782 903 iisdem
797 839 859 905 illis
873 839 977 902 verbis
996 839 1126 903 iocans
1173 839 1344 914 divinitate,
1374 848 1406 906 et
1428 844 1621 909 humanitate
1635 861 1831 924 unaparsuas
1845 846 1907 911 isuts
1992 868 1993 917 1

358 951 539 1016 expressum
549 938 605 1009 est,
619 950 744 997 curnem
756 931 850 994 fuisse
861 931 1126 1013 propriumdivini
1173 938 1230 995 est.
1247 954 1263 993 ν
1279 934 1447 997 &minoda
1460 953 1584 1015 quoque
1597 938 1708 1001 Petrus
1721 937 1907 1001 Abaelsrdud:
1992 998 1993 1001 ,

357 1027 453 1091 Verbi
465 1044 530 1088 non
544 1031 719 1102 externum,
734 1032 766 1086 ot
777 1025 914 1087 νόσοισι
927 1023 967 1087 ab
981 1042 1018 1089 eo
1033 1024 1124 1104 quip-
1177 1027 1284 1087 uCum
1294 1026 1405 1091 dicitur
1418 1029 1500 1091 Deus
1512 1027 1581 1091 fiori
1592 1028 1738 1104 ceru,vel
1751 1029 1909 1092 liensbomo

357 1121 453 1202 piem.
469 1120 549 1181 Nem
558 1117 584 1180 si
605 1116 725 1181 Verbum
739 1117 853 1198 sartum
866 1122 908 1181 est
920 1135 1000 1193 eoru,
1016 1134 1124 1181 couse-
1174 1134 1250 1195 esse,
1266 1119 1308 1181 sio
1321 1119 1538 1199 accipiundum
1564 1127 1622 1198 est,
1651 1121 1762 1200 inquit,
1782 1121 1909 1185 utdisins

358 1231 457 1295 quens
477 1218 539 1289 est,
560 1211 598 1273 sd
619 1212 732 1291 ipsum,
759 1216 910 1290 tenqnsm
923 1210 1123 1290 peculiarem,
1174 1209 1343 1273 substantia
1357 1212 1907 1293 humonesociariinpersummuusu
1992 1210 1993 1277 i

358 1313 390 1369 et
416 1314 541 1378 σσσιιισσς
565 1304 775 1383 conjunctam,
805 1304 963 1383 pertinere
986 1320 1123 1367 carnem.
1173 1301 1375 1383 intelligetur,
1389 1305 1520 1369 nonills
1534 1306 1626 1381 effici,
1643 1307 1693 1369 eui
1705 1306 1909 1382 mentensium
1992 1348 1993 1377 ;

358 1400 428 1461 Non
455 1399 539 1460 enim
566 1397 655 1466 dixit,
671 1396 812 1459 Verbum
831 1396 1030 1475 assumpsisse
1058 1413 1124 1457 uor-
1173 1412 1229 1457 nec
1243 1397 1496 1461 unimohomiuis
1508 1398 1637 1472 seruiit,
1650 1399 1700 1461 oui
1709 1399 1817 1472 unitur,
1830 1399 1907 1463 necin
1992 1426 1993 1487 3

358 1509 453 1553 nem:
479 1488 773 1570 quodsiscriberet,
790 1493 961 1568 utrumque
978 1487 1127 1568 suspirari
1173 1487 1394 1568 ejusneturem
1406 1491 1634 1553 convertitur.»
1653 1491 1907 1571 Deniqneiosnnss
1992 1508 1993 1561 t

357 1590 460 1665 posset
470 1583 591 1663 aliquis,
605 1600 729 1643 curnem
740 1580 779 1643 ab
789 1581 948 1657 ilio,velut
957 1581 1125 1661 quemdam
1173 1582 1383 1647 maecenas
1395 1589 1478 1647 resse
1491 1583 1734 1664 adhancipsum
1742 1585 1905 1649 mutuabant.
1992 1580 1993 1665 i

356 1678 521 1753 amictum,
537 1675 786 1755 circumpositam
807 1673 911 1737 fuisse.
933 1677 974 1735 At
996 1692 1061 1735 non
1080 1673 1123 1735 ite
1178 1676 1377 1751 elucernari,
1394 1675 1509 1755 inquit,
1522 1677 1667 1738 estuniri
1680 1678 1779 1738 remi:
1793 1676 1906 1739 Verbum

355 1768 614 1831 locutusestzsed
627 1766 1122 1847 carnemipsummetessetactnm
1173 1771 1277 1831 autem
1291 1786 1417 1833 munem
1430 1769 1514 1842 fieri,
1530 1769 1617 1831 idem
1642 1775 1699 1844 sss,
1724 1775 1810 1851 etque
1828 1770 1905 1847 iussu
1992 1780 1993 1839 ι

356 1864 475 1925 emerit.
491 1865 626 1936 dgemns
638 1862 676 1924 de
690 1862 750 1922 hoe
762 1879 876 1940 genere
886 1860 1045 1940 loquendi,
1060 1878 1124 1940 quo
1172 1860 1267 1921 Verbi
1275 1861 1478 1941 hypostasim,
1492 1862 1807 1927 sineullemntutiune
1817 1861 1906 1927 όοοιιῐο
1992 1842 1993 1911 ό

352 1956 479 2038 propriu
500 1954 584 2017 Verbi
602 1974 670 2016 roro
684 1959 896 2034 nuncupatur,
920 1954 954 2015 in
975 1959 1124 2033 sequanis
1172 1971 1237 2015 esse
1249 1954 1351 2015 uernis
1363 1952 1584 2034 hypericnius:
1605 1977 1618 2015 s

354 2050 435 2111 libro
447 2047 600 2129 pluribus
1213 2047 1364 2120 Quartum
1394 2053 1652 2128 postremumque
1682 2057 1786 2129 πόρισμα
1808 2065 1842 2108 ex
1866 2045 1906 2107 ilis

394 2140 616 2203 Tertiuexillis
627 2136 872 2200 verbisoffioitur
884 2137 927 2205 id,
938 2138 1019 2217 qnod
1035 2156 1124 2218 supe·
1171 2140 1300 2201 ioannis
1318 2141 1471 2205 sententie
1486 2140 1526 2203 eb
1542 2139 1719 2221 Epiphanio
1737 2138 1905 2219 colligiturin

355 2235 438 2296 riore
461 2234 542 2295 libro
569 2230 870 2293 demonstravimus:
900 2235 932 2291 et
964 2249 1066 2292 uuum
1093 2236 1124 2292 et
1171 2231 1905 2311 heresinx1v11,uhtituloeutumesseioameu

356 2328 502 2389 eumdem
516 2343 593 2400 esse,
608 2324 663 2403 qui
676 2325 757 2385 Deris
770 2323 886 2402 panter
901 2325 941 2384 sit
954 2329 986 2383 et
1007 2324 1122 2385 humo:
1172 2323 1328 2399 observat,
1353 2344 1427 2386 une
1448 2326 1503 2405 qui
1516 2325 1647 2389 fortasse
1667 2325 1826 2399 crederem,
1843 2322 1905 2402 quod
1992 2322 1993 2387 i

355 2420 419 2481 sive
448 2418 586 2479 Verbum
606 2421 637 2477 et
651 2433 787 2491 curnem,
809 2416 869 2476 hoc
888 2421 935 2476 est
952 2416 1124 2477 humanam
1172 2416 1292 2496 primus
1305 2418 1455 2479 exstiterit
1467 2418 1581 2494 homo,
1599 2423 1632 2480 et
1649 2416 1734 2479 vonit
1750 2414 1905 2479 Christsnio
1992 2400 1993 2453 ὑ

354 2519 516 2588 naturum,
553 2512 587 2570 in
616 2527 713 2570 uuam
740 2525 905 2588 personum
932 2510 1121 2588 subvenisse,
1171 2508 1343 2586 huminem,
1369 2509 1410 2572 ob
1439 2510 1533 2589 idque
1566 2510 1710 2575 divinum
1740 2506 1906 2587 Euangeliou

355 2622 517 2684 unumque
525 2603 579 2665 Dei
591 2602 703 2662 filium.
721 2602 786 2662 Hoc
796 2600 910 2680 ipsum,
921 2607 958 2661 ut
969 2608 1000 2662 ot
1012 2620 1122 2663 seeun-
1172 2601 1272 2680 primo
1286 2601 1355 2663 loco
1367 2602 1504 2681 posuisse
1518 2602 1677 2676 Verbum3
1703 2601 1807 2665 deinde
1817 2598 1907 2680 prcus

355 2699 432 2760 dum
458 2693 700 2769 consectarium,
724 2693 871 2774 preclare
898 2694 1072 2756 Maxentius
1085 2713 1124 2757 ex
1172 2711 1243 2757 sum
1270 2712 1336 2756 esse
1358 2712 1501 2770 curnem
1531 2695 1683 2773 quoniam
1710 2693 1834 2756 Verbum
1853 2707 1906 2753 euro

353 2788 521 2851 Athanasio
555 2787 686 2867 probet,
723 2785 754 2846 io
787 2784 970 2864 Prusensium
1011 2784 1085 2866 fidei
1113 2806 1121 2849 ε
1171 2786 1287 2849 factum
1315 2792 1369 2849 est.
1398 2788 1468 2849 Nun
1490 2787 1575 2850 enim
1599 2788 1689 2860 dixit,
1717 2804 1785 2849 reru
1795 2782 1906 2846 Verbum

354 2900 478 2962 nempe,
498 2881 594 2942 «Nun
610 2879 644 2939 in
655 2878 733 2939 dues
749 2895 898 2957 pennum
912 2876 1121 2956 perdendum,
1172 2878 1256 2941 iacta
1269 2885 1330 2957 esi,
1345 2885 1382 2942 nt
1398 2879 1584 2957 ostenderet,
1616 2880 1751 2961 primum
1763 2876 1878 2939 Verbum
1891 2890 1904 2933 t

354 2981 408 3035 out
442 2972 663 3042 dividendum,
699 2969 753 3031 sed
782 2986 883 3031 unum
916 2971 1123 3050 eumdemque
1172 2972 1250 3033 curlo
1264 2972 1395 3048 vunnse,
1422 2976 1453 3033 et
1478 2971 1512 3035 tn
1539 2972 1679 3051 seipsum
1699 2987 1815 3035 minem
1825 2965 1905 3031 subn·

354 3067 466 3127 Filium
477 3065 675 3142 unigenitum
686 3061 940 3137 DeumVerbum,
954 3063 1123 3125 Dominum
1172 3069 1304 3129 stantem
1323 3064 1472 3127 for-messe
1486 3082 1525 3127 en
1539 3069 1633 3127 utero
1653 3071 1762 3127 sancte
1785 3058 1903 3139 Virginis,

353 3160 471 3232 iesum,
483 3161 541 3231 ete,
555 3157 618 3216 Hos
627 3154 723 3233 igitur
735 3154 811 3223 dnus
825 3160 952 3216 neturus
963 3155 1019 3219 Dei
1028 3157 1123 3217 Verbi
1171 3161 1264 3235 atque
1278 3172 1406 3219 omnem
1418 3156 1453 3219 in
1466 3174 1532 3221 sose
1538 3158 1675 3236 perfecte
1687 3162 1819 3223 οσῒνννοὶ
1829 3148 1906 3216 humi

354 3249 478 3311 Domini
487 3245 1120 3321 nostriicsnChristihocestdivinitetis,
1172 3241 1904 3328 nisexprouuset.»eueclcraneuuumuduet

354 3348 385 3405 et
397 3341 609 3407 humanitatis.
625 3339 819 3423 naturaliter,
849 3338 913 3399 sive
935 3339 1123 3403 substantie·-
1171 3341 1346 3421 Epiphanii,
1372 3359 1443 3419 quae
1458 3340 1592 3403 Nestorii
1618 3342 1705 3403 elidit
1722 3338 1861 3409 heresim
1878 3338 1904 3395 ut

353 3433 435 3510 litun
458 3433 630 3495 secundum
651 3430 854 3493 traditionem
868 3437 1046 3493 murionum
1061 3433 1121 3494 Pa·
1171 3452 1211 3495 ne
1227 3449 1318 3508 euro,
1333 3432 1365 3494 id
1383 3437 1429 3495 est
1448 3433 1589 3497 humens
1604 3440 1733 3511 nutura,
1746 3431 1822 3513 prius
1832 3424 1902 3491 exsti
1992 3456 1993 3467 ι

353 3531 449 3602 trum,
479 3525 649 3600 credimus,
674 3528 707 3584 et
734 3524 921 3584 confitemur
945 3529 1068 3585 unitas:
1084 3543 1122 3587 eo
1171 3527 1255 3596 tissa,
1272 3544 1308 3587 eo
1328 3524 1495 3589 subsistens
1516 3526 1613 3589 fuisse
1626 3533 1759 3607 punior,
1777 3533 1902 3602 uramur

320 3672 328 3693 ,
354 3618 438 3697 quod
460 3623 572 3677 notura
593 3616 781 3679 inviolabilis
808 3616 863 3677 Dei
887 3615 983 3676 Verbi
1002 3621 1122 3679 nature
1170 3623 1295 3697 sumpte
1308 3617 1379 3679 site
1400 3616 1522 3679 Verbo:
1543 3634 1659 3699 usquo
1673 3616 1807 3685 netmaii.
1821 3619 1903 3675 σόον·

354 3715 400 3770 est
413 3709 500 3770 unita
519 3708 665 3788 passibili,
694 3708 872 3768 beatissimo
895 3707 999 3785 simul,
1027 3715 1122 3789 atque
1171 3709 1903 3793 musaneneatauuinoneeffiiupsuunnm
1975 3711 1977 3717 ’

353 3802 529 3863 doctissimo
543 3800 711 3863 Athanasio
726 3800 864 3873 dicente;
882 3800 1022 3861 Verbum
1037 3819 1119 3876 caru,
1170 3802 1251 3865 inter
1266 3820 1300 3862 se
1313 3807 1423 3865 mutuo
1440 3815 1670 3881 consequatur:
1686 3819 1777 3884 qurum
1794 3793 1903 3877 Gydlltt

352 3911 418 3957 non
427 3911 499 3955 earo
508 3892 648 3955 Verbum
661 3891 777 3953 buum
790 3899 848 3952 est.
859 3892 1003 3953 Verbum
1016 3898 1122 3955 eutem
1170 3900 1235 3959 tem
1248 3895 1339 3959 enixe
1353 3895 1593 3975 oppugnandum
1604 3895 1663 3959 sibi
1676 3892 1808 3974 sumpsit

352 4002 425 4047 cero
438 3986 556 4047 iactum
563 3984 686 4057 dicitur,
694 3983 768 4063 qniu
774 3982 871 4045 Verbi
884 3983 964 4045 iacta
977 3989 1024 4045 est
1036 4004 1119 4060 reru,

353 4082 385 4138 ot
396 4095 461 4139 nun
475 4076 606 4157 alicujus
618 4075 754 4138 huminis
768 4094 776 4138 t
791 4076 916 4153 horest,
933 4078 1013 4138 Deus
1025 4078 1121 4139 humo

352 4169 451 4231 fectus
473 4175 536 4247 est,
560 4177 589 4231 et
612 4168 862 4231 diciturenim.»
888 4170 927 4229 Et
940 4170 1121 4250 Fulgentius

352 4261 433 4323 libro
445 4259 481 4323 da
493 4261 720 4335 Issurcutiuse,
740 4261 838 4339 capite
852 4262 991 4323 decimu:
1013 4287 1027 4316 ι
1041 4265 1120 4325 Ver·

352 4353 440 4429 bum,
456 4353 571 4434 inquit,
587 4354 749 4433 dignatum
762 4362 808 4413 est
821 4372 892 4414 caro
904 4354 983 4431 fieri,
1000 4360 1035 4415 nt
1048 4373 1120 4415 cero

352 4445 449 4525 possit
457 4445 629 4519 Verbi,boo
637 4451 684 4507 est
693 4445 758 4514 Dei,
774 4446 901 4507 nomine
910 4447 1116 4526 nuncupari.»

353 4539 392 4598 ut
406 4537 514 4611 elibi¹3
531 4538 702 4600 «Verbum
718 4539 826 4617 utique
839 4556 911 4599 sero
926 4537 1042 4600 fectum
1061 4544 1118 4612 est,

353 4630 387 4689 in
401 4647 449 4707 eo,
462 4629 546 4708 quod
555 4635 601 4690 est
614 4650 678 4692 uno
691 4631 725 4690 in
734 4629 853 4692 Christo
860 4630 914 4692 Dei
922 4631 1119 4710 hominisque

389 4837 409 4877 a
429 4819 542 4877 [imese.
559 4818 606 4875 lib.
630 4821 676 4885 tit,
702 4835 807 4890 cup-11.
826 4820 861 4873 Τό
883 4819 1049 4894 σεσαριιῶσθαι
1066 4819 1119 4892 μὲν,
1169 4824 1267 4893 πρῶτον
1276 4818 1346 4881 ἔταξε
1355 4818 1384 4873 rb
1395 4819 1460 4873 isius
1475 4819 1637 4893 Εὑαγγόλιον,
1653 4819 1706 4876 tiss
1718 4818 1759 4888 τὴν
1772 4818 1839 4888 cipes
1848 4813 1900 4883 hue·

352 4901 517 4974 ἣνωσὺαόόστι
526 4904 607 4976 σαρκὶ,
616 4904 645 4958 τό
655 4902 681 4957 δὲ
695 4905 774 4975 σάρκα
782 4903 892 4976 γενέσθαι
899 4903 942 4957 rhu
956 4903 1033 4976 λόγον
1046 4901 1120 4971 αὑτὴν
1164 4896 1286 4975 'isimoth
1301 4905 1340 4959 ότι
1351 4904 1365 4957 ό
1378 4904 1453 4976 λόγος
1471 4902 1531 4976 σὰρξ
1543 4901 1650 4977 ἐγένετο.
1660 4906 1688 4957 οὑ
1701 4903 1746 4977 γὰρ
1755 4897 1824 4967 sissi,
1835 4888 1902 4964 iiiii

352 4986 396 5057 τὴν
411 4980 454 5042 τοὺ
469 4987 545 5058 λόγον
558 4986 701 5041 ὑπόστασιν·
718 4985 1121 5058 ἀτρέπτωςγενόσόαιιῆςσαρκός
1168 4985 1243 5057 λόγος
1264 4984 1369 5061 ἐγένετο.
1393 4987 1436 5040 ἵνα
1458 4984 1523 5060 δείξῃ
1544 4991 1643 5059 πρῶτον
1665 4988 1738 5063 λόγον
1764 4978 1901 5053 ἀπ’νὺρόόῦό

351 5070 495 5124 ὑπόστασιν.
1170 5065 1281 5137 ἐλθόντα,
1297 5068 1330 5131 σός
1345 5068 1430 5125 ἑαυτὸν
1445 5068 1471 5125 δὲ
1485 5068 1658 5139 ὑποστήσαντα
1676 5069 1718 5139 τὴν
1738 5067 1808 5139 σάρκα
1820 5058 1903 5123 &titii

388 5153 519 5210 dEursn.
548 5152 617 5208 brer.
643 5148 780 5225 sinsin}
805 5150 849 5207 26.
869 5152 904 5205 Vt
925 5151 951 5205 δὲ
971 5151 1045 5224 λόγος
1061 5150 1121 5225 cipi
1170 5150 1264 5223 μήτρας
1277 5156 1319 5219 τῆς
1333 5151 1540 5226 triremibus,
1552 5153 1594 5205 ssi
1605 5154 1684 5207 πᾶσαν
1698 5151 1738 5221 τὴν
1753 5144 1901 5217 όνιινόσὺπνον

352 5234 459 5308 ἐγένετο,
476 5237 519 5289 ἵνα
534 5237 566 5308 μή
581 5253 644 5297 τινες
661 5234 810 5306 νομίσωσιν,
826 5236 865 5288 ότι
886 5240 984 5306 πρῶτος
996 5234 1122 5308 ἅνθρωπος
1169 5234 1268 5295 seierus
1277 5233 1310 5296 εἰς
1324 5233 1410 5290 ἑαυτὸν
1421 5234 1634 5311 ἀναπλασόμενσν.

351 5315 392 5385 ἢν,
406 5319 448 5372 καὶ
469 5315 528 5386 ἦλθε
543 5318 648 5390 Χριστός
667 5317 700 5379 εἰς
721 5317 859 5390 ἄνθρωπον,
885 5317 926 5371 διὰ
953 5321 1026 5373 τοῦτο
1045 5318 1121 5387 λόγον

380 5474 389 5517 i
405 5471 458 5516 Vide
471 5471 547 5518 Lsuut.
561 5478 577 5517 t.
588 5470 615 5515 ii
624 5472 731 5520 sisi-s
743 5471 790 5517 Lib.
806 5471 814 5515 1
826 5472 855 5517 ssi
869 5473 929 5518 Tros.
943 5481 962 5517 t.
973 5482 1064 5517 nm.-
1074 5473 1089 5517 e
1101 5470 1148 5518 tih-
1162 5471 1192 5517 1ΙΙ
1203 5472 1283 5518 rurus.
