4078 6168
500 349 556 413 uti
576 349 678 413 Lnun
696 348 748 412 ET
766 346 926 425 nutris,
942 347 1057 413 unitis
1077 350 1119 431 ll,
1141 349 1232 416 OAP.
1254 353 1309 418 xl.
1670 346 1710 416 BT

126 514 733 598 „supendestann'eipatnetdisinitus
743 512 892 594 inspirata
942 528 1008 577 osse
1024 508 1198 594 materiem,
1214 538 1249 582 uo
1274 519 1507 600 dispositionem
1520 521 1560 582 ad
1580 534 1708 600 recupe-

125 606 274 684 sentestia,
287 607 525 689 disputavimus,
548 613 580 671 et
592 609 765 670 Tridentini
778 605 892 669 decreti
941 609 1072 672 rendam
1080 611 1419 692 gretiametjustitinm
1430 609 1514 693 quod
1522 618 1711 692 tuncsuper»

125 699 285 761 moseum
298 700 339 761 ab
356 700 419 762 iilis
432 701 732 780 interpretationem,
746 700 890 761 minime·
940 701 1069 763 veniens
1079 704 1245 765 sucerdotis
1253 704 1405 765 absolutio
1417 709 1610 784 peecatorem
1621 705 1709 784 justi-

125 809 184 870 que
195 791 404 855 conarentcm
416 793 583 872 redarguit
599 794 674 873 Ejus
685 793 892 856 verbansces·
940 793 1021 871 licut,
1037 816 1050 846 ι
1066 801 1145 856 etex
1157 797 1262 858 ntimo
1281 796 1528 858 facitoontritum
1541 796 1709 859 extrinsece

125 883 355 946 nriohooiooo
368 885 663 948 describendusuntt
940 892 1068 966 propter
1093 889 1313 967 superveniens
1339 893 1618 949 sacramentum.»
1649 889 1709 950 Sed

167 975 330 1039 «Nomine
348 977 637 1058 muttonis,inqoit
651 976 674 1051 ¹,
690 976 793 1038 solum
805 975 891 1038 illem
941 979 1075 1039 auctoris
1099 979 1259 1059 integrum
1284 986 1409 1059 prestat
1432 981 1484 1041 hie
1509 980 1706 1042 describeret

125 1066 358 1131 &mationem
376 1069 589 1149 intelligimus,
609 1086 680 1151 quse
699 1087 753 1148 per
772 1086 804 1130 se
825 1086 890 1129 non
945 1072 1061 1132 «Tunc
1074 1072 1234 1139 duntaxat,
1250 1071 1402 1152 siteapite
1413 1088 1516 1147 suurn,
1530 1070 1602 1132 libri
1616 1073 1707 1150 Xlil,

124 1160 232 1222 sufficit
244 1161 285 1222 asi
299 1161 469 1224 delendum
481 1168 653 1243 pestutum,
668 1161 890 1223 sufficittsmen
940 1162 1171 1224 concedendum
1185 1163 1382 1243 esi,primam
1393 1164 1523 1243 gratiam
1533 1162 1666 1224 conferri
1674 1165 1709 1225 in

123 1270 192 1313 cum
219 1259 425 1315 samameuto.
452 1255 585 1316 Nomine
610 1272 684 1316 vero
710 1253 890 1333 simpliciter
940 1254 999 1315 hoo
1015 1257 1225 1331 sacramento,
1241 1272 1312 1316 cum
1334 1256 1404 1334 quis
1420 1254 1504 1316 dolet
1523 1254 1562 1315 de
1579 1257 1709 1334 peccatis

123 1345 433 1424 munificninillam,
460 1364 530 1426 qum
556 1365 613 1425 per
639 1364 672 1408 se
691 1345 804 1407 sufficit
822 1347 889 1409 sine
939 1347 1051 1408 timore
1070 1366 1172 1428 poeuae
1194 1347 1396 1422 imminentis,
1416 1347 1466 1408 vel
1482 1353 1609 1426 propior
1626 1347 1708 1408 mala

123 1444 314 1499 sacramento
325 1456 332 1498 ε
344 1456 415 1518 quse
430 1439 555 1518 quidem
569 1445 615 1501 est
629 1437 808 1518 simpliciter
819 1454 890 1500 con·
939 1439 1000 1499 ulia
1012 1457 1051 1500 ex
1064 1440 1109 1500 eis
1126 1447 1241 1507 moute,
1263 1439 1314 1500 vel
1335 1445 1461 1518 propter
1480 1438 1709 1518 turpitudinem

123 1529 219 1590 versia
247 1530 281 1590 in
302 1530 412 1592 Deum.
435 1532 483 1591 Ex
503 1531 552 1591 bis
576 1531 713 1610 primum
737 1531 888 1610 sequitur,
939 1529 1088 1610 ipsorum,
1112 1531 1162 1591 vel
1183 1531 1317 1611 denique
1330 1530 1390 1591 elie
1411 1531 1519 1609 quovis
1532 1533 1661 1605 ratione,
1677 1537 1709 1594 et

123 1621 203 1700 quod
222 1621 382 1697 contritio,
404 1627 436 1684 et
453 1622 568 1683 uttritia
588 1622 754 1683 convenire
776 1621 891 1684 debent
940 1640 1005 1684 non
1018 1629 1171 1702 quatenus
1184 1633 1257 1684 sunt
1272 1624 1389 1685 offensa
1402 1624 1468 1684 Dei.

122 1730 183 1773 nan
195 1713 301 1775 solum
314 1714 430 1786 inboo,
443 1715 524 1793 quod
534 1720 665 1794 utraque
679 1714 718 1774 sit
729 1714 890 1776 detestatio
981 1716 1077 1776 Porro
1105 1716 1144 1777 cd
1170 1715 1237 1777 hoec
1264 1732 1454 1793 consequens
1481 1722 1538 1790 est,
1566 1716 1708 1777 attritum

122 1807 232 1883 promti
248 1824 343 1886 super
356 1823 450 1868 amne
464 1807 641 1869 detestabile
660 1828 668 1868 r
683 1813 838 1869 serumst
856 1808 890 1868 in
940 1808 1007 1868 fieri
1018 1826 1106 1887 posse
1120 1809 1287 1869 contritum
1307 1825 1364 1887 per
1386 1808 1447 1868 boc
1466 1815 1706 1870 sacramentum.

120 1897 259 1958 abolute
285 1900 445 1977 proposito
468 1918 631 1979 nunquam
656 1900 802 1977 peccandi
833 1918 890 1980 pro
940 1900 1019 1961 Nam
1033 1900 1173 1960 attritum
1184 1899 1392 1961 communiter
1405 1900 1438 1959 in
1446 1899 1550 1959 schola
1562 1918 1709 1962 vocamus

121 1989 220 2069 aliqua
235 2008 271 2052 re
284 1990 406 2052 mundi.
416 1991 580 2060 Probatur,
588 1992 738 2071 quonism
750 1992 826 2053 abus
837 1992 889 2053 ille
941 1992 1096 2053 dolentem
1107 1992 1283 2073 imperiecte
1294 1992 1333 2052 de
1352 1991 1484 2071 peccatis
1497 1992 1575 2066 suis3
1591 1995 1707 2053 contri-

122 2089 316 2163 sstusneque
325 2100 398 2145 cum
411 2088 604 2146 sacramento
619 2083 782 2160 sufficeret,
793 2102 889 2163 quare
940 2090 1009 2145 tum
1023 2103 1097 2146 vero
1106 2101 1335 2164 quemeumque
1348 2083 1397 2144 vel
1411 2083 1543 2163 periente
1552 2083 1708 2146 dolentem

123 2194 180 2236 nau
193 2181 241 2237 est
254 2177 384 2237 nomine
397 2176 560 2237 attritionis
573 2176 795 2255 dignuslgitur
803 2176 889 2237 illam
941 2176 979 2236 de
992 2177 1076 2256 ipsis,
1089 2183 1119 2237 et
1127 2181 1279 2256 quantum
1293 2175 1406 2236 sufficit
1418 2175 1457 2235 ad
1466 2178 1708 2255 recuperandum

121 2267 304 2329 rellmtstem
311 2268 574 2347 impoenitentium
589 2286 655 2330 non
674 2276 789 2331 esicus
806 2269 890 2330 attri-
941 2269 1088 2346 grntium3
1108 2269 1159 2329 rel
1176 2268 1343 2329 habentem
1363 2267 1555 2327 doloremne
1577 2269 1708 2347 peccatis

121 2359 232 2421 donem
251 2359 470 2440 appellemus:
494 2378 569 2422 nam
587 2361 643 2422 etsi
667 2362 705 2422 de
732 2362 888 2442 praeterita
941 2361 1141 2439 conjunctum
1155 2360 1259 2435 alieni,
1279 2378 1351 2420 cum
1374 2377 1436 2437 quo
1458 2358 1706 2436 suffieitsdgra·
1821 2376 1825 2383 ’

120 2458 241 2532 pensato
255 2451 390 2514 sufficiet
402 2453 509 2515 salitio
521 2452 574 2514 illa
583 2454 810 2529 conditionalis,
820 2454 890 2516 nol·
939 2453 1026 2514 tiam
1042 2454 1079 2512 Et
1092 2452 1166 2531 quie
1184 2450 1416 2512 concedendum
1430 2450 1563 2527 videtur,
1579 2469 1707 2514 omnem

120 2545 177 2607 lem
200 2564 374 2627 pecemsc:
403 2552 509 2607 tamen
547 2545 689 2607 absoluta
720 2547 889 2626 requiritur
939 2544 1108 2607 contritum
1140 2543 1255 2605 babere
1290 2543 1526 2618 contritionem,
1565 2546 1707 2622 quamvis

120 2638 261 2700 voluntas
270 2639 404 2701 exeundi
416 2657 436 2700 a
448 2638 590 2719 pecaofis,
606 2644 697 2718 atque
721 2640 797 2701 odeo
809 2656 889 2700 nuu-
939 2638 1069 2716 questio
1082 2637 1123 2697 sit
1135 2636 1173 2697 de
1186 2635 1325 2710 nomine,
1344 2635 1512 2696 concedere
1528 2650 1704 2714 possumus,

121 2732 417 2812 quominmtorum
430 2730 621 2811 peccandi.»
939 2730 1128 2790 attritionem
1137 2726 1427 2789 fiericcntritionem
1436 2726 1604 2787 extrinsece
1615 2745 1707 2808 prop-

155 2824 227 2886 itar
246 2824 410 2904 utriusque
431 2823 620 2884 differentias
637 2823 783 2902 colligit:
809 2843 887 2904 quo·
938 2826 986 2882 ter
1018 2821 1240 2901 superveniens
1269 2823 1519 2879 sacramentum:
1548 2817 1620 2896 quio
1655 2820 1706 2880 ille

120 2918 307 2998 rumpi-imo
324 2916 496 2992 «sumitur,
518 2916 571 2989 ait,
594 2933 633 2976 ex
657 2918 736 2996 parti
753 2915 883 2996 objecti3
939 2921 1035 2988 ectus,
1046 2913 1102 2993 qui
1113 2918 1184 2973 ente
1197 2912 1292 2991 ipsias
1303 2909 1529 2989 susceptionem
1542 2912 1705 2971 erstettri·

120 3010 197 3089 quod
210 3007 360 3072 contritio
372 3014 419 3071 est
431 3008 519 3068 dolor
533 3007 571 3068 de
584 3006 701 3069 oiiensa
715 3009 772 3070 Dei
793 3028 882 3089 pseu,
938 3008 994 3083 tio,
1016 3005 1186 3067 invertatur
1211 3020 1355 3078 manens,
1384 3002 1503 3062 dicetur
1528 3000 1595 3062 fieri
1627 3021 1705 3064 con·

120 3103 197 3182 quod
209 3101 299 3163 idem
317 3107 373 3175 est,
397 3105 524 3180 propter
539 3101 640 3160 Deum
657 3119 664 3160 ε
683 3101 885 3163 attritionem
939 3100 1041 3174 triti03
1057 3098 1205 3177 quoniam
1223 3096 1262 3157 ed
1280 3094 1489 3175 reparandum
1502 3094 1623 3174 lapsum
1636 3100 1704 3156 ton-

120 3195 202 3255 dolar
214 3193 340 3274 peremi
353 3191 393 3253 ob
402 3192 547 3253 timorem
560 3190 683 3263 inferni,
692 3193 886 3255 autaliorum
939 3194 1008 3251 tum
1021 3190 1104 3251 vaiet
1123 3207 1195 3250 cum
1209 3202 1413 3261 sacramento,
1436 3193 1589 3266 quantum
1607 3192 1703 3265 sciris,

120 3292 380 3348 ornamentorum
393 3283 622 3364 temporalium.
639 3285 779 3346 Secunda
792 3287 887 3347 sumi·
938 3284 993 3364 qui
1007 3301 1046 3343 ex
1059 3299 1102 3352 se,
1120 3287 1151 3342 et
1169 3298 1226 3341 sue
1244 3279 1431 3359 periectione
1445 3277 1485 3338 ad
1503 3278 1533 3338 id
1545 3278 1617 3339 satis
1627 3291 1706 3340 esset

120 3385 168 3440 tur
179 3398 218 3440 er
237 3384 329 3458 parte
351 3394 471 3451 esusae3
489 3377 573 3455 quod
594 3376 711 3436 attritio
731 3379 830 3439 oritur
847 3396 886 3439 ex
938 3394 994 3455 per
1007 3373 1063 3435 Dei
1080 3372 1335 3445 misericordiam,
1351 3377 1382 3431 et
1395 3369 1559 3431 intrinsece
1572 3376 1619 3432 est
1629 3389 1703 3433 con-

121 3473 224 3533 tiraore
236 3469 346 3531 servili
368 3486 557 3550 poenarum:
582 3469 727 3529 contritio
747 3486 822 3530 vero
847 3489 885 3530 ex
938 3467 1033 3527 tuitio.
1048 3491 1062 3519 ι

121 3565 225 3625 imore
253 3561 358 3638 filiali;
386 3567 422 3621 ut
440 3559 511 3621 dist.
526 3559 608 3634 XIV,
631 3578 684 3639 qu.
699 3578 738 3636 11,
766 3566 825 3622 nrt.
852 3564 883 3627 5,
978 3555 1173 3618 virivtdes
1184 3552 1371 3633 quodfuerit
1383 3552 1494 3632 synodi
1514 3553 1704 3617 Tridentinae

120 3654 403 3717 monstrauimus.»
940 3651 978 3712 de
996 3649 1153 3711 attritione
1169 3647 1335 3725 judicium,
1354 3662 1510 3726 quamque
1531 3645 1571 3706 ab
1593 3650 1704 3708 Arma-

156 3749 219 3810 vit.
237 3747 380 3808 Andreas
400 3745 486 3823 Vega
498 3743 532 3804 in
546 3744 627 3805 libro
641 3744 714 3804 XllI
726 3742 761 3805 de
771 3744 887 3823 Justs'pt-
940 3761 1017 3804 oenc
1037 3741 1174 3802 novitate
1200 3739 1378 3813 diversum;
1394 3743 1425 3798 et
1442 3755 1514 3798 cum
1528 3736 1593 3811 ills,
1610 3757 1704 3817 quem

4 3890 5 3899 ,
120 3840 240 3915 cutione,
271 3856 311 3900 ex
335 3836 512 3897 Tridentini
538 3836 670 3898 concilii.
698 3837 746 3897 eui
767 3843 799 3898 et
822 3839 887 3919 ipse
940 3833 1173 3895 adversusbanc
1182 3831 1386 3905 defendimur,
1394 3830 1705 3907 communiopinione

121 3932 270 4006 interluit,
298 3947 402 4001 sensu,
419 3928 457 3988 de
471 3928 668 4001 contritione,
691 3929 818 4008 ejusque
833 3930 892 3991 dis.
940 3927 1146 3988 consentiens.
1175 3925 1255 3984 Nem
1280 3922 1419 3982 dolorem
1453 3920 1553 3993 illum,
1584 3922 1639 4000 qui
1666 3923 1705 3984 de

122 4025 187 4102 pbri
208 4024 324 4096 torma,
345 4020 479 4100 perfectu
498 4020 625 4096 scilicet,
647 4027 678 4082 et
697 4022 886 4102 imperfecto,
939 4018 1069 4099 peccatis
1086 4036 1126 4079 ex
1144 4013 1338 4077 imminentis
1358 4030 1458 4092 poenes
1473 4018 1559 4073 metu
1573 4014 1703 4093 capitur,

122 4116 275 4196 copiosum
297 4112 471 4174 orationem
495 4111 655 4191 explicati
687 4115 732 4173 Ae
749 4113 887 4192 primum
940 4118 1036 4173 etnon
1049 4118 1188 4191 qnatenus
1201 4103 1705 4186 auntoffensaliei,att1itionemcb

122 4210 274 4269 rationem
286 4205 386 4281 affert,
400 4223 456 4265 cur
470 4205 616 4284 synodus,
632 4222 704 4265 cum
726 4205 887 4284 deposui·
939 4205 992 4265 ills
1017 4201 1172 4262 nominari
1194 4199 1313 4279 synodo
1339 4198 1425 4275 chc
1443 4201 1595 4257 testatur:
1621 4216 1705 4259 earn·

124 4301 223 4373 bafia,
239 4298 370 4377 ejusque
383 4295 522 4376 partibus
536 4301 652 4373 egeret,
676 4295 888 4359 contritionem
940 4296 1073 4373 demque
1086 4292 1269 4354 sacramenti
1280 4288 1469 4370 poenitentiae
1481 4288 1626 4348 idoneam
1640 4308 1705 4351 esse

123 4392 264 4452 universe
275 4388 493 4450 detestationem
515 4396 700 4467 pecemornm
714 4390 886 4468 appellave-
939 4389 1122 4460 materiam3
1144 4387 1202 4444 hoc
1222 4389 1268 4444 est
1283 4381 1485 4442 sufficientem
1503 4396 1568 4439 esse
1585 4397 1704 4459 prinpa-

124 4484 170 4557 rit,
184 4484 243 4544 etsi
259 4480 487 4542 acommunius
504 4479 593 4540 estin
612 4480 716 4541 schola
729 4482 886 4542 contritio-
938 4480 1092 4540 rationem
1104 4475 1201 4538 enimi
1212 4475 1252 4535 ad
1265 4471 1495 4552 percipiendam
1508 4466 1703 4550 sacramenti,

124 4572 472 4636 nonantulanum
485 4573 589 4632 stetim
602 4573 710 4632 Patres
723 4590 787 4647 cor,
802 4574 886 4653 quod
939 4576 970 4632 et
983 4567 1178 4630 sacerdotalis
1198 4564 1401 4626 absolutionis
1419 4562 1568 4624 beneficio
1588 4568 1704 4643 pecmti

126 4663 880 4744 detesteturpeccetum‚c0rcontritumvocevere.›
939 4663 1075 4729 veniam,
1092 4656 1406 4749 etjustilicntionem:
1427 4673 1520 4735 quam
1542 4673 1654 4735 perse,
1675 4665 1706 4719 et

126 4758 170 4819 Sic
189 4760 288 4839 igitur
307 4773 432 4818 causam
454 4755 535 4815 illius
554 4755 692 4836 exponit.
722 4778 737 4813 «
751 4757 886 4818 Envero
941 4760 1028 4818 extra
1061 4756 1289 4813 sacromentum
1324 4749 1463 4809 obtinere
1497 4767 1561 4810 non
1593 4756 1703 4827 potest.

125 4852 259 4922 ratione,
289 4845 497 4910 communiori
522 4849 580 4907 hoc
599 4847 808 4908 detestationis
832 4867 887 4909 no·
941 4850 1048 4926 inquo
1062 4852 1137 4906 tunc
1146 4844 1277 4924 primum
1291 4842 1333 4902 ait
1345 4841 1490 4918 pontion,
1511 4841 1704 4921 bocestjus·

128 4941 204 5003 mine
218 4942 268 5002 usi
281 4940 438 5014 videntur,
449 4956 483 4999 ne
499 4938 696 5011 attritionem,
706 4939 888 5020 quceimper·
938 4940 1148 5011 tificationem,
1172 4933 1301 5015 conferri
1315 4937 1347 4993 in
1361 4930 1412 4992 soe
1429 4941 1619 5009 comanente,
1632 4952 1705 4994 cum

127 5033 210 5111 [κίειν
222 5038 265 5095 est
277 5029 564 5110 increpuerant,
576 5029 740 5110 apartibus
746 5032 890 5112 poeniteo·
939 5033 971 5093 in
982 5031 1080 5092 solam
1094 5028 1175 5089 cadit
1187 5026 1387 5098 sumnonem,
1397 5031 1428 5085 et
1440 5025 1579 5086 dolorem
1592 5026 1706 5106 imper·

4 5134 5 5159 ³
128 5124 175 5185 tioe
184 5125 353 5187 uiderentur
365 5120 527 5184 secludere.
545 5142 561 5180 s
940 5124 1055 5187 fectum
1071 5139 1155 5182 :nun
1170 5126 1204 5181 ut
1217 5119 1250 5179 in
1263 5118 1360 5178 altere
1375 5118 1487 5198 specie,
1506 5118 1566 5178 hoc
1579 5123 1625 5178 est
1638 5136 1706 5196 per-

4 5434 6 5569 l

4 5682 6 5701 Ι

4 5920 6 5939 l

163 5217 245 5277 idem
258 5215 359 5296 capite
372 5218 561 5289 totomm,
579 5213 652 5275 setis
660 5213 786 5291 indicat,
801 5216 888 5277 attri-
940 5216 1020 5277 fecta
1047 5212 1231 5275 contritione
1261 5209 1383 5283 eccidit,
1412 5228 1482 5289 quse
1507 5210 1599 5269 etium
1633 5216 1705 5269 ente

127 5307 238 5369 tionem
259 5308 293 5369 in
315 5312 506 5367 sacramento
526 5306 717 5385 poenitentioe
744 5306 888 5369 idoneam
942 5311 1171 5369 sacramentum
1187 5303 1319 5384 primam
1336 5303 1468 5378 gratiam
1487 5305 1704 5379 representet3

152 5505 162 5549 t
177 5506 309 5552 {tunsurus
319 5507 345 5551 in
359 5505 396 5557 n,
407 5505 460 5552 dist.
471 5516 525 5557 rrsr,
539 5516 597 5562 nn,
611 5517 632 5551 a.
644 5506 695 5550 5.-
706 5505 721 5563 2
734 5505 791 5563 isra
806 5509 822 5555 1.
830 5508 884 5560 iiiii,
892 5519 912 5554 c.
921 5520 966 5553 svn
980 5507 1034 5551 init.
