<?xml version="1.0" encoding="UTF-8"?>
<!DOCTYPE html PUBLIC "-//W3C//DTD XHTML 1.0 Transitional//EN"
    "http://www.w3.org/TR/xhtml1/DTD/xhtml1-transitional.dtd">
<html xmlns="http://www.w3.org/1999/xhtml" xml:lang="en" lang="en">
 <head>
  <title>
</title>
<meta http-equiv="Content-Type" content="text/html;charset=utf-8" />
  <meta name='ocr-system' content='tesseract 3.04.00' />
  <meta name='ocr-capabilities' content='ocr_page ocr_carea ocr_par ocr_line ocrx_word'/>
</head>
<body>
  <div class='ocr_page' id='page_1' title='image "./dogmatatheologi00unkngoog_0336.png"; bbox 0 0 4036 6162; ppageno 0'>
   <div class='ocr_carea' id='block_1_1' title="bbox 525 320 1682 400">
    <p class='ocr_par' dir='ltr' id='par_1_1' title="bbox 525 320 1682 400">
     <span class='ocr_line' id='line_1_1' title="bbox 525 320 1682 400; baseline -0.001 -15"><span class='ocrx_word' id='word_1_1' title='bbox 525 324 578 386; x_wconf 84' lang='lat' dir='ltr'><strong>DE</strong></span> <span class='ocrx_word' id='word_1_2' title='bbox 596 320 901 399; x_wconf 77' lang='lat' dir='ltr'><strong>lunanuauoua,</strong></span> <span class='ocrx_word' id='word_1_3' title='bbox 923 321 998 387; x_wconf 88' lang='lat' dir='ltr'><strong>LlB.</strong></span> <span class='ocrx_word' id='word_1_4' title='bbox 1020 324 1060 400; x_wconf 88' lang='lat' dir='ltr'><strong>ll,</strong></span> <span class='ocrx_word' id='word_1_5' title='bbox 1083 325 1167 388; x_wconf 79' lang='lat' dir='ltr'><strong>CAP.</strong></span> <span class='ocrx_word' id='word_1_6' title='bbox 1188 325 1255 387; x_wconf 90' lang='lat' dir='ltr'><strong>Vll.</strong></span> <span class='ocrx_word' id='word_1_7' title='bbox 1623 322 1682 384; x_wconf 70' lang='grc'><strong>309</strong></span> 
     </span>
    </p>
   </div>
   <div class='ocr_carea' id='block_1_2' title="bbox 12 486 1687 4155">
    <p class='ocr_par' dir='ltr' id='par_1_2' title="bbox 12 486 1687 4155">
     <span class='ocr_line' id='line_1_2' title="bbox 97 486 1684 570; baseline -0.001 -19"><span class='ocrx_word' id='word_1_8' title='bbox 97 489 177 551; x_wconf 86' lang='lat' dir='ltr'><strong>tione</strong></span> <span class='ocrx_word' id='word_1_9' title='bbox 204 486 341 565; x_wconf 79' lang='lat' dir='ltr'><strong>differre,</strong></span> <span class='ocrx_word' id='word_1_10' title='bbox 371 488 445 551; x_wconf 80' lang='lat' dir='ltr'><strong>alibi</strong></span> <span class='ocrx_word' id='word_1_11' title='bbox 465 491 658 553; x_wconf 86' lang='lat' dir='ltr'><strong>statuimus¹.</strong></span> <span class='ocrx_word' id='word_1_12' title='bbox 679 491 768 552; x_wconf 88' lang='lat' dir='ltr'><strong>Hanc</strong></span> <span class='ocrx_word' id='word_1_13' title='bbox 788 506 864 551; x_wconf 81' lang='lat' dir='ltr'><strong>aero</strong></span> <span class='ocrx_word' id='word_1_14' title='bbox 912 491 1054 555; x_wconf 79' lang='lat' dir='ltr'>tudinem</span> <span class='ocrx_word' id='word_1_15' title='bbox 1067 509 1132 554; x_wconf 88' lang='lat' dir='ltr'><strong>esse</strong></span> <span class='ocrx_word' id='word_1_16' title='bbox 1146 493 1213 568; x_wconf 88' lang='lat' dir='ltr'><strong>Dei,</strong></span> <span class='ocrx_word' id='word_1_17' title='bbox 1227 492 1331 554; x_wconf 90' lang='lat' dir='ltr'><strong>hocin</strong></span> <span class='ocrx_word' id='word_1_18' title='bbox 1346 491 1467 553; x_wconf 89' lang='lat' dir='ltr'><strong>Christo</strong></span> <span class='ocrx_word' id='word_1_19' title='bbox 1480 488 1684 570; x_wconf 79' lang='lat' dir='ltr'><strong>lesureoipe·</strong></span> 
     </span>
     <span class='ocr_line' id='line_1_3' title="bbox 96 580 1683 663; baseline -0.003 -18"><span class='ocrx_word' id='word_1_20' title='bbox 96 580 260 659; x_wconf 87' lang='lat' dir='ltr'><strong>dupliclter</strong></span> <span class='ocrx_word' id='word_1_21' title='bbox 281 581 431 661; x_wconf 75' lang='lat' dir='ltr'><strong>spectari‘</strong></span> <span class='ocrx_word' id='word_1_22' title='bbox 462 602 470 645; x_wconf 92' lang='lat'><strong>:</strong></span> <span class='ocrx_word' id='word_1_23' title='bbox 496 584 547 644; x_wconf 82' lang='lat' dir='ltr'><strong>val</strong></span> <span class='ocrx_word' id='word_1_24' title='bbox 567 583 739 646; x_wconf 88' lang='lat' dir='ltr'><strong>secundum</strong></span> <span class='ocrx_word' id='word_1_25' title='bbox 764 599 866 643; x_wconf 88' lang='lat' dir='ltr'><strong>essen·</strong></span> <span class='ocrx_word' id='word_1_26' title='bbox 913 602 1029 647; x_wconf 89' lang='lat' dir='ltr'><strong>remus.</strong></span> <span class='ocrx_word' id='word_1_27' title='bbox 1046 605 1061 642; x_wconf 82' lang='lat' dir='ltr'><strong>a</strong></span> <span class='ocrx_word' id='word_1_28' title='bbox 1081 585 1119 645; x_wconf 87' lang='lat' dir='ltr'><strong>Et</strong></span> <span class='ocrx_word' id='word_1_29' title='bbox 1140 585 1176 646; x_wconf 91' lang='lat' dir='ltr'><strong>in</strong></span> <span class='ocrx_word' id='word_1_30' title='bbox 1195 584 1304 663; x_wconf 89' lang='lat' dir='ltr'><strong>quinto</strong></span> <span class='ocrx_word' id='word_1_31' title='bbox 1324 581 1425 645; x_wconf 80' lang='lat' dir='ltr'><strong>libro⁷</strong></span> <span class='ocrx_word' id='word_1_32' title='bbox 1444 581 1683 649; x_wconf 80' lang='lat' dir='ltr'><strong>«Quemadmo-</strong></span> 
     </span>
     <span class='ocr_line' id='line_1_4' title="bbox 95 673 1684 757; baseline -0.001 -23"><span class='ocrx_word' id='word_1_33' title='bbox 95 674 177 748; x_wconf 76' lang='lat' dir='ltr'><strong>fiam,</strong></span> <span class='ocrx_word' id='word_1_34' title='bbox 188 673 276 752; x_wconf 90' lang='lat' dir='ltr'><strong>quod</strong></span> <span class='ocrx_word' id='word_1_35' title='bbox 289 681 413 747; x_wconf 72' lang='grc' dir='ltr'><strong>ὠσιωδῶς</strong></span> <span class='ocrx_word' id='word_1_36' title='bbox 425 676 523 737; x_wconf 77' lang='lat' dir='ltr'><strong>Gracci</strong></span> <span class='ocrx_word' id='word_1_37' title='bbox 534 676 679 749; x_wconf 86' lang='lat' dir='ltr'><strong>vocitant,</strong></span> <span class='ocrx_word' id='word_1_38' title='bbox 695 676 745 737; x_wconf 83' lang='lat' dir='ltr'><strong>vel</strong></span> <span class='ocrx_word' id='word_1_39' title='bbox 757 693 865 736; x_wconf 88' lang='lat' dir='ltr'><strong>secun·</strong></span> <span class='ocrx_word' id='word_1_40' title='bbox 913 676 1001 745; x_wconf 90' lang='lat' dir='ltr'><strong>dum,</strong></span> <span class='ocrx_word' id='word_1_41' title='bbox 1013 676 1127 756; x_wconf 90' lang='lat' dir='ltr'><strong>inquit,</strong></span> <span class='ocrx_word' id='word_1_42' title='bbox 1144 676 1183 737; x_wconf 92' lang='lat' dir='ltr'><strong>ab</strong></span> <span class='ocrx_word' id='word_1_43' title='bbox 1196 677 1288 738; x_wconf 88' lang='lat' dir='ltr'><strong>initio</strong></span> <span class='ocrx_word' id='word_1_44' title='bbox 1303 675 1513 757; x_wconf 90' lang='lat' dir='ltr'><strong>plasmationis</strong></span> <span class='ocrx_word' id='word_1_45' title='bbox 1521 679 1635 735; x_wconf 80' lang='lat' dir='ltr'><strong>nostra</strong></span> <span class='ocrx_word' id='word_1_46' title='bbox 1649 673 1684 733; x_wconf 90' lang='lat' dir='ltr'><strong>in</strong></span> 
     </span>
     <span class='ocr_line' id='line_1_5' title="bbox 96 765 1685 848; baseline 0.001 -21"><span class='ocrx_word' id='word_1_47' title='bbox 96 765 167 827; x_wconf 89' lang='lat' dir='ltr'><strong>dum</strong></span> <span class='ocrx_word' id='word_1_48' title='bbox 191 765 369 827; x_wconf 87' lang='lat' dir='ltr'><strong>accidentes</strong></span> <span class='ocrx_word' id='word_1_49' title='bbox 405 767 585 846; x_wconf 87' lang='lat' dir='ltr'><strong>qualitates,</strong></span> <span class='ocrx_word' id='word_1_50' title='bbox 614 785 683 846; x_wconf 73' lang='lat' dir='ltr'><strong>quaa</strong></span> <span class='ocrx_word' id='word_1_51' title='bbox 718 773 863 828; x_wconf 89' lang='lat' dir='ltr'><strong>naturam</strong></span> <span class='ocrx_word' id='word_1_52' title='bbox 913 769 1012 830; x_wconf 76' lang='lat' dir='ltr'><strong>Adam</strong></span> <span class='ocrx_word' id='word_1_53' title='bbox 1027 786 1063 830; x_wconf 88' lang='lat' dir='ltr'><strong>ca</strong></span> <span class='ocrx_word' id='word_1_54' title='bbox 1077 787 1147 848; x_wconf 86' lang='lat' dir='ltr'><strong>quae</strong></span> <span class='ocrx_word' id='word_1_55' title='bbox 1161 769 1317 831; x_wconf 83' lang='lat' dir='ltr'><strong>fuitalleo</strong></span> <span class='ocrx_word' id='word_1_56' title='bbox 1325 769 1487 847; x_wconf 87' lang='lat' dir='ltr'><strong>inspiratio</strong></span> <span class='ocrx_word' id='word_1_57' title='bbox 1496 767 1579 840; x_wconf 79' lang='lat' dir='ltr'><strong>vitm,</strong></span> <span class='ocrx_word' id='word_1_58' title='bbox 1596 766 1685 828; x_wconf 90' lang='lat' dir='ltr'><strong>unita</strong></span> 
     </span>
     <span class='ocr_line' id='line_1_6' title="bbox 95 854 1686 940; baseline -0.001 -22"><span class='ocrx_word' id='word_1_59' title='bbox 95 857 315 936; x_wconf 64' lang='lat' dir='ltr'><strong>complentur</strong></span> <span class='ocrx_word' id='word_1_60' title='bbox 335 858 511 938; x_wconf 86' lang='lat' dir='ltr'><strong>perficiunt.</strong></span> <span class='ocrx_word' id='word_1_61' title='bbox 527 860 631 922; x_wconf 83' lang='lat' dir='ltr'><strong>Priore</strong></span> <span class='ocrx_word' id='word_1_62' title='bbox 645 861 738 921; x_wconf 92' lang='lat' dir='ltr'><strong>modo</strong></span> <span class='ocrx_word' id='word_1_63' title='bbox 752 859 863 935; x_wconf 86' lang='lat' dir='ltr'><strong>imagi-</strong></span> <span class='ocrx_word' id='word_1_64' title='bbox 914 861 1057 940; x_wconf 89' lang='lat' dir='ltr'><strong>plasmati</strong></span> <span class='ocrx_word' id='word_1_65' title='bbox 1068 861 1216 923; x_wconf 84' lang='lat' dir='ltr'><strong>animarit</strong></span> <span class='ocrx_word' id='word_1_66' title='bbox 1229 854 1401 926; x_wconf 78' lang='lat' dir='ltr'><strong>homiirem.</strong></span> <span class='ocrx_word' id='word_1_67' title='bbox 1417 865 1449 921; x_wconf 89' lang='lat' dir='ltr'><strong>et</strong></span> <span class='ocrx_word' id='word_1_68' title='bbox 1461 857 1580 919; x_wconf 90' lang='lat' dir='ltr'><strong>animal</strong></span> <span class='ocrx_word' id='word_1_69' title='bbox 1592 857 1686 917; x_wconf 87' lang='lat' dir='ltr'><strong>ratio·</strong></span> 
     </span>
     <span class='ocr_line' id='line_1_7' title="bbox 95 948 1681 1031; baseline -0.001 -22"><span class='ocrx_word' id='word_1_70' title='bbox 95 966 163 1009; x_wconf 87' lang='lat' dir='ltr'><strong>nem</strong></span> <span class='ocrx_word' id='word_1_71' title='bbox 181 949 237 1010; x_wconf 84' lang='lat' dir='ltr'><strong>Dei</strong></span> <span class='ocrx_word' id='word_1_72' title='bbox 253 949 287 1009; x_wconf 91' lang='lat' dir='ltr'><strong>in</strong></span> <span class='ocrx_word' id='word_1_73' title='bbox 299 949 509 1031; x_wconf 88' lang='lat' dir='ltr'><strong>intelligentis,</strong></span> <span class='ocrx_word' id='word_1_74' title='bbox 522 953 863 1014; x_wconf 82' lang='lat' dir='ltr'><strong>arrationalisnaturae</strong></span> <span class='ocrx_word' id='word_1_75' title='bbox 912 951 1016 1013; x_wconf 88' lang='lat' dir='ltr'><strong>nubile</strong></span> <span class='ocrx_word' id='word_1_76' title='bbox 1041 953 1199 1015; x_wconf 86' lang='lat' dir='ltr'><strong>ostendit:</strong></span> <span class='ocrx_word' id='word_1_77' title='bbox 1221 953 1271 1014; x_wconf 90' lang='lat' dir='ltr'><strong>Sic</strong></span> <span class='ocrx_word' id='word_1_78' title='bbox 1284 953 1317 1012; x_wconf 93' lang='lat' dir='ltr'><strong>in</strong></span> <span class='ocrx_word' id='word_1_79' title='bbox 1332 951 1394 1012; x_wconf 87' lang='lat' dir='ltr'><strong>fine</strong></span> <span class='ocrx_word' id='word_1_80' title='bbox 1408 950 1548 1012; x_wconf 88' lang='lat' dir='ltr'><strong>Verbum</strong></span> <span class='ocrx_word' id='word_1_81' title='bbox 1573 948 1681 1024; x_wconf 88' lang='lat' dir='ltr'><strong>Patris,</strong></span> 
     </span>
     <span class='ocr_line' id='line_1_8' title="bbox 96 1039 1683 1125; baseline -0.001 -24"><span class='ocrx_word' id='word_1_82' title='bbox 96 1039 271 1101; x_wconf 88' lang='lat' dir='ltr'><strong>conditione</strong></span> <span class='ocrx_word' id='word_1_83' title='bbox 285 1041 502 1104; x_wconf 77' lang='lat' dir='ltr'><strong>collocavimus</strong></span> <span class='ocrx_word' id='word_1_84' title='bbox 518 1064 525 1106; x_wconf 91' lang='lat'><strong>:</strong></span> <span class='ocrx_word' id='word_1_85' title='bbox 539 1062 635 1123; x_wconf 92' lang='lat' dir='ltr'><strong>quam</strong></span> <span class='ocrx_word' id='word_1_86' title='bbox 648 1044 768 1106; x_wconf 81' lang='lat' dir='ltr'><strong>Adamo</strong></span> <span class='ocrx_word' id='word_1_87' title='bbox 782 1045 864 1105; x_wconf 88' lang='lat' dir='ltr'><strong>Deus</strong></span> <span class='ocrx_word' id='word_1_88' title='bbox 913 1049 944 1105; x_wconf 91' lang='lat' dir='ltr'><strong>et</strong></span> <span class='ocrx_word' id='word_1_89' title='bbox 959 1044 1093 1125; x_wconf 81' lang='lat' dir='ltr'>Spiritus</span> <span class='ocrx_word' id='word_1_90' title='bbox 1108 1046 1173 1122; x_wconf 86' lang='lat' dir='ltr'><strong>Dei,</strong></span> <span class='ocrx_word' id='word_1_91' title='bbox 1192 1045 1340 1106; x_wconf 86' lang='lat' dir='ltr'><strong>adunitus</strong></span> <span class='ocrx_word' id='word_1_92' title='bbox 1354 1044 1489 1124; x_wconf 75' lang='lat' dir='ltr'><strong>antiquae</strong></span> <span class='ocrx_word' id='word_1_93' title='bbox 1503 1040 1683 1103; x_wconf 88' lang='lat' dir='ltr'><strong>substantiae</strong></span> 
     </span>
     <span class='ocr_line' id='line_1_9' title="bbox 96 1130 1683 1221; baseline 0.002 -30"><span class='ocrx_word' id='word_1_94' title='bbox 96 1130 306 1193; x_wconf 77' lang='lat' dir='ltr'><strong>affiaaitvitali</strong></span> <span class='ocrx_word' id='word_1_95' title='bbox 324 1132 422 1196; x_wconf 90' lang='lat' dir='ltr'><strong>halitu</strong></span> <span class='ocrx_word' id='word_1_96' title='bbox 450 1135 516 1205; x_wconf 79' lang='lat' dir='ltr'><strong>illo,</strong></span> <span class='ocrx_word' id='word_1_97' title='bbox 537 1137 621 1217; x_wconf 89' lang='lat' dir='ltr'><strong>quod</strong></span> <span class='ocrx_word' id='word_1_98' title='bbox 645 1136 863 1217; x_wconf 77' lang='lat' dir='ltr'><strong>vitoespirumt·</strong></span> <span class='ocrx_word' id='word_1_99' title='bbox 898 1136 1125 1221; x_wconf 77' lang='lat' dir='ltr'><strong>,plasmationis</strong></span> <span class='ocrx_word' id='word_1_100' title='bbox 1152 1138 1239 1211; x_wconf 76' lang='lat' dir='ltr'><strong>Adae,</strong></span> <span class='ocrx_word' id='word_1_101' title='bbox 1269 1137 1436 1210; x_wconf 87' lang='lat' dir='ltr'><strong>viventem,</strong></span> <span class='ocrx_word' id='word_1_102' title='bbox 1459 1141 1490 1196; x_wconf 93' lang='lat' dir='ltr'><strong>et</strong></span> <span class='ocrx_word' id='word_1_103' title='bbox 1513 1134 1683 1214; x_wconf 86' lang='lat' dir='ltr'><strong>perfectum</strong></span> 
     </span>
     <span class='ocr_line' id='line_1_10' title="bbox 97 1221 1685 1307; baseline 0 -23"><span class='ocrx_word' id='word_1_104' title='bbox 97 1221 269 1286; x_wconf 72' lang='lat' dir='ltr'><strong>hmlloses</strong></span> <span class='ocrx_word' id='word_1_105' title='bbox 286 1225 450 1305; x_wconf 81' lang='lat' dir='ltr'><strong>appellat⁸.</strong></span> <span class='ocrx_word' id='word_1_106' title='bbox 474 1228 647 1290; x_wconf 86' lang='lat' dir='ltr'><strong>Posteriora</strong></span> <span class='ocrx_word' id='word_1_107' title='bbox 666 1246 753 1306; x_wconf 83' lang='lat' dir='ltr'><strong>vero,</strong></span> <span class='ocrx_word' id='word_1_108' title='bbox 768 1230 801 1290; x_wconf 92' lang='lat' dir='ltr'><strong>in</strong></span> <span class='ocrx_word' id='word_1_109' title='bbox 815 1247 864 1290; x_wconf 91' lang='lat' dir='ltr'><strong>sa·</strong></span> <span class='ocrx_word' id='word_1_110' title='bbox 913 1227 1016 1289; x_wconf 82' lang='lat' dir='ltr'><strong>effecit</strong></span> <span class='ocrx_word' id='word_1_111' title='bbox 1033 1229 1206 1305; x_wconf 90' lang='lat' dir='ltr'><strong>hominem,</strong></span> <span class='ocrx_word' id='word_1_112' title='bbox 1236 1230 1408 1307; x_wconf 91' lang='lat' dir='ltr'><strong>capientem</strong></span> <span class='ocrx_word' id='word_1_113' title='bbox 1432 1226 1602 1307; x_wconf 84' lang='lat' dir='ltr'><strong>perlectum</strong></span> <span class='ocrx_word' id='word_1_114' title='bbox 1631 1225 1685 1284; x_wconf 88' lang='lat' dir='ltr'><strong>Pa·</strong></span> 
     </span>
     <span class='ocr_line' id='line_1_11' title="bbox 96 1316 1684 1401; baseline 0.001 -25"><span class='ocrx_word' id='word_1_115' title='bbox 96 1316 213 1396; x_wconf 65' lang='lat' dir='ltr'><strong>penda,</strong></span> <span class='ocrx_word' id='word_1_116' title='bbox 227 1322 263 1378; x_wconf 89' lang='lat' dir='ltr'><strong>et</strong></span> <span class='ocrx_word' id='word_1_117' title='bbox 273 1318 423 1380; x_wconf 81' lang='lat' dir='ltr'><strong>virtutum</strong></span> <span class='ocrx_word' id='word_1_118' title='bbox 436 1321 579 1383; x_wconf 90' lang='lat' dir='ltr'><strong>omnium</strong></span> <span class='ocrx_word' id='word_1_119' title='bbox 589 1322 676 1384; x_wconf 90' lang='lat' dir='ltr'><strong>cultu</strong></span> <span class='ocrx_word' id='word_1_120' title='bbox 689 1327 863 1401; x_wconf 87' lang='lat' dir='ltr'><strong>ornatuque</strong></span> <span class='ocrx_word' id='word_1_121' title='bbox 911 1324 992 1381; x_wconf 88' lang='lat' dir='ltr'><strong>trem</strong></span> <span class='ocrx_word' id='word_1_122' title='bbox 1008 1341 1015 1381; x_wconf 92' lang='lat'><strong>:</strong></span> <span class='ocrx_word' id='word_1_123' title='bbox 1032 1326 1069 1381; x_wconf 92' lang='lat' dir='ltr'><strong>ut</strong></span> <span class='ocrx_word' id='word_1_124' title='bbox 1091 1321 1355 1399; x_wconf 86' lang='lat' dir='ltr'><strong>quemadmodum</strong></span> <span class='ocrx_word' id='word_1_125' title='bbox 1377 1321 1410 1380; x_wconf 92' lang='lat' dir='ltr'><strong>in</strong></span> <span class='ocrx_word' id='word_1_126' title='bbox 1424 1318 1550 1380; x_wconf 89' lang='lat' dir='ltr'><strong>animali</strong></span> <span class='ocrx_word' id='word_1_127' title='bbox 1575 1334 1684 1379; x_wconf 90' lang='lat' dir='ltr'><strong>omnes</strong></span> 
     </span>
     <span class='ocr_line' id='line_1_12' title="bbox 96 1406 1682 1493; baseline -0.001 -24"><span class='ocrx_word' id='word_1_128' title='bbox 96 1406 176 1468; x_wconf 80' lang='lat' dir='ltr'><strong>uitam</strong></span> <span class='ocrx_word' id='word_1_129' title='bbox 188 1425 259 1470; x_wconf 88' lang='lat' dir='ltr'><strong>esse</strong></span> <span class='ocrx_word' id='word_1_130' title='bbox 274 1409 447 1471; x_wconf 81' lang='lat' dir='ltr'><strong>docuimus.</strong></span> <span class='ocrx_word' id='word_1_131' title='bbox 912 1412 1029 1474; x_wconf 91' lang='lat' dir='ltr'><strong>mortui</strong></span> <span class='ocrx_word' id='word_1_132' title='bbox 1042 1430 1159 1486; x_wconf 90' lang='lat' dir='ltr'><strong>sumus,</strong></span> <span class='ocrx_word' id='word_1_133' title='bbox 1175 1412 1218 1473; x_wconf 92' lang='lat' dir='ltr'><strong>sic</strong></span> <span class='ocrx_word' id='word_1_134' title='bbox 1239 1414 1272 1473; x_wconf 90' lang='lat' dir='ltr'><strong>in</strong></span> <span class='ocrx_word' id='word_1_135' title='bbox 1296 1411 1447 1493; x_wconf 82' lang='lat' dir='ltr'><strong>spirituali</strong></span> <span class='ocrx_word' id='word_1_136' title='bbox 1461 1427 1570 1473; x_wconf 89' lang='lat' dir='ltr'><strong>omnes</strong></span> <span class='ocrx_word' id='word_1_137' title='bbox 1582 1407 1682 1468; x_wconf 85' lang='lat' dir='ltr'><strong>virifi-</strong></span> 
     </span>
     <span class='ocr_line' id='line_1_13' title="bbox 130 1501 1683 1585; baseline 0 -23"><span class='ocrx_word' id='word_1_138' title='bbox 130 1501 269 1581; x_wconf 75' lang='lat' dir='ltr'><strong>Utroque</strong></span> <span class='ocrx_word' id='word_1_139' title='bbox 290 1502 394 1577; x_wconf 91' lang='lat' dir='ltr'><strong>modo,</strong></span> <span class='ocrx_word' id='word_1_140' title='bbox 408 1504 468 1564; x_wconf 92' lang='lat' dir='ltr'><strong>hoc</strong></span> <span class='ocrx_word' id='word_1_141' title='bbox 481 1508 527 1564; x_wconf 90' lang='lat' dir='ltr'><strong>est</strong></span> <span class='ocrx_word' id='word_1_142' title='bbox 546 1502 730 1579; x_wconf 87' lang='lat' dir='ltr'><strong>absolutam,</strong></span> <span class='ocrx_word' id='word_1_143' title='bbox 747 1511 779 1566; x_wconf 92' lang='lat' dir='ltr'><strong>ct</strong></span> <span class='ocrx_word' id='word_1_144' title='bbox 792 1522 862 1585; x_wconf 88' lang='lat' dir='ltr'><strong>per-</strong></span> <span class='ocrx_word' id='word_1_145' title='bbox 912 1522 1028 1575; x_wconf 79' lang='lat' dir='ltr'><strong>cemur.</strong></span> <span class='ocrx_word' id='word_1_146' title='bbox 1047 1526 1063 1563; x_wconf 79' lang='lat' dir='ltr'><strong>a</strong></span> <span class='ocrx_word' id='word_1_147' title='bbox 1081 1505 1160 1566; x_wconf 89' lang='lat' dir='ltr'><strong>Vide</strong></span> <span class='ocrx_word' id='word_1_148' title='bbox 1186 1504 1331 1566; x_wconf 91' lang='lat' dir='ltr'><strong>eumdem</strong></span> <span class='ocrx_word' id='word_1_149' title='bbox 1354 1503 1435 1565; x_wconf 89' lang='lat' dir='ltr'><strong>libro</strong></span> <span class='ocrx_word' id='word_1_150' title='bbox 1450 1503 1488 1579; x_wconf 88' lang='lat' dir='ltr'><strong>V,</strong></span> <span class='ocrx_word' id='word_1_151' title='bbox 1512 1501 1611 1580; x_wconf 86' lang='lat' dir='ltr'><strong>capita</strong></span> <span class='ocrx_word' id='word_1_152' title='bbox 1638 1516 1683 1562; x_wconf 86' lang='lat' dir='ltr'><strong>xu</strong></span> 
     </span>
     <span class='ocr_line' id='line_1_14' title="bbox 96 1590 1027 1677; baseline 0.004 -23"><span class='ocrx_word' id='word_1_153' title='bbox 96 1590 209 1668; x_wconf 79' lang='lat' dir='ltr'><strong>hetam,</strong></span> <span class='ocrx_word' id='word_1_154' title='bbox 227 1612 287 1673; x_wconf 88' lang='lat' dir='ltr'><strong>pro</strong></span> <span class='ocrx_word' id='word_1_155' title='bbox 312 1594 441 1656; x_wconf 91' lang='lat' dir='ltr'><strong>modulo</strong></span> <span class='ocrx_word' id='word_1_156' title='bbox 466 1596 597 1657; x_wconf 91' lang='lat' dir='ltr'><strong>humani</strong></span> <span class='ocrx_word' id='word_1_157' title='bbox 617 1601 735 1677; x_wconf 90' lang='lat' dir='ltr'><strong>captus,</strong></span> <span class='ocrx_word' id='word_1_158' title='bbox 755 1597 864 1676; x_wconf 89' lang='lat' dir='ltr'><strong>imagi·</strong></span> <span class='ocrx_word' id='word_1_159' title='bbox 913 1602 945 1658; x_wconf 90' lang='lat' dir='ltr'><strong>et</strong></span> <span class='ocrx_word' id='word_1_160' title='bbox 958 1615 1027 1658; x_wconf 85' lang='lat' dir='ltr'><strong>xvr.</strong></span> 
     </span>
     <span class='ocr_line' id='line_1_15' title="bbox 96 1683 1680 1770; baseline 0.001 -26"><span class='ocrx_word' id='word_1_161' title='bbox 96 1702 162 1744; x_wconf 86' lang='lat' dir='ltr'><strong>nem</strong></span> <span class='ocrx_word' id='word_1_162' title='bbox 174 1683 244 1761; x_wconf 81' lang='lat' dir='ltr'><strong>uei,</strong></span> <span class='ocrx_word' id='word_1_163' title='bbox 262 1704 300 1748; x_wconf 91' lang='lat' dir='ltr'><strong>ac</strong></span> <span class='ocrx_word' id='word_1_164' title='bbox 313 1686 547 1749; x_wconf 90' lang='lat' dir='ltr'><strong>similitudinem</strong></span> <span class='ocrx_word' id='word_1_165' title='bbox 572 1689 708 1750; x_wconf 64' lang='lat' dir='ltr'><strong>aldarnus</strong></span> <span class='ocrx_word' id='word_1_166' title='bbox 734 1690 860 1770; x_wconf 90' lang='lat' dir='ltr'><strong>accepit,</strong></span> <span class='ocrx_word' id='word_1_167' title='bbox 955 1689 1006 1751; x_wconf 86' lang='lat' dir='ltr'><strong>Sic</strong></span> <span class='ocrx_word' id='word_1_168' title='bbox 1027 1690 1213 1752; x_wconf 75' lang='lat' dir='ltr'><strong>Athanasius</strong></span> <span class='ocrx_word' id='word_1_169' title='bbox 1234 1691 1270 1751; x_wconf 88' lang='lat' dir='ltr'><strong>in</strong></span> <span class='ocrx_word' id='word_1_170' title='bbox 1295 1689 1375 1750; x_wconf 90' lang='lat' dir='ltr'><strong>libro</strong></span> <span class='ocrx_word' id='word_1_171' title='bbox 1401 1686 1436 1748; x_wconf 84' lang='lat' dir='ltr'><strong>de</strong></span> <span class='ocrx_word' id='word_1_172' title='bbox 1460 1686 1680 1760; x_wconf 74' lang='lat' dir='ltr'><strong>lacerantium,</strong></span> 
     </span>
     <span class='ocr_line' id='line_1_16' title="bbox 96 1779 1681 1862; baseline 0.002 -26"><span class='ocrx_word' id='word_1_173' title='bbox 96 1793 161 1836; x_wconf 89' lang='lat' dir='ltr'><strong>cum</strong></span> <span class='ocrx_word' id='word_1_174' title='bbox 171 1794 274 1856; x_wconf 89' lang='lat' dir='ltr'><strong>caque</strong></span> <span class='ocrx_word' id='word_1_175' title='bbox 286 1784 468 1858; x_wconf 89' lang='lat' dir='ltr'><strong>procreatus</strong></span> <span class='ocrx_word' id='word_1_176' title='bbox 482 1785 539 1841; x_wconf 91' lang='lat' dir='ltr'><strong>est.</strong></span> <span class='ocrx_word' id='word_1_177' title='bbox 562 1781 634 1843; x_wconf 82' lang='lat' dir='ltr'><strong>Post</strong></span> <span class='ocrx_word' id='word_1_178' title='bbox 653 1787 759 1843; x_wconf 85' lang='lat' dir='ltr'><strong>autem</strong></span> <span class='ocrx_word' id='word_1_179' title='bbox 772 1783 864 1862; x_wconf 89' lang='lat' dir='ltr'><strong>culpa</strong></span> <span class='ocrx_word' id='word_1_180' title='bbox 913 1781 1071 1843; x_wconf 87' lang='lat' dir='ltr'><strong>Christum</strong></span> <span class='ocrx_word' id='word_1_181' title='bbox 1078 1784 1193 1844; x_wconf 89' lang='lat' dir='ltr'><strong>idcirco</strong></span> <span class='ocrx_word' id='word_1_182' title='bbox 1208 1782 1378 1862; x_wconf 77' lang='lat' dir='ltr'><strong>suscepisse</strong></span> <span class='ocrx_word' id='word_1_183' title='bbox 1390 1780 1552 1842; x_wconf 91' lang='lat' dir='ltr'><strong>hominem</strong></span> <span class='ocrx_word' id='word_1_184' title='bbox 1565 1779 1681 1856; x_wconf 81' lang='lat' dir='ltr'><strong>scribit,</strong></span> 
     </span>
     <span class='ocr_line' id='line_1_17' title="bbox 96 1869 1683 1955; baseline 0.002 -26"><span class='ocrx_word' id='word_1_185' title='bbox 96 1885 146 1929; x_wconf 84' lang='lat' dir='ltr'><strong>sua</strong></span> <span class='ocrx_word' id='word_1_186' title='bbox 165 1869 365 1949; x_wconf 75' lang='lat' dir='ltr'><strong>clcpmvatim,</strong></span> <span class='ocrx_word' id='word_1_187' title='bbox 390 1872 544 1947; x_wconf 89' lang='lat' dir='ltr'><strong>eamdem,</strong></span> <span class='ocrx_word' id='word_1_188' title='bbox 560 1891 622 1952; x_wconf 90' lang='lat' dir='ltr'><strong>qua</strong></span> <span class='ocrx_word' id='word_1_189' title='bbox 636 1879 723 1953; x_wconf 89' lang='lat' dir='ltr'><strong>parte</strong></span> <span class='ocrx_word' id='word_1_190' title='bbox 736 1879 864 1935; x_wconf 88' lang='lat' dir='ltr'><strong>natura·</strong></span> <span class='ocrx_word' id='word_1_191' title='bbox 912 1879 949 1934; x_wconf 90' lang='lat' dir='ltr'><strong>ut</strong></span> <span class='ocrx_word' id='word_1_192' title='bbox 971 1876 1145 1936; x_wconf 89' lang='lat' dir='ltr'><strong>humanum</strong></span> <span class='ocrx_word' id='word_1_193' title='bbox 1163 1893 1263 1955; x_wconf 89' lang='lat' dir='ltr'><strong>genus</strong></span> <span class='ocrx_word' id='word_1_194' title='bbox 1276 1874 1408 1935; x_wconf 89' lang='lat' dir='ltr'><strong>rationis</strong></span> <span class='ocrx_word' id='word_1_195' title='bbox 1421 1889 1529 1952; x_wconf 84' lang='lat' dir='ltr'><strong>expers</strong></span> <span class='ocrx_word' id='word_1_196' title='bbox 1556 1879 1683 1951; x_wconf 85' lang='lat' dir='ltr'><strong>peccato</strong></span> 
     </span>
     <span class='ocr_line' id='line_1_18' title="bbox 96 1958 1684 2046; baseline 0.001 -25"><span class='ocrx_word' id='word_1_197' title='bbox 96 1958 138 2034; x_wconf 85' lang='lat' dir='ltr'><strong>iis,</strong></span> <span class='ocrx_word' id='word_1_198' title='bbox 152 1967 183 2021; x_wconf 85' lang='lat' dir='ltr'><strong>et</strong></span> <span class='ocrx_word' id='word_1_199' title='bbox 194 1968 323 2039; x_wconf 71' lang='grc' dir='ltr'>ὠσιώδης</span> <span class='ocrx_word' id='word_1_200' title='bbox 335 1967 412 2037; x_wconf 87' lang='lat' dir='ltr'><strong>crat,</strong></span> <span class='ocrx_word' id='word_1_201' title='bbox 435 1963 565 2025; x_wconf 88' lang='lat' dir='ltr'><strong>retinuit</strong></span> <span class='ocrx_word' id='word_1_202' title='bbox 580 1985 588 2025; x_wconf 74' lang='grc' dir='ltr'>ε</span> <span class='ocrx_word' id='word_1_203' title='bbox 604 1965 710 2042; x_wconf 90' lang='lat' dir='ltr'><strong>decus,</strong></span> <span class='ocrx_word' id='word_1_204' title='bbox 724 1971 755 2027; x_wconf 91' lang='lat' dir='ltr'><strong>et</strong></span> <span class='ocrx_word' id='word_1_205' title='bbox 774 1983 865 2027; x_wconf 91' lang='lat' dir='ltr'><strong>urna·</strong></span> <span class='ocrx_word' id='word_1_206' title='bbox 911 1964 1078 2042; x_wconf 90' lang='lat' dir='ltr'><strong>redditum,</strong></span> <span class='ocrx_word' id='word_1_207' title='bbox 1093 1967 1133 2028; x_wconf 89' lang='lat' dir='ltr'><strong>ad</strong></span> <span class='ocrx_word' id='word_1_208' title='bbox 1156 1967 1293 2046; x_wconf 84' lang='lat' dir='ltr'><strong>priorem</strong></span> <span class='ocrx_word' id='word_1_209' title='bbox 1314 1970 1430 2026; x_wconf 89' lang='lat' dir='ltr'><strong>statum</strong></span> <span class='ocrx_word' id='word_1_210' title='bbox 1455 1964 1631 2034; x_wconf 87' lang='lat' dir='ltr'><strong>deduceret,</strong></span> <span class='ocrx_word' id='word_1_211' title='bbox 1653 1968 1684 2023; x_wconf 91' lang='lat' dir='ltr'><strong>ct</strong></span> 
     </span>
     <span class='ocr_line' id='line_1_19' title="bbox 96 2052 1680 2137; baseline 0.003 -25"><span class='ocrx_word' id='word_1_212' title='bbox 96 2056 169 2128; x_wconf 89' lang='lat' dir='ltr'><strong>turn,</strong></span> <span class='ocrx_word' id='word_1_213' title='bbox 182 2052 247 2112; x_wconf 84' lang='lat' dir='ltr'><strong>sire</strong></span> <span class='ocrx_word' id='word_1_214' title='bbox 261 2052 483 2132; x_wconf 77' lang='lat' dir='ltr'><strong>perfectionem</strong></span> <span class='ocrx_word' id='word_1_215' title='bbox 505 2055 589 2116; x_wconf 91' lang='lat' dir='ltr'><strong>illius</strong></span> <span class='ocrx_word' id='word_1_216' title='bbox 603 2057 716 2133; x_wconf 91' lang='lat' dir='ltr'><strong>amisit,</strong></span> <span class='ocrx_word' id='word_1_217' title='bbox 732 2076 863 2137; x_wconf 88' lang='lat' dir='ltr'><strong>eamque</strong></span> <span class='ocrx_word' id='word_1_218' title='bbox 912 2055 1045 2119; x_wconf 87' lang='lat' dir='ltr'><strong>deletum</strong></span> <span class='ocrx_word' id='word_1_219' title='bbox 1068 2058 1101 2118; x_wconf 90' lang='lat' dir='ltr'><strong>in</strong></span> <span class='ocrx_word' id='word_1_220' title='bbox 1120 2076 1157 2120; x_wconf 94' lang='lat' dir='ltr'><strong>eo</strong></span> <span class='ocrx_word' id='word_1_221' title='bbox 1176 2059 1316 2119; x_wconf 87' lang='lat' dir='ltr'><strong>divinam</strong></span> <span class='ocrx_word' id='word_1_222' title='bbox 1340 2056 1482 2118; x_wconf 86' lang='lat' dir='ltr'><strong>reficeret</strong></span> <span class='ocrx_word' id='word_1_223' title='bbox 1497 2054 1680 2133; x_wconf 79' lang='lat' dir='ltr'><strong>imaginem.</strong></span> 
     </span>
     <span class='ocr_line' id='line_1_20' title="bbox 93 2142 1681 2228; baseline 0.001 -24"><span class='ocrx_word' id='word_1_224' title='bbox 93 2142 253 2220; x_wconf 81' lang='lat' dir='ltr'><strong>jacturam,</strong></span> <span class='ocrx_word' id='word_1_225' title='bbox 267 2162 305 2205; x_wconf 88' lang='lat' dir='ltr'><strong>ac</strong></span> <span class='ocrx_word' id='word_1_226' title='bbox 316 2145 468 2207; x_wconf 88' lang='lat' dir='ltr'><strong>damnum</strong></span> <span class='ocrx_word' id='word_1_227' title='bbox 481 2148 650 2209; x_wconf 88' lang='lat' dir='ltr'><strong>transmisit</strong></span> <span class='ocrx_word' id='word_1_228' title='bbox 662 2149 696 2209; x_wconf 91' lang='lat' dir='ltr'><strong>in</strong></span> <span class='ocrx_word' id='word_1_229' title='bbox 711 2155 860 2228; x_wconf 88' lang='lat' dir='ltr'><strong>posteros.</strong></span> <span class='ocrx_word' id='word_1_230' title='bbox 916 2149 1011 2209; x_wconf 76' lang='lat' dir='ltr'><strong>«Per</strong></span> <span class='ocrx_word' id='word_1_231' title='bbox 1036 2149 1206 2210; x_wconf 85' lang='lat' dir='ltr'><strong>adventum</strong></span> <span class='ocrx_word' id='word_1_232' title='bbox 1232 2148 1363 2217; x_wconf 89' lang='lat' dir='ltr'><strong>Christi,</strong></span> <span class='ocrx_word' id='word_1_233' title='bbox 1394 2148 1438 2208; x_wconf 93' lang='lat' dir='ltr'><strong>ait</strong></span> <span class='ocrx_word' id='word_1_234' title='bbox 1468 2143 1681 2218; x_wconf 84' lang='lat' dir='ltr'><strong>Ambrosius⁸,</strong></span> 
     </span>
     <span class='ocr_line' id='line_1_21' title="bbox 97 2234 1683 2321; baseline -0.001 -22"><span class='ocrx_word' id='word_1_235' title='bbox 97 2234 266 2299; x_wconf 82' lang='lat' dir='ltr'><strong>Nascuntur</strong></span> <span class='ocrx_word' id='word_1_236' title='bbox 286 2237 373 2298; x_wconf 92' lang='lat' dir='ltr'><strong>euim</strong></span> <span class='ocrx_word' id='word_1_237' title='bbox 399 2256 507 2300; x_wconf 89' lang='lat' dir='ltr'><strong>ornnes</strong></span> <span class='ocrx_word' id='word_1_238' title='bbox 523 2260 539 2298; x_wconf 88' lang='lat' dir='ltr'><strong>c</strong></span> <span class='ocrx_word' id='word_1_239' title='bbox 553 2239 607 2300; x_wconf 83' lang='lat' dir='ltr'><strong>tilii</strong></span> <span class='ocrx_word' id='word_1_240' title='bbox 631 2242 699 2317; x_wconf 82' lang='lat' dir='ltr'><strong>irre,</strong></span> <span class='ocrx_word' id='word_1_241' title='bbox 719 2240 776 2301; x_wconf 90' lang='lat' dir='ltr'><strong>filii</strong></span> <span class='ocrx_word' id='word_1_242' title='bbox 798 2242 865 2303; x_wconf 89' lang='lat' dir='ltr'><strong>vin·</strong></span> <span class='ocrx_word' id='word_1_243' title='bbox 912 2240 1018 2314; x_wconf 89' lang='lat' dir='ltr'><strong>homo,</strong></span> <span class='ocrx_word' id='word_1_244' title='bbox 1047 2242 1102 2321; x_wconf 92' lang='lat' dir='ltr'><strong>qui</strong></span> <span class='ocrx_word' id='word_1_245' title='bbox 1128 2248 1195 2303; x_wconf 88' lang='lat' dir='ltr'><strong>erat</strong></span> <span class='ocrx_word' id='word_1_246' title='bbox 1228 2238 1458 2312; x_wconf 86' lang='lat' dir='ltr'><strong>irrationabilis,</strong></span> <span class='ocrx_word' id='word_1_247' title='bbox 1490 2237 1683 2299; x_wconf 89' lang='lat' dir='ltr'><strong>rationabilis</strong></span> 
     </span>
     <span class='ocr_line' id='line_1_22' title="bbox 96 2326 1680 2419; baseline 0.002 -32"><span class='ocrx_word' id='word_1_248' title='bbox 96 2326 196 2402; x_wconf 79' lang='lat' dir='ltr'><strong>dictu,</strong></span> <span class='ocrx_word' id='word_1_249' title='bbox 210 2328 263 2388; x_wconf 86' lang='lat' dir='ltr'><strong>lilii</strong></span> <span class='ocrx_word' id='word_1_250' title='bbox 276 2347 386 2408; x_wconf 79' lang='lat' dir='ltr'><strong>poenre,</strong></span> <span class='ocrx_word' id='word_1_251' title='bbox 400 2328 459 2389; x_wconf 85' lang='lat' dir='ltr'><strong>lilii</strong></span> <span class='ocrx_word' id='word_1_252' title='bbox 471 2333 633 2410; x_wconf 69' lang='lat' dir='ltr'><strong>gehennae,</strong></span> <span class='ocrx_word' id='word_1_253' title='bbox 647 2357 661 2386; x_wconf 72' lang='grc' dir='ltr'><strong>ι</strong></span> <span class='ocrx_word' id='word_1_254' title='bbox 682 2333 725 2393; x_wconf 91' lang='lat' dir='ltr'><strong>ait</strong></span> <span class='ocrx_word' id='word_1_255' title='bbox 740 2333 863 2411; x_wconf 76' lang='lat' dir='ltr'><strong>Augus-</strong></span> <span class='ocrx_word' id='word_1_256' title='bbox 911 2331 1013 2394; x_wconf 87' lang='lat' dir='ltr'><strong>factus</strong></span> <span class='ocrx_word' id='word_1_257' title='bbox 1039 2338 1094 2394; x_wconf 90' lang='lat' dir='ltr'><strong>est.</strong></span> <span class='ocrx_word' id='word_1_258' title='bbox 1111 2334 1191 2395; x_wconf 79' lang='lat' dir='ltr'><strong>Ante</strong></span> <span class='ocrx_word' id='word_1_259' title='bbox 1214 2351 1338 2395; x_wconf 91' lang='lat' dir='ltr'><strong>eramus</strong></span> <span class='ocrx_word' id='word_1_260' title='bbox 1361 2331 1475 2395; x_wconf 89' lang='lat' dir='ltr'><strong>similes</strong></span> <span class='ocrx_word' id='word_1_261' title='bbox 1500 2331 1680 2419; x_wconf 83' lang='lat' dir='ltr'><strong>bestiarum,</strong></span> 
     </span>
     <span class='ocr_line' id='line_1_23' title="bbox 96 2418 1682 2505; baseline 0.003 -26"><span class='ocrx_word' id='word_1_262' title='bbox 96 2418 179 2479; x_wconf 85' lang='lat' dir='ltr'><strong>tinus</strong></span> <span class='ocrx_word' id='word_1_263' title='bbox 189 2418 211 2481; x_wconf 81' lang='lat'><strong>⁸.</strong></span> <span class='ocrx_word' id='word_1_264' title='bbox 230 2420 325 2482; x_wconf 80' lang='lat' dir='ltr'><strong>«Inde</strong></span> <span class='ocrx_word' id='word_1_265' title='bbox 346 2427 446 2483; x_wconf 90' lang='lat' dir='ltr'><strong>tracta</strong></span> <span class='ocrx_word' id='word_1_266' title='bbox 470 2423 653 2501; x_wconf 87' lang='lat' dir='ltr'><strong>mortalitas,</strong></span> <span class='ocrx_word' id='word_1_267' title='bbox 672 2422 777 2505; x_wconf 83' lang='lat' dir='ltr'><strong>(verba</strong></span> <span class='ocrx_word' id='word_1_268' title='bbox 790 2430 864 2486; x_wconf 88' lang='lat' dir='ltr'><strong>sunt</strong></span> <span class='ocrx_word' id='word_1_269' title='bbox 912 2443 983 2504; x_wconf 74' lang='lat' dir='ltr'><strong>quae</strong></span> <span class='ocrx_word' id='word_1_270' title='bbox 1009 2427 1162 2487; x_wconf 88' lang='lat' dir='ltr'><strong>rationem</strong></span> <span class='ocrx_word' id='word_1_271' title='bbox 1188 2427 1347 2501; x_wconf 71' lang='lat' dir='ltr'><strong>nesciunt,</strong></span> <span class='ocrx_word' id='word_1_272' title='bbox 1374 2442 1497 2486; x_wconf 90' lang='lat' dir='ltr'><strong>cramus</strong></span> <span class='ocrx_word' id='word_1_273' title='bbox 1531 2423 1682 2499; x_wconf 86' lang='lat' dir='ltr'><strong>carnales,</strong></span> 
     </span>
     <span class='ocr_line' id='line_1_24' title="bbox 97 2510 1682 2598; baseline 0.004 -27"><span class='ocrx_word' id='word_1_274' title='bbox 97 2510 258 2591; x_wconf 74' lang='lat' dir='ltr'><strong>Prosperi⁸l</strong></span> <span class='ocrx_word' id='word_1_275' title='bbox 273 2513 347 2574; x_wconf 88' lang='lat' dir='ltr'><strong>inde</strong></span> <span class='ocrx_word' id='word_1_276' title='bbox 361 2514 524 2594; x_wconf 85' lang='lat' dir='ltr'><strong>multiplex</strong></span> <span class='ocrx_word' id='word_1_277' title='bbox 536 2516 648 2590; x_wconf 92' lang='lat' dir='ltr'><strong>animi,</strong></span> <span class='ocrx_word' id='word_1_278' title='bbox 665 2516 863 2596; x_wconf 78' lang='lat' dir='ltr'><strong>corporisque</strong></span> <span class='ocrx_word' id='word_1_279' title='bbox 913 2534 1036 2579; x_wconf 88' lang='lat' dir='ltr'><strong>eramus</strong></span> <span class='ocrx_word' id='word_1_280' title='bbox 1057 2518 1184 2594; x_wconf 87' lang='lat' dir='ltr'><strong>terreni,</strong></span> <span class='ocrx_word' id='word_1_281' title='bbox 1209 2518 1299 2598; x_wconf 81' lang='lat' dir='ltr'><strong>juxta</strong></span> <span class='ocrx_word' id='word_1_282' title='bbox 1322 2517 1446 2578; x_wconf 89' lang='lat' dir='ltr'><strong>Domini</strong></span> <span class='ocrx_word' id='word_1_283' title='bbox 1478 2514 1682 2590; x_wconf 81' lang='lat' dir='ltr'><strong>sententiam3</strong></span> 
     </span>
     <span class='ocr_line' id='line_1_25' title="bbox 97 2604 1682 2685; baseline 0.003 -23"><span class='ocrx_word' id='word_1_284' title='bbox 97 2604 259 2683; x_wconf 73' lang='lat' dir='ltr'><strong>corruptio,</strong></span> <span class='ocrx_word' id='word_1_285' title='bbox 288 2604 361 2665; x_wconf 88' lang='lat' dir='ltr'><strong>inde</strong></span> <span class='ocrx_word' id='word_1_286' title='bbox 402 2605 588 2684; x_wconf 89' lang='lat' dir='ltr'><strong>ignorantia,</strong></span> <span class='ocrx_word' id='word_1_287' title='bbox 624 2612 656 2667; x_wconf 91' lang='lat' dir='ltr'><strong>et</strong></span> <span class='ocrx_word' id='word_1_288' title='bbox 689 2607 862 2684; x_wconf 84' lang='lat' dir='ltr'><strong>difficultas,</strong></span> <span class='ocrx_word' id='word_1_289' title='bbox 913 2610 1008 2670; x_wconf 88' lang='lat' dir='ltr'><strong>Terra</strong></span> <span class='ocrx_word' id='word_1_290' title='bbox 1020 2627 1064 2685; x_wconf 90' lang='lat' dir='ltr'><strong>es,</strong></span> <span class='ocrx_word' id='word_1_291' title='bbox 1080 2610 1158 2670; x_wconf 91' lang='lat' dir='ltr'><strong>etin</strong></span> <span class='ocrx_word' id='word_1_292' title='bbox 1171 2618 1287 2671; x_wconf 87' lang='lat' dir='ltr'><strong>terram</strong></span> <span class='ocrx_word' id='word_1_293' title='bbox 1307 2608 1375 2669; x_wconf 88' lang='lat' dir='ltr'><strong>ibis.</strong></span> <span class='ocrx_word' id='word_1_294' title='bbox 1398 2607 1490 2668; x_wconf 88' lang='lat' dir='ltr'><strong>Venit</strong></span> <span class='ocrx_word' id='word_1_295' title='bbox 1504 2606 1682 2681; x_wconf 79' lang='lat' dir='ltr'><strong>DeiFilius3</strong></span> 
     </span>
     <span class='ocr_line' id='line_1_26' title="bbox 97 2694 1684 2781; baseline 0.002 -26"><span class='ocrx_word' id='word_1_296' title='bbox 97 2710 172 2755; x_wconf 79' lang='lat' dir='ltr'><strong>cura</strong></span> <span class='ocrx_word' id='word_1_297' title='bbox 195 2694 334 2771; x_wconf 89' lang='lat' dir='ltr'><strong>inutiles,</strong></span> <span class='ocrx_word' id='word_1_298' title='bbox 359 2695 475 2758; x_wconf 77' lang='lat' dir='ltr'><strong>illicitae</strong></span> <span class='ocrx_word' id='word_1_299' title='bbox 502 2697 698 2778; x_wconf 82' lang='lat' dir='ltr'><strong>cupiditates,</strong></span> <span class='ocrx_word' id='word_1_300' title='bbox 725 2700 864 2779; x_wconf 78' lang='lat' dir='ltr'><strong>sacrilegi</strong></span> <span class='ocrx_word' id='word_1_301' title='bbox 913 2700 996 2760; x_wconf 90' lang='lat' dir='ltr'><strong>misit</strong></span> <span class='ocrx_word' id='word_1_302' title='bbox 1010 2701 1162 2781; x_wconf 87' lang='lat' dir='ltr'><strong>Spiritum</strong></span> <span class='ocrx_word' id='word_1_303' title='bbox 1175 2719 1269 2763; x_wconf 90' lang='lat' dir='ltr'><strong>suum</strong></span> <span class='ocrx_word' id='word_1_304' title='bbox 1287 2702 1321 2761; x_wconf 91' lang='lat' dir='ltr'><strong>in</strong></span> <span class='ocrx_word' id='word_1_305' title='bbox 1346 2699 1436 2763; x_wconf 90' lang='lat' dir='ltr'><strong>corda</strong></span> <span class='ocrx_word' id='word_1_306' title='bbox 1461 2704 1568 2760; x_wconf 87' lang='lat' dir='ltr'><strong>nostra</strong></span> <span class='ocrx_word' id='word_1_307' title='bbox 1585 2718 1592 2759; x_wconf 92' lang='lat'><strong>:</strong></span> <span class='ocrx_word' id='word_1_308' title='bbox 1612 2696 1684 2759; x_wconf 82' lang='lat' dir='ltr'><strong>iacti</strong></span> 
     </span>
     <span class='ocr_line' id='line_1_27' title="bbox 97 2787 1321 2873; baseline 0.005 -28"><span class='ocrx_word' id='word_1_309' title='bbox 97 2802 221 2862; x_wconf 85' lang='lat' dir='ltr'><strong>errores,</strong></span> <span class='ocrx_word' id='word_1_310' title='bbox 242 2787 339 2848; x_wconf 89' lang='lat' dir='ltr'><strong>timor</strong></span> <span class='ocrx_word' id='word_1_311' title='bbox 360 2806 469 2863; x_wconf 85' lang='lat' dir='ltr'><strong>vanus,</strong></span> <span class='ocrx_word' id='word_1_312' title='bbox 484 2806 574 2851; x_wconf 90' lang='lat' dir='ltr'><strong>amor</strong></span> <span class='ocrx_word' id='word_1_313' title='bbox 598 2790 722 2867; x_wconf 84' lang='lat' dir='ltr'><strong>noxius,</strong></span> <span class='ocrx_word' id='word_1_314' title='bbox 748 2791 864 2870; x_wconf 85' lang='lat' dir='ltr'><strong>iujusta</strong></span> <span class='ocrx_word' id='word_1_315' title='bbox 913 2809 1020 2853; x_wconf 88' lang='lat' dir='ltr'><strong>sumus</strong></span> <span class='ocrx_word' id='word_1_316' title='bbox 1033 2792 1089 2854; x_wconf 87' lang='lat' dir='ltr'><strong>filii</strong></span> <span class='ocrx_word' id='word_1_317' title='bbox 1104 2794 1321 2873; x_wconf 80' lang='lat' dir='ltr'><strong>spirituales.»</strong></span> 
     </span>
     <span class='ocr_line' id='line_1_28' title="bbox 97 2878 1684 2965; baseline 0.002 -26"><span class='ocrx_word' id='word_1_318' title='bbox 97 2878 213 2955; x_wconf 79' lang='lat' dir='ltr'><strong>gaudia,</strong></span> <span class='ocrx_word' id='word_1_319' title='bbox 241 2879 422 2959; x_wconf 78' lang='lat' dir='ltr'><strong>poenitenda</strong></span> <span class='ocrx_word' id='word_1_320' title='bbox 450 2881 588 2954; x_wconf 88' lang='lat' dir='ltr'><strong>consilia,</strong></span> <span class='ocrx_word' id='word_1_321' title='bbox 618 2886 649 2942; x_wconf 92' lang='lat' dir='ltr'><strong>et</strong></span> <span class='ocrx_word' id='word_1_322' title='bbox 669 2900 735 2943; x_wconf 91' lang='lat' dir='ltr'><strong>non</strong></span> <span class='ocrx_word' id='word_1_323' title='bbox 760 2882 864 2944; x_wconf 88' lang='lat' dir='ltr'><strong>minor</strong></span> <span class='ocrx_word' id='word_1_324' title='bbox 953 2885 1044 2946; x_wconf 87' lang='lat' dir='ltr'><strong>Hunc</strong></span> <span class='ocrx_word' id='word_1_325' title='bbox 1070 2885 1174 2947; x_wconf 88' lang='lat' dir='ltr'><strong>locum</strong></span> <span class='ocrx_word' id='word_1_326' title='bbox 1198 2885 1355 2948; x_wconf 88' lang='lat' dir='ltr'><strong>uberrime</strong></span> <span class='ocrx_word' id='word_1_327' title='bbox 1377 2888 1543 2965; x_wconf 88' lang='lat' dir='ltr'><strong>pertractat</strong></span> <span class='ocrx_word' id='word_1_328' title='bbox 1576 2888 1684 2944; x_wconf 86' lang='lat' dir='ltr'><strong>auctor</strong></span> 
     </span>
     <span class='ocr_line' id='line_1_29' title="bbox 97 2967 1685 3061; baseline 0.004 -33"><span class='ocrx_word' id='word_1_329' title='bbox 97 2967 285 3031; x_wconf 90' lang='lat' dir='ltr'><strong>miseriarum</strong></span> <span class='ocrx_word' id='word_1_330' title='bbox 312 2971 492 3048; x_wconf 86' lang='lat' dir='ltr'><strong>multitudo,</strong></span> <span class='ocrx_word' id='word_1_331' title='bbox 521 2990 615 3061; x_wconf 90' lang='lat' dir='ltr'><strong>quam</strong></span> <span class='ocrx_word' id='word_1_332' title='bbox 643 2973 858 3035; x_wconf 82' lang='lat' dir='ltr'><strong>criminuma</strong></span> <span class='ocrx_word' id='word_1_333' title='bbox 911 2974 1049 3038; x_wconf 81' lang='lat' dir='ltr'><strong>bomilia</strong></span> <span class='ocrx_word' id='word_1_334' title='bbox 1082 2994 1195 3054; x_wconf 82' lang='lat' dir='ltr'><strong>xcvm,</strong></span> <span class='ocrx_word' id='word_1_335' title='bbox 1224 2978 1301 3039; x_wconf 91' lang='lat' dir='ltr'><strong>tomi</strong></span> <span class='ocrx_word' id='word_1_336' title='bbox 1322 2977 1350 3037; x_wconf 90' lang='lat' dir='ltr'>V</span> <span class='ocrx_word' id='word_1_337' title='bbox 1373 2992 1504 3056; x_wconf 90' lang='lat' dir='ltr'><strong>operum</strong></span> <span class='ocrx_word' id='word_1_338' title='bbox 1537 2975 1685 3054; x_wconf 85' lang='lat' dir='ltr'><strong>Chrysos-</strong></span> 
     </span>
     <span class='ocr_line' id='line_1_30' title="bbox 98 3058 1685 3150; baseline 0.004 -31"><span class='ocrx_word' id='word_1_339' title='bbox 98 3058 163 3120; x_wconf 78' lang='lat' dir='ltr'><strong>llec</strong></span> <span class='ocrx_word' id='word_1_340' title='bbox 176 3067 251 3122; x_wconf 90' lang='lat' dir='ltr'><strong>suut</strong></span> <span class='ocrx_word' id='word_1_341' title='bbox 268 3062 383 3124; x_wconf 80' lang='lat' dir='ltr'><strong>divinae</strong></span> <span class='ocrx_word' id='word_1_342' title='bbox 403 3063 549 3140; x_wconf 83' lang='lat' dir='ltr'><strong>imaginis</strong></span> <span class='ocrx_word' id='word_1_343' title='bbox 566 3066 601 3126; x_wconf 93' lang='lat' dir='ltr'><strong>in</strong></span> <span class='ocrx_word' id='word_1_344' title='bbox 618 3064 747 3126; x_wconf 87' lang='lat' dir='ltr'><strong>homine</strong></span> <span class='ocrx_word' id='word_1_345' title='bbox 762 3065 863 3127; x_wconf 87' lang='lat' dir='ltr'><strong>delor—</strong></span> <span class='ocrx_word' id='word_1_346' title='bbox 911 3068 1022 3130; x_wconf 87' lang='lat' dir='ltr'><strong>tom1*:</strong></span> <span class='ocrx_word' id='word_1_347' title='bbox 1052 3069 1106 3131; x_wconf 89' lang='lat' dir='ltr'><strong>ubi</strong></span> <span class='ocrx_word' id='word_1_348' title='bbox 1135 3069 1214 3130; x_wconf 90' lang='lat' dir='ltr'><strong>illud</strong></span> <span class='ocrx_word' id='word_1_349' title='bbox 1246 3069 1383 3150; x_wconf 84' lang='lat' dir='ltr'><strong>exponit,</strong></span> <span class='ocrx_word' id='word_1_350' title='bbox 1419 3066 1685 3149; x_wconf 89' lang='lat' dir='ltr'><strong>quemadmodum</strong></span> 
     </span>
     <span class='ocr_line' id='line_1_31' title="bbox 98 3154 1686 3242; baseline 0.004 -30"><span class='ocrx_word' id='word_1_351' title='bbox 98 3157 195 3227; x_wconf 84' lang='lat' dir='ltr'><strong>natae,</strong></span> <span class='ocrx_word' id='word_1_352' title='bbox 208 3160 424 3234; x_wconf 81' lang='lat' dir='ltr'><strong>corruptaeque</strong></span> <span class='ocrx_word' id='word_1_353' title='bbox 438 3154 563 3234; x_wconf 88' lang='lat' dir='ltr'><strong>probra,</strong></span> <span class='ocrx_word' id='word_1_354' title='bbox 579 3174 614 3218; x_wconf 93' lang='lat' dir='ltr'><strong>ac</strong></span> <span class='ocrx_word' id='word_1_355' title='bbox 625 3156 775 3218; x_wconf 86' lang='lat' dir='ltr'><strong>dedecora</strong></span> <span class='ocrx_word' id='word_1_356' title='bbox 792 3157 865 3220; x_wconf 78' lang='lat' dir='ltr'><strong>:baa</strong></span> <span class='ocrx_word' id='word_1_357' title='bbox 911 3158 1017 3234; x_wconf 89' lang='lat' dir='ltr'><strong>bomo,</strong></span> <span class='ocrx_word' id='word_1_358' title='bbox 1033 3179 1129 3241; x_wconf 88' lang='lat' dir='ltr'><strong>quam</strong></span> <span class='ocrx_word' id='word_1_359' title='bbox 1151 3168 1313 3242; x_wconf 85' lang='lat' dir='ltr'><strong>acceperat</strong></span> <span class='ocrx_word' id='word_1_360' title='bbox 1339 3161 1509 3239; x_wconf 80' lang='lat' dir='ltr'><strong>imaginem</strong></span> <span class='ocrx_word' id='word_1_361' title='bbox 1530 3159 1585 3220; x_wconf 88' lang='lat' dir='ltr'><strong>Del</strong></span> <span class='ocrx_word' id='word_1_362' title='bbox 1599 3164 1629 3219; x_wconf 91' lang='lat' dir='ltr'><strong>et</strong></span> <span class='ocrx_word' id='word_1_363' title='bbox 1643 3158 1686 3218; x_wconf 90' lang='lat' dir='ltr'><strong>si·</strong></span> 
     </span>
     <span class='ocr_line' id='line_1_32' title="bbox 99 3240 1686 3332; baseline 0.004 -28"><span class='ocrx_word' id='word_1_364' title='bbox 99 3240 186 3321; x_wconf 82' lang='lat' dir='ltr'><strong>labes,</strong></span> <span class='ocrx_word' id='word_1_365' title='bbox 202 3253 232 3305; x_wconf 95' lang='lat' dir='ltr'><strong>et</strong></span> <span class='ocrx_word' id='word_1_366' title='bbox 246 3245 388 3323; x_wconf 76' lang='lat' dir='ltr'><strong>macrum,</strong></span> <span class='ocrx_word' id='word_1_367' title='bbox 404 3246 518 3326; x_wconf 90' lang='lat' dir='ltr'><strong>quibus</strong></span> <span class='ocrx_word' id='word_1_368' title='bbox 531 3248 685 3309; x_wconf 87' lang='lat' dir='ltr'><strong>excellens</strong></span> <span class='ocrx_word' id='word_1_369' title='bbox 699 3249 792 3326; x_wconf 88' lang='lat' dir='ltr'><strong>primi</strong></span> <span class='ocrx_word' id='word_1_370' title='bbox 806 3251 862 3310; x_wconf 93' lang='lat' dir='ltr'><strong>ho·</strong></span> <span class='ocrx_word' id='word_1_371' title='bbox 912 3252 1143 3329; x_wconf 89' lang='lat' dir='ltr'><strong>militudimem,</strong></span> <span class='ocrx_word' id='word_1_372' title='bbox 1169 3254 1246 3314; x_wconf 77' lang='lat' dir='ltr'><strong>vitio</strong></span> <span class='ocrx_word' id='word_1_373' title='bbox 1273 3272 1330 3315; x_wconf 91' lang='lat' dir='ltr'><strong>suo</strong></span> <span class='ocrx_word' id='word_1_374' title='bbox 1358 3251 1628 3332; x_wconf 88' lang='lat' dir='ltr'><strong>conspurcaverit,</strong></span> <span class='ocrx_word' id='word_1_375' title='bbox 1654 3254 1686 3311; x_wconf 88' lang='lat' dir='ltr'><strong>el</strong></span> 
     </span>
     <span class='ocr_line' id='line_1_33' title="bbox 98 3334 1686 3423; baseline 0.004 -28"><span class='ocrx_word' id='word_1_376' title='bbox 98 3334 185 3395; x_wconf 87' lang='lat' dir='ltr'><strong>minis</strong></span> <span class='ocrx_word' id='word_1_377' title='bbox 205 3336 402 3416; x_wconf 85' lang='lat' dir='ltr'><strong>pulchritudo</strong></span> <span class='ocrx_word' id='word_1_378' title='bbox 427 3337 541 3400; x_wconf 86' lang='lat' dir='ltr'><strong>loedata</strong></span> <span class='ocrx_word' id='word_1_379' title='bbox 555 3345 609 3401; x_wconf 87' lang='lat' dir='ltr'><strong>est.</strong></span> <span class='ocrx_word' id='word_1_380' title='bbox 627 3339 724 3419; x_wconf 84' lang='lat' dir='ltr'><strong>Cujus</strong></span> <span class='ocrx_word' id='word_1_381' title='bbox 743 3340 863 3402; x_wconf 90' lang='lat' dir='ltr'><strong>instau-</strong></span> <span class='ocrx_word' id='word_1_382' title='bbox 912 3342 1084 3405; x_wconf 88' lang='lat' dir='ltr'><strong>bestiarum</strong></span> <span class='ocrx_word' id='word_1_383' title='bbox 1095 3345 1227 3406; x_wconf 87' lang='lat' dir='ltr'><strong>similem</strong></span> <span class='ocrx_word' id='word_1_384' title='bbox 1241 3363 1273 3405; x_wconf 92' lang='lat' dir='ltr'><strong>sa</strong></span> <span class='ocrx_word' id='word_1_385' title='bbox 1286 3345 1392 3407; x_wconf 86' lang='lat' dir='ltr'><strong>lecerit</strong></span> <span class='ocrx_word' id='word_1_386' title='bbox 1408 3364 1415 3403; x_wconf 91' lang='lat'>:</span> <span class='ocrx_word' id='word_1_387' title='bbox 1432 3362 1468 3405; x_wconf 88' lang='lat' dir='ltr'><strong>ac</strong></span> <span class='ocrx_word' id='word_1_388' title='bbox 1481 3360 1538 3423; x_wconf 90' lang='lat' dir='ltr'><strong>pro</strong></span> <span class='ocrx_word' id='word_1_389' title='bbox 1558 3341 1686 3403; x_wconf 83' lang='lat' dir='ltr'><strong>dirersis</strong></span> 
     </span>
     <span class='ocr_line' id='line_1_34' title="bbox 98 3424 1687 3515; baseline 0.006 -31"><span class='ocrx_word' id='word_1_390' title='bbox 98 3424 198 3486; x_wconf 80' lang='lat' dir='ltr'><strong>rundae</strong></span> <span class='ocrx_word' id='word_1_391' title='bbox 223 3427 322 3504; x_wconf 84' lang='lat' dir='ltr'><strong>gratia</strong></span> <span class='ocrx_word' id='word_1_392' title='bbox 350 3426 478 3487; x_wconf 89' lang='lat' dir='ltr'><strong>missum</strong></span> <span class='ocrx_word' id='word_1_393' title='bbox 502 3445 522 3488; x_wconf 93' lang='lat' dir='ltr'><strong>a</strong></span> <span class='ocrx_word' id='word_1_394' title='bbox 548 3430 636 3489; x_wconf 89' lang='lat' dir='ltr'><strong>Patre</strong></span> <span class='ocrx_word' id='word_1_395' title='bbox 662 3446 727 3490; x_wconf 88' lang='lat' dir='ltr'><strong>esse</strong></span> <span class='ocrx_word' id='word_1_396' title='bbox 749 3428 864 3492; x_wconf 82' lang='lat' dir='ltr'><strong>Filium</strong></span> <span class='ocrx_word' id='word_1_397' title='bbox 912 3435 1105 3510; x_wconf 86' lang='lat' dir='ltr'><strong>criminibus,</strong></span> <span class='ocrx_word' id='word_1_398' title='bbox 1119 3437 1220 3497; x_wconf 87' lang='lat' dir='ltr'><strong>varias</strong></span> <span class='ocrx_word' id='word_1_399' title='bbox 1233 3437 1267 3497; x_wconf 90' lang='lat' dir='ltr'><strong>in</strong></span> <span class='ocrx_word' id='word_1_400' title='bbox 1281 3453 1314 3497; x_wconf 88' lang='lat' dir='ltr'><strong>se</strong></span> <span class='ocrx_word' id='word_1_401' title='bbox 1327 3435 1638 3515; x_wconf 87' lang='lat' dir='ltr'><strong>belluarumspeciea,</strong></span> <span class='ocrx_word' id='word_1_402' title='bbox 1655 3433 1687 3494; x_wconf 78' lang='lat' dir='ltr'><strong>et</strong></span> 
     </span>
     <span class='ocr_line' id='line_1_35' title="bbox 100 3513 1683 3607; baseline 0.009 -30"><span class='ocrx_word' id='word_1_403' title='bbox 100 3513 229 3597; x_wconf 84' lang='lat' dir='ltr'><strong>plerique</strong></span> <span class='ocrx_word' id='word_1_404' title='bbox 243 3535 353 3578; x_wconf 91' lang='lat' dir='ltr'><strong>omnes</strong></span> <span class='ocrx_word' id='word_1_405' title='bbox 366 3518 488 3599; x_wconf 87' lang='lat' dir='ltr'><strong>antiqui</strong></span> <span class='ocrx_word' id='word_1_406' title='bbox 500 3520 681 3605; x_wconf 77' lang='lat' dir='ltr'><strong>pradicant.</strong></span> <span class='ocrx_word' id='word_1_407' title='bbox 912 3526 1027 3607; x_wconf 84' lang='lat' dir='ltr'><strong>figuras</strong></span> <span class='ocrx_word' id='word_1_408' title='bbox 1060 3528 1260 3607; x_wconf 88' lang='lat' dir='ltr'><strong>expresserit,</strong></span> <span class='ocrx_word' id='word_1_409' title='bbox 1295 3528 1406 3605; x_wconf 90' lang='lat' dir='ltr'><strong>leonis,</strong></span> <span class='ocrx_word' id='word_1_410' title='bbox 1440 3528 1480 3589; x_wconf 96' lang='lat' dir='ltr'><strong>ob</strong></span> <span class='ocrx_word' id='word_1_411' title='bbox 1516 3526 1683 3592; x_wconf 67' lang='lat' dir='ltr'><strong>sevitiami</strong></span> 
     </span>
     <span class='ocr_line' id='line_1_36' title="bbox 911 3617 1686 3701; baseline 0 -22"><span class='ocrx_word' id='word_1_412' title='bbox 911 3617 989 3701; x_wconf 91' lang='lat' dir='ltr'><strong>lupi,</strong></span> <span class='ocrx_word' id='word_1_413' title='bbox 1018 3624 1145 3700; x_wconf 89' lang='lat' dir='ltr'><strong>propter</strong></span> <span class='ocrx_word' id='word_1_414' title='bbox 1172 3621 1384 3700; x_wconf 79' lang='lat' dir='ltr'><strong>rapacitatem,</strong></span> <span class='ocrx_word' id='word_1_415' title='bbox 1411 3628 1469 3682; x_wconf 83' lang='lat' dir='ltr'><strong>eta.</strong></span> <span class='ocrx_word' id='word_1_416' title='bbox 1496 3619 1686 3695; x_wconf 74' lang='lat' dir='ltr'><strong>«Quoniam</strong></span> 
     </span>
     <span class='ocr_line' id='line_1_37' title="bbox 104 3699 1684 3791; baseline 0.008 -33"><span class='ocrx_word' id='word_1_417' title='bbox 104 3699 162 3761; x_wconf 77' lang='lat' dir='ltr'><strong>«ri</strong></span> <span class='ocrx_word' id='word_1_418' title='bbox 177 3700 254 3762; x_wconf 89' lang='lat' dir='ltr'><strong>mibi</strong></span> <span class='ocrx_word' id='word_1_419' title='bbox 271 3718 328 3782; x_wconf 87' lang='lat' dir='ltr'><strong>per</strong></span> <span class='ocrx_word' id='word_1_420' title='bbox 347 3701 504 3764; x_wconf 80' lang='lat' dir='ltr'><strong>Christum</strong></span> <span class='ocrx_word' id='word_1_421' title='bbox 532 3703 663 3787; x_wconf 84' lang='lat' dir='ltr'><strong>coelestis</strong></span> <span class='ocrx_word' id='word_1_422' title='bbox 688 3706 792 3784; x_wconf 88' lang='lat' dir='ltr'><strong>imago</strong></span> <span class='ocrx_word' id='word_1_423' title='bbox 814 3727 864 3770; x_wconf 89' lang='lat' dir='ltr'><strong>re·</strong></span> <span class='ocrx_word' id='word_1_424' title='bbox 913 3728 987 3790; x_wconf 90' lang='lat' dir='ltr'><strong>ergo</strong></span> <span class='ocrx_word' id='word_1_425' title='bbox 998 3710 1101 3790; x_wconf 87' lang='lat' dir='ltr'><strong>imago</strong></span> <span class='ocrx_word' id='word_1_426' title='bbox 1113 3712 1173 3772; x_wconf 88' lang='lat' dir='ltr'><strong>ista</strong></span> <span class='ocrx_word' id='word_1_427' title='bbox 1186 3712 1279 3773; x_wconf 86' lang='lat' dir='ltr'><strong>variis</strong></span> <span class='ocrx_word' id='word_1_428' title='bbox 1296 3712 1397 3774; x_wconf 91' lang='lat' dir='ltr'><strong>modis</strong></span> <span class='ocrx_word' id='word_1_429' title='bbox 1415 3716 1571 3791; x_wconf 89' lang='lat' dir='ltr'><strong>corrupta,</strong></span> <span class='ocrx_word' id='word_1_430' title='bbox 1585 3715 1618 3772; x_wconf 89' lang='lat' dir='ltr'><strong>et</strong></span> <span class='ocrx_word' id='word_1_431' title='bbox 1630 3710 1684 3770; x_wconf 87' lang='lat' dir='ltr'><strong>dc·</strong></span> 
     </span>
     <span class='ocr_line' id='line_1_38' title="bbox 761 3799 1685 3882; baseline 0.002 -22"><span class='ocrx_word' id='word_1_432' title='bbox 761 3799 862 3878; x_wconf 88' lang='lat' dir='ltr'><strong>[diret,</strong></span> <span class='ocrx_word' id='word_1_433' title='bbox 912 3801 975 3864; x_wconf 87' lang='lat' dir='ltr'><strong>leta</strong></span> <span class='ocrx_word' id='word_1_434' title='bbox 987 3802 1104 3880; x_wconf 83' lang='lat' dir='ltr'><strong>fuerat;</strong></span> <span class='ocrx_word' id='word_1_435' title='bbox 1116 3805 1202 3865; x_wconf 82' lang='lat' dir='ltr'><strong>venit</strong></span> <span class='ocrx_word' id='word_1_436' title='bbox 1216 3804 1366 3873; x_wconf 86' lang='lat' dir='ltr'><strong>Salvator,</strong></span> <span class='ocrx_word' id='word_1_437' title='bbox 1387 3809 1419 3866; x_wconf 91' lang='lat' dir='ltr'><strong>et</strong></span> <span class='ocrx_word' id='word_1_438' title='bbox 1430 3804 1599 3882; x_wconf 85' lang='lat' dir='ltr'><strong>imaginem</strong></span> <span class='ocrx_word' id='word_1_439' title='bbox 1613 3819 1685 3881; x_wconf 90' lang='lat' dir='ltr'><strong>pro-</strong></span> 
     </span>
     <span class='ocr_line' id='line_1_39' title="bbox 135 3884 1687 3974; baseline 0.004 -25"><span class='ocrx_word' id='word_1_440' title='bbox 135 3884 196 3949; x_wconf 85' lang='lat' dir='ltr'><strong>Qui</strong></span> <span class='ocrx_word' id='word_1_441' title='bbox 207 3903 297 3947; x_wconf 85' lang='lat' dir='ltr'><strong>cruce</strong></span> <span class='ocrx_word' id='word_1_442' title='bbox 311 3893 472 3947; x_wconf 83' lang='lat' dir='ltr'><strong>terrenum</strong></span> <span class='ocrx_word' id='word_1_443' title='bbox 494 3904 528 3947; x_wconf 86' lang='lat' dir='ltr'><strong>ae</strong></span> <span class='ocrx_word' id='word_1_444' title='bbox 551 3887 692 3967; x_wconf 81' lang='lat' dir='ltr'><strong>spoliavit</strong></span> <span class='ocrx_word' id='word_1_445' title='bbox 720 3890 861 3968; x_wconf 72' lang='lat' dir='ltr'><strong>Adam»</strong></span> <span class='ocrx_word' id='word_1_446' title='bbox 913 3894 1013 3974; x_wconf 88' lang='lat' dir='ltr'><strong>priam</strong></span> <span class='ocrx_word' id='word_1_447' title='bbox 1040 3895 1242 3970; x_wconf 79' lang='lat' dir='ltr'><strong>instaurarit3</strong></span> <span class='ocrx_word' id='word_1_448' title='bbox 1275 3902 1307 3958; x_wconf 87' lang='lat' dir='ltr'><strong>ct</strong></span> <span class='ocrx_word' id='word_1_449' title='bbox 1330 3913 1424 3974; x_wconf 90' lang='lat' dir='ltr'><strong>quam</strong></span> <span class='ocrx_word' id='word_1_450' title='bbox 1451 3894 1615 3955; x_wconf 91' lang='lat' dir='ltr'><strong>demolitus</strong></span> <span class='ocrx_word' id='word_1_451' title='bbox 1640 3899 1687 3955; x_wconf 89' lang='lat' dir='ltr'><strong>est</strong></span> 
     </span>
     <span class='ocr_line' id='line_1_40' title="bbox 12 3974 1683 4067; baseline 0.005 -33"><span class='ocrx_word' id='word_1_452' title='bbox 12 4046 14 4049; x_wconf 36' lang='lat'><strong>,</strong></span> <span class='ocrx_word' id='word_1_453' title='bbox 101 3974 291 4040; x_wconf 80' lang='lat' dir='ltr'><strong>ailParrliuus</strong></span> <span class='ocrx_word' id='word_1_454' title='bbox 303 3979 337 4039; x_wconf 83' lang='lat' dir='ltr'><strong>in</strong></span> <span class='ocrx_word' id='word_1_455' title='bbox 350 3978 534 4062; x_wconf 76' lang='lat' dir='ltr'><strong>Punepyn&#39;eo</strong></span> <span class='ocrx_word' id='word_1_456' title='bbox 554 3977 638 4044; x_wconf 76' lang='lat' dir='ltr'><strong>Celsi.</strong></span> <span class='ocrx_word' id='word_1_457' title='bbox 916 3985 1298 4067; x_wconf 88' lang='lat' dir='ltr'><strong>diabolus,hancportarit</strong></span> <span class='ocrx_word' id='word_1_458' title='bbox 1308 3986 1411 4067; x_wconf 79' lang='lat' dir='ltr'><strong>opifex</strong></span> <span class='ocrx_word' id='word_1_459' title='bbox 1421 3986 1516 4047; x_wconf 91' lang='lat' dir='ltr'><strong>homo</strong></span> <span class='ocrx_word' id='word_1_460' title='bbox 1530 3984 1627 4045; x_wconf 87' lang='lat' dir='ltr'><strong>factus</strong></span> <span class='ocrx_word' id='word_1_461' title='bbox 1637 3994 1683 4046; x_wconf 72' lang='lat'><strong>⁰.»</strong></span> 
     </span>
     <span class='ocr_line' id='line_1_41' title="bbox 12 4068 1687 4155; baseline -0.003 -11"><span class='ocrx_word' id='word_1_462' title='bbox 12 4068 14 4073; x_wconf 50' lang='grc'>’</span> <span class='ocrx_word' id='word_1_463' title='bbox 915 4075 965 4140; x_wconf 88' lang='lat' dir='ltr'><strong>Sic</strong></span> <span class='ocrx_word' id='word_1_464' title='bbox 989 4078 1127 4140; x_wconf 82' lang='lat' dir='ltr'><strong>Andreas</strong></span> <span class='ocrx_word' id='word_1_465' title='bbox 1152 4079 1327 4155; x_wconf 82' lang='lat' dir='ltr'><strong>Cretensis,</strong></span> <span class='ocrx_word' id='word_1_466' title='bbox 1359 4078 1459 4152; x_wconf 75' lang='lat' dir='ltr'><strong>«Qui</strong></span> <span class='ocrx_word' id='word_1_467' title='bbox 1481 4076 1687 4139; x_wconf 90' lang='lat' dir='ltr'><strong>substantium</strong></span> 
     </span>
    </p>
   </div>
   <div class='ocr_carea' id='block_1_3' title="bbox 12 4159 1689 4527">
    <p class='ocr_par' dir='ltr' id='par_1_3' title="bbox 12 4159 1689 4527">
     <span class='ocr_line' id='line_1_42' title="bbox 12 4159 1686 4250; baseline 0.008 -32"><span class='ocrx_word' id='word_1_468' title='bbox 12 4160 14 4213; x_wconf 75' lang='grc' dir='ltr'>ἰ</span> <span class='ocrx_word' id='word_1_469' title='bbox 136 4159 216 4222; x_wconf 83' lang='lat' dir='ltr'><strong>VIII.</strong></span> <span class='ocrx_word' id='word_1_470' title='bbox 236 4162 374 4224; x_wconf 76' lang='lat' dir='ltr'><strong>Irenasus</strong></span> <span class='ocrx_word' id='word_1_471' title='bbox 393 4162 428 4224; x_wconf 92' lang='lat' dir='ltr'><strong>in</strong></span> <span class='ocrx_word' id='word_1_472' title='bbox 454 4162 535 4225; x_wconf 90' lang='lat' dir='ltr'><strong>libro</strong></span> <span class='ocrx_word' id='word_1_473' title='bbox 550 4161 668 4241; x_wconf 76' lang='lat' dir='ltr'><strong>terti0⁸,</strong></span> <span class='ocrx_word' id='word_1_474' title='bbox 688 4166 867 4246; x_wconf 80' lang='lat' dir='ltr'><strong>crecapim-</strong></span> <span class='ocrx_word' id='word_1_475' title='bbox 914 4174 1053 4231; x_wconf 85' lang='lat' dir='ltr'><strong>nostram</strong></span> <span class='ocrx_word' id='word_1_476' title='bbox 1079 4171 1222 4250; x_wconf 86' lang='lat' dir='ltr'><strong>suscepit,</strong></span> <span class='ocrx_word' id='word_1_477' title='bbox 1247 4170 1360 4250; x_wconf 87' lang='lat' dir='ltr'><strong>inquit,</strong></span> <span class='ocrx_word' id='word_1_478' title='bbox 1376 4187 1446 4231; x_wconf 88' lang='lat' dir='ltr'><strong>eam</strong></span> <span class='ocrx_word' id='word_1_479' title='bbox 1465 4169 1499 4230; x_wconf 91' lang='lat' dir='ltr'><strong>in</strong></span> <span class='ocrx_word' id='word_1_480' title='bbox 1524 4170 1623 4248; x_wconf 87' lang='lat' dir='ltr'><strong>seipso</strong></span> <span class='ocrx_word' id='word_1_481' title='bbox 1637 4187 1686 4231; x_wconf 90' lang='lat' dir='ltr'><strong>re-</strong></span> 
     </span>
     <span class='ocr_line' id='line_1_43' title="bbox 102 4247 1688 4340; baseline 0.006 -27"><span class='ocrx_word' id='word_1_482' title='bbox 102 4247 173 4313; x_wconf 76' lang='lat' dir='ltr'><strong>laare</strong></span> <span class='ocrx_word' id='word_1_483' title='bbox 196 4253 352 4315; x_wconf 87' lang='lat' dir='ltr'><strong>Christum</strong></span> <span class='ocrx_word' id='word_1_484' title='bbox 371 4254 457 4328; x_wconf 89' lang='lat' dir='ltr'><strong>dicit,</strong></span> <span class='ocrx_word' id='word_1_485' title='bbox 473 4255 553 4317; x_wconf 91' lang='lat' dir='ltr'><strong>etin</strong></span> <span class='ocrx_word' id='word_1_486' title='bbox 566 4257 749 4337; x_wconf 88' lang='lat' dir='ltr'><strong>compendio</strong></span> <span class='ocrx_word' id='word_1_487' title='bbox 774 4258 866 4319; x_wconf 91' lang='lat' dir='ltr'><strong>nobis</strong></span> <span class='ocrx_word' id='word_1_488' title='bbox 915 4260 1070 4338; x_wconf 80' lang='lat' dir='ltr'><strong>formavit,</strong></span> <span class='ocrx_word' id='word_1_489' title='bbox 1085 4268 1205 4324; x_wconf 76' lang='lat' dir='ltr'><strong>naturae</strong></span> <span class='ocrx_word' id='word_1_490' title='bbox 1224 4267 1338 4323; x_wconf 86' lang='lat' dir='ltr'><strong>statum</strong></span> <span class='ocrx_word' id='word_1_491' title='bbox 1351 4262 1442 4323; x_wconf 92' lang='lat' dir='ltr'><strong>illum</strong></span> <span class='ocrx_word' id='word_1_492' title='bbox 1464 4260 1504 4321; x_wconf 90' lang='lat' dir='ltr'><strong>ad</strong></span> <span class='ocrx_word' id='word_1_493' title='bbox 1517 4261 1688 4340; x_wconf 89' lang='lat' dir='ltr'><strong>imaginem</strong></span> 
     </span>
     <span class='ocr_line' id='line_1_44' title="bbox 104 4343 1689 4434; baseline 0.006 -31"><span class='ocrx_word' id='word_1_494' title='bbox 104 4343 224 4407; x_wconf 77' lang='lat' dir='ltr'><strong>mlutem</strong></span> <span class='ocrx_word' id='word_1_495' title='bbox 234 4346 411 4425; x_wconf 73' lang='lat' dir='ltr'><strong>prestitisse</strong></span> <span class='ocrx_word' id='word_1_496' title='bbox 422 4367 431 4422; x_wconf 90' lang='lat'>;</span> <span class='ocrx_word' id='word_1_497' title='bbox 444 4353 481 4408; x_wconf 92' lang='lat' dir='ltr'><strong>ut</strong></span> <span class='ocrx_word' id='word_1_498' title='bbox 492 4349 575 4427; x_wconf 89' lang='lat' dir='ltr'><strong>quod</strong></span> <span class='ocrx_word' id='word_1_499' title='bbox 588 4347 821 4428; x_wconf 88' lang='lat' dir='ltr'><strong>perdideramus</strong></span> <span class='ocrx_word' id='word_1_500' title='bbox 831 4350 864 4410; x_wconf 92' lang='lat' dir='ltr'><strong>in</strong></span> <span class='ocrx_word' id='word_1_501' title='bbox 915 4352 1060 4430; x_wconf 90' lang='lat' dir='ltr'><strong>reddens,</strong></span> <span class='ocrx_word' id='word_1_502' title='bbox 1075 4354 1270 4433; x_wconf 85' lang='lat' dir='ltr'><strong>primamque</strong></span> <span class='ocrx_word' id='word_1_503' title='bbox 1293 4353 1488 4434; x_wconf 89' lang='lat' dir='ltr'><strong>dignitatem,</strong></span> <span class='ocrx_word' id='word_1_504' title='bbox 1505 4370 1601 4433; x_wconf 85' lang='lat' dir='ltr'><strong>quam</strong></span> <span class='ocrx_word' id='word_1_505' title='bbox 1627 4352 1689 4433; x_wconf 89' lang='lat' dir='ltr'><strong>pri-</strong></span> 
     </span>
     <span class='ocr_line' id='line_1_45' title="bbox 105 4433 1683 4527; baseline 0.004 -30"><span class='ocrx_word' id='word_1_506' title='bbox 105 4433 206 4512; x_wconf 79' lang='lat' dir='ltr'><strong>auam,</strong></span> <span class='ocrx_word' id='word_1_507' title='bbox 227 4437 260 4499; x_wconf 88' lang='lat' dir='ltr'><strong>id</strong></span> <span class='ocrx_word' id='word_1_508' title='bbox 273 4444 320 4500; x_wconf 86' lang='lat' dir='ltr'><strong>est</strong></span> <span class='ocrx_word' id='word_1_509' title='bbox 331 4439 503 4500; x_wconf 89' lang='lat' dir='ltr'><strong>secundum</strong></span> <span class='ocrx_word' id='word_1_510' title='bbox 517 4440 696 4517; x_wconf 81' lang='lat' dir='ltr'><strong>imaginem,</strong></span> <span class='ocrx_word' id='word_1_511' title='bbox 709 4449 739 4503; x_wconf 87' lang='lat' dir='ltr'><strong>et</strong></span> <span class='ocrx_word' id='word_1_512' title='bbox 759 4441 867 4503; x_wconf 91' lang='lat' dir='ltr'><strong>simili·</strong></span> <span class='ocrx_word' id='word_1_513' title='bbox 915 4460 1040 4505; x_wconf 90' lang='lat' dir='ltr'><strong>morum</strong></span> <span class='ocrx_word' id='word_1_514' title='bbox 1059 4445 1226 4507; x_wconf 90' lang='lat' dir='ltr'><strong>hominum</strong></span> <span class='ocrx_word' id='word_1_515' title='bbox 1246 4444 1434 4526; x_wconf 86' lang='lat' dir='ltr'><strong>negligentia</strong></span> <span class='ocrx_word' id='word_1_516' title='bbox 1447 4442 1683 4527; x_wconf 63' lang='lat' dir='ltr'><strong>perdideram.»</strong></span> 
     </span>
    </p>
   </div>
   <div class='ocr_carea' id='block_1_4' title="bbox 109 4658 1687 4903">
    <p class='ocr_par' dir='ltr' id='par_1_4' title="bbox 109 4658 1687 4903">
     <span class='ocr_line' id='line_1_46' title="bbox 139 4658 1687 4739; baseline 0 -22"><span class='ocrx_word' id='word_1_517' title='bbox 139 4676 159 4717; x_wconf 83' lang='lat' dir='ltr'><strong>a</strong></span> <span class='ocrx_word' id='word_1_518' title='bbox 174 4663 272 4719; x_wconf 74' lang='lat' dir='ltr'><strong>Cunus.</strong></span> <span class='ocrx_word' id='word_1_519' title='bbox 300 4660 373 4717; x_wconf 70' lang='lat' dir='ltr'><strong>&#39;Erat</strong></span> <span class='ocrx_word' id='word_1_520' title='bbox 395 4658 437 4717; x_wconf 73' lang='lat' dir='ltr'><strong>oba</strong></span> <span class='ocrx_word' id='word_1_521' title='bbox 464 4662 480 4732; x_wconf 72' lang='grc' dir='ltr'>ἡ</span> <span class='ocrx_word' id='word_1_522' title='bbox 507 4663 577 4718; x_wconf 74' lang='grc' dir='ltr'>εἰκὼν</span> <span class='ocrx_word' id='word_1_523' title='bbox 598 4665 658 4735; x_wconf 59' lang='grc' dir='ltr'><strong>αὕτη</strong></span> <span class='ocrx_word' id='word_1_524' title='bbox 681 4668 810 4739; x_wconf 72' lang='grc' dir='ltr'>διαφόρως,</span> <span class='ocrx_word' id='word_1_525' title='bbox 833 4668 868 4730; x_wconf 77' lang='grc' dir='ltr'><strong>ὡς</strong></span> <span class='ocrx_word' id='word_1_526' title='bbox 953 4659 1223 4717; x_wconf 71' lang='lat' dir='ltr'><strong>tarracinam</strong></span> <span class='ocrx_word' id='word_1_527' title='bbox 1237 4659 1314 4717; x_wconf 84' lang='lat' dir='ltr'><strong>calce</strong></span> <span class='ocrx_word' id='word_1_528' title='bbox 1334 4658 1410 4717; x_wconf 87' lang='lat' dir='ltr'><strong>bom.</strong></span> <span class='ocrx_word' id='word_1_529' title='bbox 1426 4658 1464 4717; x_wconf 81' lang='lat' dir='ltr'><strong>de</strong></span> <span class='ocrx_word' id='word_1_530' title='bbox 1479 4662 1635 4719; x_wconf 75' lang='lat' dir='ltr'><strong>[coornat.</strong></span> <span class='ocrx_word' id='word_1_531' title='bbox 1651 4661 1687 4717; x_wconf 74' lang='lat'><strong>&#39;0</strong></span> 
     </span>
     <span class='ocr_line' id='line_1_47' title="bbox 109 4742 1684 4822; baseline -0.001 -22"><span class='ocrx_word' id='word_1_532' title='bbox 109 4743 201 4817; x_wconf 63' lang='lat' dir='ltr'><strong>{pippis</strong></span> <span class='ocrx_word' id='word_1_533' title='bbox 214 4745 331 4809; x_wconf 71' lang='grc' dir='ltr'><strong>εἰπόντες,</strong></span> <span class='ocrx_word' id='word_1_534' title='bbox 340 4745 489 4819; x_wconf 73' lang='lat' dir='ltr'><strong>lpdapronal</strong></span> <span class='ocrx_word' id='word_1_535' title='bbox 503 4748 644 4812; x_wconf 75' lang='lat' dir='ltr'><strong>Brultluro,</strong></span> <span class='ocrx_word' id='word_1_536' title='bbox 658 4746 729 4817; x_wconf 71' lang='grc' dir='ltr'><strong>ἦλθεν</strong></span> <span class='ocrx_word' id='word_1_537' title='bbox 744 4749 758 4801; x_wconf 78' lang='grc' dir='ltr'>ὁ</span> <span class='ocrx_word' id='word_1_538' title='bbox 772 4748 866 4822; x_wconf 78' lang='grc' dir='ltr'><strong>σωτὴρ,</strong></span> <span class='ocrx_word' id='word_1_539' title='bbox 916 4744 995 4812; x_wconf 64' lang='lat' dir='ltr'><strong>urta</strong></span> <span class='ocrx_word' id='word_1_540' title='bbox 1006 4743 1124 4817; x_wconf 63' lang='lat' dir='ltr'><strong>ipseipse</strong></span> <span class='ocrx_word' id='word_1_541' title='bbox 1138 4742 1222 4798; x_wconf 66' lang='lat' dir='ltr'><strong>ataias</strong></span> <span class='ocrx_word' id='word_1_542' title='bbox 1236 4743 1364 4798; x_wconf 75' lang='grc' dir='ltr'>ἀναλαὸὼν</span> <span class='ocrx_word' id='word_1_543' title='bbox 1376 4743 1409 4807; x_wconf 82' lang='grc' dir='ltr'><strong>εἰς</strong></span> <span class='ocrx_word' id='word_1_544' title='bbox 1424 4743 1507 4799; x_wconf 64' lang='grc' dir='ltr'>ἑαυτὸν</span> <span class='ocrx_word' id='word_1_545' title='bbox 1517 4744 1684 4818; x_wconf 70' lang='grc' dir='ltr'><strong>ἂνεμόρφωσι,</strong></span> 
     </span>
     <span class='ocr_line' id='line_1_48' title="bbox 110 4826 1684 4903; baseline 0.003 -24"><span class='ocrx_word' id='word_1_546' title='bbox 110 4826 147 4877; x_wconf 74' lang='lat' dir='ltr'><strong>ul</strong></span> <span class='ocrx_word' id='word_1_547' title='bbox 157 4827 196 4895; x_wconf 76' lang='grc' dir='ltr'><strong>ιήν</strong></span> <span class='ocrx_word' id='word_1_548' title='bbox 210 4826 274 4882; x_wconf 70' lang='grc' dir='ltr'><strong>ἰδίαν</strong></span> <span class='ocrx_word' id='word_1_549' title='bbox 288 4827 370 4882; x_wconf 69' lang='lat' dir='ltr'><strong>eata«</strong></span> <span class='ocrx_word' id='word_1_550' title='bbox 383 4830 457 4883; x_wconf 78' lang='grc' dir='ltr'>πάλιν</span> <span class='ocrx_word' id='word_1_551' title='bbox 471 4829 601 4900; x_wconf 69' lang='grc' dir='ltr'>ἀνέστησε,</span> <span class='ocrx_word' id='word_1_552' title='bbox 615 4832 657 4884; x_wconf 73' lang='grc' dir='ltr'><strong>καὶ</strong></span> <span class='ocrx_word' id='word_1_553' title='bbox 670 4828 699 4899; x_wconf 71' lang='grc' dir='ltr'><strong>ἦν</strong></span> <span class='ocrx_word' id='word_1_554' title='bbox 715 4832 867 4886; x_wconf 66' lang='lat' dir='ltr'><strong>misceas</strong></span> <span class='ocrx_word' id='word_1_555' title='bbox 916 4826 1059 4899; x_wconf 67' lang='grc' dir='ltr'><strong>ἆποδοδςτῇ</strong></span> <span class='ocrx_word' id='word_1_556' title='bbox 1073 4828 1141 4898; x_wconf 73' lang='grc' dir='ltr'><strong>φύσει</strong></span> <span class='ocrx_word' id='word_1_557' title='bbox 1155 4826 1251 4881; x_wconf 75' lang='grc' dir='ltr'>τὸκατ’</span> <span class='ocrx_word' id='word_1_558' title='bbox 1266 4826 1357 4895; x_wconf 76' lang='grc' dir='ltr'>εἰκόνα,</span> <span class='ocrx_word' id='word_1_559' title='bbox 1371 4827 1412 4882; x_wconf 73' lang='grc' dir='ltr'><strong>καὶ</strong></span> <span class='ocrx_word' id='word_1_560' title='bbox 1424 4828 1454 4882; x_wconf 75' lang='grc' dir='ltr'><strong>τὸ</strong></span> <span class='ocrx_word' id='word_1_561' title='bbox 1467 4833 1565 4902; x_wconf 80' lang='grc' dir='ltr'><strong>πρῶτον</strong></span> <span class='ocrx_word' id='word_1_562' title='bbox 1579 4828 1684 4903; x_wconf 71' lang='grc' dir='ltr'><strong>ἀξίωμα,</strong></span> 
     </span>
    </p>
   </div>
   <div class='ocr_carea' id='block_1_5' title="bbox 110 4906 1496 5065">
    <p class='ocr_par' dir='ltr' id='par_1_5' title="bbox 110 4906 1496 5065">
     <span class='ocr_line' id='line_1_49' title="bbox 110 4906 1496 5065; baseline 0.001 -100"><span class='ocrx_word' id='word_1_563' title='bbox 110 4906 258 5065; x_wconf 47' lang='lat' dir='ltr'><strong>w,</strong></span> <span class='ocrx_word' id='word_1_564' title='bbox 279 4911 369 4982; x_wconf 64' lang='grc' dir='ltr'>ταύτην</span> <span class='ocrx_word' id='word_1_565' title='bbox 397 4910 509 4986; x_wconf 69' lang='lat' dir='ltr'><strong>tpdpsost</strong></span> <span class='ocrx_word' id='word_1_566' title='bbox 533 4912 714 4986; x_wconf 68' lang='grc' dir='ltr'>δδημιουργδς</span> <span class='ocrx_word' id='word_1_567' title='bbox 740 4914 868 4987; x_wconf 74' lang='grc' dir='ltr'><strong>ἅνθρωπος</strong></span> <span class='ocrx_word' id='word_1_568' title='bbox 916 4909 973 4967; x_wconf 76' lang='lat' dir='ltr'><strong>tn’</strong></span> <span class='ocrx_word' id='word_1_569' title='bbox 983 4909 1126 4983; x_wconf 74' lang='grc' dir='ltr'><strong>ἀπροσεξίαν</strong></span> <span class='ocrx_word' id='word_1_570' title='bbox 1135 4917 1185 4966; x_wconf 85' lang='grc' dir='ltr'><strong>τῶν</strong></span> <span class='ocrx_word' id='word_1_571' title='bbox 1199 4913 1363 4984; x_wconf 75' lang='grc' dir='ltr'>πρωτογόνων</span> <span class='ocrx_word' id='word_1_572' title='bbox 1374 4910 1496 4967; x_wconf 73' lang='grc' dir='ltr'><strong>ἀπώλεσε.</strong></span> 
     </span>
    </p>
   </div>
   <div class='ocr_carea' id='block_1_6' title="bbox 141 5154 1683 5305">
    <p class='ocr_par' dir='ltr' id='par_1_6' title="bbox 141 5154 1683 5305">
     <span class='ocr_line' id='line_1_50' title="bbox 141 5154 1683 5243; baseline 0.003 -18"><span class='ocrx_word' id='word_1_573' title='bbox 141 5171 331 5226; x_wconf 65' lang='lat' dir='ltr'><strong>aarum·</strong></span> <span class='ocrx_word' id='word_1_574' title='bbox 348 5186 409 5226; x_wconf 73' lang='lat' dir='ltr'><strong>mc</strong></span> <span class='ocrx_word' id='word_1_575' title='bbox 437 5172 551 5227; x_wconf 72' lang='lat' dir='ltr'><strong>uvam</strong></span> <span class='ocrx_word' id='word_1_576' title='bbox 578 5175 681 5229; x_wconf 74' lang='lat' dir='ltr'><strong>namo</strong></span> <span class='ocrx_word' id='word_1_577' title='bbox 706 5174 736 5228; x_wconf 86' lang='lat' dir='ltr'><strong>n</strong></span> <span class='ocrx_word' id='word_1_578' title='bbox 766 5154 861 5243; x_wconf 60' lang='lat' dir='ltr'><strong>dama</strong></span> <span class='ocrx_word' id='word_1_579' title='bbox 910 5173 1024 5242; x_wconf 64' lang='lat' dir='ltr'><strong>scona</strong></span> <span class='ocrx_word' id='word_1_580' title='bbox 1042 5175 1080 5227; x_wconf 79' lang='lat' dir='ltr'><strong>u.</strong></span> <span class='ocrx_word' id='word_1_581' title='bbox 1095 5175 1202 5242; x_wconf 48' lang='lat' dir='ltr'><strong>anna.</strong></span> <span class='ocrx_word' id='word_1_582' title='bbox 1217 5173 1542 5243; x_wconf 61' lang='lat' dir='ltr'><strong>saracenatorum</strong></span> <span class='ocrx_word' id='word_1_583' title='bbox 1559 5174 1683 5229; x_wconf 65' lang='lat' dir='ltr'><strong>racane-</strong></span> 
     </span>
     <span class='ocr_line' id='line_1_51' title="bbox 913 5249 1631 5305; baseline -0.001 -2"><span class='ocrx_word' id='word_1_584' title='bbox 913 5251 1200 5305; x_wconf 76' lang='lat' dir='ltr'><strong>rtmacrmocecuodas.</strong></span> <span class='ocrx_word' id='word_1_585' title='bbox 1510 5249 1537 5303; x_wconf 78' lang='lat' dir='ltr'><strong>F.</strong></span> <span class='ocrx_word' id='word_1_586' title='bbox 1556 5253 1585 5304; x_wconf 82' lang='grc' dir='ltr'><strong>Α.</strong></span> <span class='ocrx_word' id='word_1_587' title='bbox 1603 5250 1631 5304; x_wconf 83' lang='grc' dir='ltr'><strong>Ζ.</strong></span> 
     </span>
    </p>
   </div>
   <div class='ocr_carea' id='block_1_7' title="bbox 118 5411 1683 5542">
    <p class='ocr_par' dir='ltr' id='par_1_7' title="bbox 118 5411 1683 5542">
     <span class='ocr_line' id='line_1_52' title="bbox 133 5411 1683 5480; baseline 0.005 -21"><span class='ocrx_word' id='word_1_588' title='bbox 133 5411 227 5465; x_wconf 71' lang='lat' dir='ltr'><strong>amn</strong></span> <span class='ocrx_word' id='word_1_589' title='bbox 237 5416 263 5461; x_wconf 76' lang='lat' dir='ltr'><strong>tr</strong></span> <span class='ocrx_word' id='word_1_590' title='bbox 276 5415 333 5472; x_wconf 69' lang='lat' dir='ltr'><strong>opti.</strong></span> <span class='ocrx_word' id='word_1_591' title='bbox 343 5428 364 5463; x_wconf 88' lang='lat' dir='ltr'><strong>c.</strong></span> <span class='ocrx_word' id='word_1_592' title='bbox 377 5425 409 5472; x_wconf 82' lang='lat' dir='ltr'><strong>rr,</strong></span> <span class='ocrx_word' id='word_1_593' title='bbox 423 5415 536 5477; x_wconf 60' lang='lat' dir='ltr'><strong>paranti</strong></span> <span class='ocrx_word' id='word_1_594' title='bbox 549 5423 571 5461; x_wconf 83' lang='lat' dir='ltr'><strong>ct</strong></span> <span class='ocrx_word' id='word_1_595' title='bbox 584 5418 683 5473; x_wconf 55' lang='lat' dir='ltr'><strong>lanan.</strong></span> <span class='ocrx_word' id='word_1_596' title='bbox 695 5417 845 5467; x_wconf 77' lang='lat' dir='ltr'><strong>u.-ata.c.</strong></span> <span class='ocrx_word' id='word_1_597' title='bbox 859 5433 896 5476; x_wconf 85' lang='lat' dir='ltr'><strong>m,</strong></span> <span class='ocrx_word' id='word_1_598' title='bbox 906 5422 922 5480; x_wconf 74' lang='grc' dir='ltr'>ς</span> <span class='ocrx_word' id='word_1_599' title='bbox 934 5422 1015 5476; x_wconf 62' lang='lat' dir='ltr'><strong>teto.</strong></span> <span class='ocrx_word' id='word_1_600' title='bbox 1028 5434 1059 5474; x_wconf 82' lang='lat' dir='ltr'><strong>n,</strong></span> <span class='ocrx_word' id='word_1_601' title='bbox 1072 5421 1110 5480; x_wconf 74' lang='lat' dir='ltr'><strong>§t</strong></span> <span class='ocrx_word' id='word_1_602' title='bbox 1122 5429 1196 5469; x_wconf 75' lang='lat' dir='ltr'><strong>unt.</strong></span> <span class='ocrx_word' id='word_1_603' title='bbox 1209 5421 1249 5474; x_wconf 85' lang='lat' dir='ltr'><strong>ili,</strong></span> <span class='ocrx_word' id='word_1_604' title='bbox 1260 5421 1492 5475; x_wconf 58' lang='lat' dir='ltr'><strong>crannum,</strong></span> <span class='ocrx_word' id='word_1_605' title='bbox 1502 5420 1683 5478; x_wconf 55' lang='lat' dir='ltr'><strong>parastosq-</strong></span> 
     </span>
     <span class='ocr_line' id='line_1_53' title="bbox 118 5472 1656 5542; baseline 0.007 -21"><span class='ocrx_word' id='word_1_606' title='bbox 118 5472 133 5516; x_wconf 74' lang='lat'>⁸</span> <span class='ocrx_word' id='word_1_607' title='bbox 146 5474 196 5522; x_wconf 72' lang='lat' dir='ltr'><strong>Gen.</strong></span> <span class='ocrx_word' id='word_1_608' title='bbox 209 5480 291 5533; x_wconf 85' lang='lat' dir='ltr'><strong>n,&#39;t.—</strong></span> <span class='ocrx_word' id='word_1_609' title='bbox 301 5480 316 5525; x_wconf 81' lang='lat' dir='ltr'><strong>t</strong></span> <span class='ocrx_word' id='word_1_610' title='bbox 328 5480 425 5526; x_wconf 68' lang='lat' dir='ltr'><strong>&#39;tumr</strong></span> <span class='ocrx_word' id='word_1_611' title='bbox 436 5479 463 5523; x_wconf 82' lang='lat' dir='ltr'><strong>ta</strong></span> <span class='ocrx_word' id='word_1_612' title='bbox 471 5480 585 5526; x_wconf 72' lang='lat' dir='ltr'><strong>aaa-o</strong></span> <span class='ocrx_word' id='word_1_613' title='bbox 597 5479 645 5527; x_wconf 81' lang='lat' dir='ltr'><strong>bib.</strong></span> <span class='ocrx_word' id='word_1_614' title='bbox 657 5481 683 5526; x_wconf 74' lang='lat' dir='ltr'><strong>ts</strong></span> <span class='ocrx_word' id='word_1_615' title='bbox 693 5482 739 5529; x_wconf 80' lang='lat' dir='ltr'><strong>t&#39;oo.</strong></span> <span class='ocrx_word' id='word_1_616' title='bbox 751 5483 812 5530; x_wconf 68' lang='lat' dir='ltr'><strong>Crat.</strong></span> <span class='ocrx_word' id='word_1_617' title='bbox 824 5496 845 5531; x_wconf 88' lang='lat' dir='ltr'><strong>c.</strong></span> <span class='ocrx_word' id='word_1_618' title='bbox 854 5484 1117 5542; x_wconf 70' lang='lat' dir='ltr'><strong>rra-dcunutldect</strong></span> <span class='ocrx_word' id='word_1_619' title='bbox 1126 5497 1146 5531; x_wconf 89' lang='lat' dir='ltr'><strong>c.</strong></span> <span class='ocrx_word' id='word_1_620' title='bbox 1158 5485 1267 5532; x_wconf 75' lang='lat' dir='ltr'><strong>arun-&#39;i</strong></span> <span class='ocrx_word' id='word_1_621' title='bbox 1279 5484 1331 5542; x_wconf 82' lang='lat' dir='ltr'><strong>Cap.</strong></span> <span class='ocrx_word' id='word_1_622' title='bbox 1339 5484 1404 5531; x_wconf 79' lang='lat' dir='ltr'><strong>n-8</strong></span> <span class='ocrx_word' id='word_1_623' title='bbox 1417 5483 1513 5531; x_wconf 74' lang='lat' dir='ltr'><strong>Ambio</strong></span> <span class='ocrx_word' id='word_1_624' title='bbox 1525 5485 1656 5532; x_wconf 63' lang='lat' dir='ltr'><strong>omanis.</strong></span> 
     </span>
    </p>
   </div>
   <div class='ocr_carea' id='block_1_8' title="bbox 0 0 2029 6162">
    <p class='ocr_par' dir='ltr' id='par_1_8' title="bbox 0 0 2029 6162">
     <span class='ocr_line' id='line_1_54' title="bbox 0 0 2029 6162; baseline 0 0"><span class='ocrx_word' id='word_1_625' title='bbox 0 0 2029 6162; x_wconf 95' lang='lat' dir='ltr'><strong> </strong></span> 
     </span>
    </p>
   </div>
  </div>
 </body>
</html>
