4078 6168
649 309 851 375 VINGENTII
873 308 996 378 seule,
1020 309 1106 375 (llll.
1129 310 1217 373 VIII.
1673 310 1731 375 tae

133 479 239 549 libero
252 478 381 543 mbitrio
405 479 642 558 intelligendum
661 479 769 543 amerit
791 479 824 541 in
845 477 910 541 tine
961 479 1069 555 bitrio;
1082 480 1147 543 sive
1161 479 1314 541 sd·.unam
1327 479 1445 559 aliquid
1459 476 1729 551 mundanorum,

132 571 248 649 eapitis
262 593 270 633 t
284 570 342 633 ubi
354 572 399 635 ait
415 592 431 631 e
450 572 653 648 voluntatem,
670 578 702 634 et
714 572 845 634 liberam
858 588 909 632 vo·
960 577 992 634 et
1001 572 1207 650 judicandum
1225 573 1274 634 vis
1284 573 1374 633 illum
1387 573 1434 633 rei
1452 572 1579 651 obiecta
1600 588 1729 650 compn-

132 662 303 738 tanatem
320 670 353 727 et
372 663 492 727 arbitrii
518 664 703 734 libertatem,
719 672 752 727 et
776 663 911 729 liberum
960 664 1030 727 lerit
1045 685 1053 725 :
1069 684 1105 727 ee
1118 665 1251 743 denique
1261 665 1415 745 quidquid
1427 664 1609 744 phrenetici,
1622 681 1729 737 amen-

130 755 305 819 arbitrium
319 775 377 835 pro
391 775 455 819 uno
473 757 584 819 eodem
594 756 750 838 temperi,
765 756 849 821 inter
862 774 909 818 se-
959 762 1056 828 tes,et
1066 757 1188 837 parvuli
1201 758 1359 819 voluntate
1373 756 1537 836 gesserint,
1551 756 1584 816 id
1603 756 1662 816 erit
1679 774 1728 817 ar-

132 867 193 930 que
206 850 363 911 converti.
379 870 395 907 s
415 850 503 924 Quod
517 870 554 913 ex
569 850 745 930 Augustini,
761 850 910 912 mierum·
960 849 1053 911 bitrio
1067 849 1164 911 libero
1178 850 1391 911 tribuendum.
1403 849 1482 910 Nam
1497 849 1523 909 si
1536 848 1638 910 omnis
1651 848 1729 909 aetio

131 959 194 1021 quc
215 943 350 1007 haum
363 943 525 1005 sententiis
537 943 671 1023 probare
693 944 797 1005 studet
809 941 818 975 ¹
832 964 840 1002 r
856 942 911 1022 qui
959 940 1727 1022 voluntatiseoIpso,quovoluntatisest,liberaest‚

131 1034 275 1099 absolute
293 1056 310 1095 a
330 1034 386 1097 ubi
410 1036 564 1098 voluntas*
580 1042 637 1113 est,
666 1035 710 1098 ibi
735 1036 910 1098 libertatem
960 1039 991 1096 et
1007 1035 1097 1097 liberi
1107 1035 1229 1097 arbitrii
1242 1032 1730 1114 propria3si,quodlrmacsnus

131 1144 195 1189 eme
208 1148 226 1185 s
242 1128 463 1208 pronuntiant.
959 1132 1047 1189 seete
1061 1128 1233 1205 patriarcha
1245 1126 1359 1203 seivit¹‚
1379 1149 1394 1185 a
1409 1127 1547 1205 implicat
1556 1126 1727 1187 contradic·

167 1219 274 1298 fluas
282 1238 381 1300 porro
400 1220 565 1297 libertatis,
589 1221 653 1283 sive
670 1220 790 1282 arbitrii
816 1220 908 1281 liberi
961 1221 1087 1296 tionem,
1103 1226 1139 1281 ut
1153 1221 1296 1283 voluntas
1316 1238 1381 1281 non
1401 1220 1440 1280 sit
1454 1219 1563 1293 libera,
1580 1219 1659 1279 sieut
1672 1219 1730 1281 im-

127 1329 164 1373 oe
173 1311 353 1377 voluntatis
363 1312 528 1375 manliam
539 1313 618 1373 ineo
627 1313 793 1374 consistere
805 1313 904 1391 docet,
958 1313 1050 1393 plicet
1064 1314 1240 1375 attolendo
1254 1331 1319 1374 non
1331 1312 1473 1385 velimus,
1487 1316 1619 1373 autnon
1633 1310 1728 1373 iscia-

128 1404 214 1483 quod
227 1405 378 1467 voluntas
392 1424 485 1469 suum
496 1410 598 1467 actum
612 1405 670 1465 sibi
682 1405 824 1485 imperet,
843 1423 906 1471 nou
958 1424 1028 1469 mus
1043 1406 1127 1486 quod
1140 1406 1300 1481 volumus3
1316 1406 1376 1466 hoc
1398 1410 1444 1465 est
1462 1405 1649 1466 utvoluntas
1662 1421 1728 1469 uon

127 1514 201 1561 eum
216 1497 337 1571 solum,
354 1498 410 1576 qui
430 1497 470 1559 ab
495 1496 554 1559 illis
576 1497 784 1571 tnoultmibus,
803 1498 905 1576 jussu,
958 1499 997 1559 sit
1026 1499 1169 1561 voluntas
1185 1518 1225 1558 :n
1255 1516 1327 1560 cum
1349 1498 1530 1577 phrenetici,
1561 1515 1597 1577 ac
1623 1502 1727 1559 mente

128 1588 310 1669 etimperio
324 1589 407 1652 illim
424 1595 595 1663 excusetur,
610 1591 727 1670 quique
747 1590 907 1672 imperatae
957 1592 1049 1671 eapti,
1074 1598 1105 1653 et
1132 1593 1185 1671 qui
1214 1592 1357 1653 nondum
1388 1590 1568 1670 expeditum
1600 1588 1728 1651 rationis

127 1681 220 1758 vulgo
234 1684 272 1743 in
294 1683 409 1745 sobolis
422 1684 549 1758 dicitur3
566 1684 620 1745 sed
641 1682 737 1745 etiam
758 1683 904 1758 elicitum,
957 1701 1050 1745 usum
1080 1684 1194 1746 hahere
1216 1685 1372 1762 dicuntur,
1401 1682 1557 1743 voluntate
1584 1681 1728 1743 rationali

127 1778 156 1833 et
179 1774 214 1833 iu
232 1774 402 1835 voluntate
424 1775 491 1854 ipsa
515 1781 711 1851 manentem
726 1776 752 1837 si
777 1777 906 1857 quidam
956 1780 1103 1854 appetant
1126 1775 1241 1842 multa,
1265 1792 1335 1852 quae
1361 1790 1427 1832 non
1450 1778 1642 1852 appeterent,
1666 1771 1727 1833 nisi

130 1870 267 1929 suetum
289 1884 385 1929 suum
409 1867 467 1931 sibi
493 1868 647 1948 imperare
670 1868 859 1946 voluntatem,
875 1876 906 1931 ct
957 1866 1075 1926 ratione
1084 1866 1258 1946 appetenda
1268 1865 1445 1943 judicarent
1461 1885 1468 1922 r
1486 1864 1621 1943 proiecto
1637 1864 1726 1942 quid-

126 1956 216 2019 illum
229 1958 408 2032 efficiendo,
427 1960 456 2021 ei
469 1960 623 2023 (lammari
637 1983 649 2018 r
663 1961 752 2036 dieit3
774 1968 805 2023 et
816 1962 849 2023 in
867 1981 905 2023 eo
956 1958 1033 2037 quid
1046 1963 1155 2038 agunt,
1180 1958 1212 2019 id
1239 1957 1347 2032 libere,
1363 1962 1394 2016 et
1413 1974 1452 2017 ex
1474 1955 1602 2016 arbitrio
1627 1963 1726 2034 agunt

125 2048 279 2115 libertatis
293 2052 533 2114 essentiumesse
545 2055 679 2133 positmn
693 2075 701 2113 s
714 2072 848 2116 necnon
859 2055 902 2132 id,
957 2050 1064 2112 libero.
1077 2051 1164 2124 Quod
1177 2051 1262 2111 enim
1287 2055 1399 2109 natura
1418 2048 1557 2124 insitum,
1586 2053 1617 2108 et
1634 2066 1724 2109 emen-

127 2143 209 2222 quod
222 2145 398 2207 voluntatis
416 2146 579 2225 proprium
592 2152 648 2220 est,
664 2147 739 2208 etia
752 2166 815 2227 quo
829 2147 906 2209 bru·
958 2143 1032 2204 tiele
1046 2144 1092 2204 rei
1116 2148 1173 2218 est,
1189 2143 1254 2202 sine
1269 2160 1305 2202 eo
1327 2159 1376 2202 res
1402 2158 1544 2201 essenon
1568 2146 1677 2219 potest,
1695 2147 1726 2202 et

127 2235 166 2296 tis
188 2236 230 2297 ub
256 2237 474 2299 animantibus
498 2239 669 2318 discrepat,
693 2246 729 2300 ut
751 2258 807 2300 sese
842 2241 904 2321 ipsa
956 2254 993 2297 ea
1006 2236 1116 2315 posita,
1137 2235 1308 2297 necessario
1335 2233 1473 2312 ponitur.
1498 2232 1598 2312 Atque
1622 2233 1725 2295 omnis

127 2338 253 2392 m.
267 2332 377 2391 Movet
390 2348 464 2409 ergo
477 2348 520 2408 se,
541 2346 573 2392 et
586 2331 759 2408 interiores,
782 2352 817 2394 ao
841 2351 905 2395 ma·
956 2329 1033 2389 actio
1048 2346 1085 2389 eo
1099 2328 1166 2405 ipso
1180 2326 1279 2388 libera
1294 2332 1340 2387 est
1360 2324 1569 2402 essentialiter,
1582 2343 1644 2404 quo
1657 2324 1725 2387 fita

127 2428 236 2485 nentes
252 2423 286 2483 iu
307 2441 340 2483 se
354 2427 440 2484 sotus
464 2441 501 2483 ee
518 2424 585 2503 Ipso
604 2425 662 2484 sibi
683 2425 825 2505 imperat,
841 2444 903 2505 qao
956 2420 1115 2491 voluntate,
1126 2424 1156 2481 et
1166 2425 1212 2480 est
1226 2419 1293 2498 ejus
1302 2418 1413 2493 vitulis,
1426 2422 1457 2478 et
1470 2417 1619 2479 naturalis
1631 2419 1721 2481 actio.

126 2513 220 2577 libera
251 2522 311 2590 mt,
333 2519 364 2576 et
386 2515 549 2581 arbitrium
571 2516 724 2592 liberam3
747 2519 780 2578 in
805 2537 904 2600 eoque
955 2515 1055 2588 Quare
1068 2531 1141 2574 cum
1154 2512 1238 2591 quod
1252 2510 1422 2591 phrenetici
1435 2510 1554 2585 volunt,
1567 2510 1600 2570 id
1611 2510 1722 2571 voluu-

125 2614 244 2669 reraet
269 2606 444 2683 meacula,
466 2626 503 2669 ac
526 2608 665 2686 formale
687 2617 732 2671 est
753 2612 851 2690 posita
864 2612 902 2672 li-
953 2612 1015 2669 tate
1040 2606 1147 2682 velint,
1176 2605 1319 2667 etvitalis
1333 2622 1370 2664 ea
1384 2604 1424 2664 sit
1444 2603 1524 2663 aetio
1542 2602 1720 2679 voluntatis,

125 2697 239 2762 herlae·
953 2718 1011 2762 neo
1022 2700 1089 2761 sine
1101 2698 1230 2760 rationis
1244 2702 1275 2758 et
1289 2696 1462 2757 irrtellectus
1471 2694 1587 2774 judicio
1612 2712 1722 2775 proee-

163 2793 361 2866 Quinetiam
384 2791 484 2871 eapite
510 2798 606 2869 sexto,
631 2795 746 2869 scribit,
766 2796 904 2876 simogi-
952 2793 1015 2867 det,
1031 2797 1068 2852 ut
1080 2791 1260 2853 Vincentius
1273 2789 1338 2870 ipse
1352 2785 1540 2861 confitetur,
1556 2786 1723 2849 esseutiali-

125 2899 197 2947 nem
208 2882 331 2945 diune
342 2879 493 2945 libertatis
505 2900 569 2943 esse
584 2884 617 2943 in
628 2884 788 2946 voluntate
802 2886 902 2947 homi·
952 2892 997 2945 ter
1010 2884 1107 2945 libera
1120 2885 1160 2945 sit
1190 2887 1323 2963 oportet,
1351 2886 1382 2941 et
1404 2879 1444 2941 ab
1472 2878 1599 2941 arbitrio
1624 2879 1721 2940 libero

125 2976 182 3047 nis,
194 2973 277 3054 quis
290 2975 372 3035 siem
386 2975 468 3035 Deus
478 2975 511 3033 in
524 2975 659 3036 amando
674 2982 705 3037 et
716 2977 848 3038 volendo
858 2985 903 3039 est
951 2977 1087 3057 profecta
1115 2996 1122 3036 :
1147 2976 1173 3035 si
1200 2975 1326 3054 quidem
1349 2972 1450 3033 omnis
1477 2970 1632 3047 voluntas,
1659 2970 1722 3031 sive

124 3066 278 3145 suijuris,
293 3070 326 3126 et
340 3065 377 3127 in
390 3065 518 3128 affectus
538 3084 610 3128 suos
635 3067 782 3129 altissimo
808 3071 902 3131 modo
953 3068 1068 3147 colitis,
1083 3086 1120 3129 eo
1134 3068 1199 3145 ipso
1226 3067 1325 3129 libera
1348 3071 1403 3142 est,
1433 3073 1465 3125 et
1489 3062 1607 3127 arbitrii
1633 3061 1722 3127 liberi

125 3158 187 3221 sine
197 3157 437 3238 imperfectione
446 3158 511 3235 jus,
525 3172 557 3219 et
576 3159 742 3239 imperium
754 3167 875 3223 exercet
891 3184 898 3223 ε
952 3162 1088 3240 propria,
1104 3178 1167 3238 quo
1181 3164 1228 3220 est
1241 3157 1358 3221 salitio.

126 3250 166 3310 ita
179 3252 280 3311 etiam
295 3251 439 3311 voluntas
464 3251 613 3326 bumana,
639 3252 693 3330 jus
718 3254 828 3330 simile,
845 3255 901 3315 etsi
992 3255 1051 3315 III.
1067 3255 1202 3315 Tenetur
1216 3253 1320 3331 itaque
1333 3259 1441 3331 suapte
1449 3251 1639 3314 confessione
1647 3269 1722 3312 eon·

126 3339 214 3419 longe
228 3339 376 3415 inferius,
389 3345 420 3399 et
431 3340 531 3417 aJ‘ure
545 3340 650 3402 diuino
663 3343 852 3423 dependens,
868 3345 900 3405 in
953 3346 1086 3421 strictus,
1095 3352 1127 3407 et
1140 3345 1279 3407 irretitus
1290 3351 1360 3406 tum
1371 3344 1574 3417 Armacanas,
1581 3349 1649 3405 tum
1660 3343 1722 3405 Ar·

126 3433 265 3493 mtiones
287 3449 362 3493 suas
384 3431 501 3493 elicitas
523 3432 626 3497 hebet.
642 3455 658 3491 o
687 3436 733 3496 Ob
759 3437 900 3499 eamdem
954 3439 1248 3500 maeoniasseatator
1261 3436 1453 3498 Vincentius.
1478 3437 1538 3511 Qui
1551 3437 1636 3499 euim
1650 3454 1721 3497 om-

127 3542 265 3599 euusam,
277 3524 378 3603 capite
393 3542 490 3601 nono,
505 3524 610 3586 liberte
623 3526 790 3589 voluntatis
802 3536 900 3591 actam
953 3550 1026 3593 nem
1049 3528 1217 3591 retentetis
1235 3530 1417 3603 motionem,
1439 3547 1476 3589 eo
1499 3530 1577 3609 ipso,
1593 3547 1656 3609 quo
1677 3535 1724 3590 est

127 3616 277 3693 elicitum,
292 3617 389 3679 edam
399 3617 580 3697 imperatum
593 3636 657 3680 csse
671 3620 757 3697 dicit,
771 3620 901 3701 ideoque
952 3623 1106 3697 voluntas,
1122 3622 1252 3683 liberam
1266 3639 1331 3683 esse
1349 3620 1433 3697 dicit,
1449 3622 1503 3701 qui
1517 3622 1720 3694 voluntatem,

128 3709 287 3788 ullarum,
302 3716 456 3789 quatenm
477 3718 677 3773 astumatum
694 3711 751 3773 sili
768 3713 902 3776 voluutas
952 3716 1137 3790 libertatem,
1163 3720 1194 3775 et
1215 3715 1348 3776 liberum
1376 3714 1553 3789 arbitrium,
1569 3714 1614 3777 rei
1641 3714 1723 3791 ejus-

127 3806 269 3885 t'fltmi·
951 3810 1023 3871 dem
1036 3806 1401 3888 essepropriavocabula
1415 3812 1520 3886 putat3
1536 3806 1721 3885 hiesiqua-

164 3897 276 3977 eapite
290 3914 366 3957 rere
388 3896 518 3971 decimo,
547 3898 727 3961 essentialem
743 3901 901 3962 volontatis
950 3902 1107 3981 licumque
1118 3900 1249 3967 ratione,
1265 3899 1427 3976 sejudicio
1442 3899 1551 3970 utitur,
1570 3896 1722 3978 quidquid

130 3988 309 4065 litet-tutem,
323 3989 462 4068 adeoque
475 3989 565 4051 liberi
576 3990 696 4053 arbitrii
710 3994 743 4054 in
755 4011 792 4054 eo
805 3992 900 4054 eollo·
951 3995 1109 4055 voluntate
1122 3993 1279 4066 volumus,
1294 3990 1391 4050 libere
1404 4007 1472 4063 nos,
1488 4008 1523 4051 aa
1546 3989 1644 4050 libero
1670 4008 1721 4051 sm

130 4083 188 4141 euri
199 4083 260 4156 ait,
275 4081 362 4160 quod
375 4081 443 4160 cogi
456 4100 521 4143 non
535 4083 641 4161 possit,
662 4103 757 4163 quam
776 4086 900 4165 elegan-
949 4086 1042 4147 bitrio
1062 4085 1141 4147 velle
1154 4084 1244 4145 fateri
1257 4083 1358 4149 debet,
1380 4081 1504 4161 Alioqui
1522 4082 1549 4142 si
1564 4082 1722 4145 voluntate

131 4174 245 4235 tiorum
269 4179 360 4254 pater
379 4173 626 4252 iricopibilitatem
649 4177 800 4253 namium,
830 4197 900 4257 quae
949 4185 1101 4258 appetunt
1118 4177 1235 4255 aliquid
1261 4174 1417 4248 homiues,
1445 4174 1616 4254 quamlibet
1640 4176 1722 4238 mele

132 4265 368 4342 miscenti,
380 4266 431 4328 rel
451 4267 595 4328 martiam
607 4270 815 4348 cstopposita,
831 4288 901 4349 quae
950 4270 1062 4344 affecti,
1077 4270 1346 4341 tamenhomincs‚
1369 4267 1506 4348 proiecta
1529 4284 1594 4327 nou
1619 4268 1722 4329 omnis

129 4359 253 4437 pemati!
273 4358 397 4423 arbitrii
418 4357 598 4419 voluntatem
614 4378 621 4418 ε
637 4365 668 4419 et
686 4379 780 4440 mam
802 4363 901 4424 brutis
949 4364 1092 4424 voluntas
1106 4380 1143 4422 eo
1157 4362 1236 4441 ipso,
1251 4380 1314 4440 quo
1342 4360 1486 4421 voluntas
1510 4364 1572 4435 est,
1600 4359 1659 4420 erit
1683 4359 1721 4421 lis

132 4450 345 4513 ammantibus
356 4451 467 4527 inesse,
485 4452 585 4528 eapite
598 4469 675 4527 mu,
697 4453 788 4514 latias
801 4461 901 4516 osten
949 4456 1031 4517 hera.
1050 4456 1189 4515 Eristent
1208 4454 1290 4514 onim
1309 4453 1421 4532 aliquae
1451 4452 1635 4529 voluntates,
1661 4452 1720 4514 hoo

132 4542 184 4605 dit.
205 4545 284 4605 Haec
310 4560 433 4605 summe
458 4551 506 4603 cst
532 4544 743 4606 Vincentiauce
768 4547 901 4625 philoso-
950 4548 1142 4609 estactiones
1163 4545 1343 4619 voluntatis,
1362 4544 1494 4605 minime
1512 4543 1631 4622 liberae,
1646 4547 1719 4624 qui·

133 4635 224 4713 pbie,
240 4653 313 4715 qnae
325 4635 499 4713 cujusmodi
512 4641 655 4714 portenta
673 4639 783 4716 pariat,
795 4641 901 4718 poecis
950 4641 1008 4701 bus
1021 4640 1225 4701 nihilominus
1237 4637 1387 4699 libertatis
1406 4636 1536 4699 essentia
1559 4639 1717 4700 convenit.

133 4728 366 4806 erptieabimus.
953 4734 991 4792 Ut
1003 4733 1088 4793 enim
1102 4731 1203 4791 vitalis
1225 4728 1327 4791 omnis
1345 4729 1436 4807 actio,
1451 4748 1521 4809 quae
1541 4729 1581 4789 ab
1594 4730 1720 4791 videndi

171 4821 210 4882 Il.
228 4821 310 4882 Hinc
328 4819 413 4881 enirn
432 4837 624 4899 consequens
650 4827 695 4882 est
719 4822 752 4883 in
780 4824 899 4903 primis,
950 4843 1042 4885 samu
1068 4823 1286 4903 proficiscitur,
1314 4823 1391 4883 visio
1412 4828 1468 4894 est,
1497 4829 1529 4884 et
1555 4824 1720 4885 essentiam

137 4927 258 4974 omnem
271 4930 400 4991 prorsus
412 4912 580 4973 voluntatis
600 4914 753 4976 actionem
770 4916 901 4977 liberam
950 4918 1044 4996 hujus
1064 4917 1177 4990 babet;
1201 4917 1349 4996 quoniam
1363 4934 1463 4994 genus
1485 4916 1609 4977 arulum
1635 4916 1720 4977 eliud

138 5020 209 5079 esse,
228 5010 260 5065 et
278 5004 401 5065 arbitrii
423 5003 512 5064 liberi
533 5006 711 5084 propriam;
737 5007 900 5087 cujusque-
950 5009 1176 5070 aetionisrisus
1191 5013 1323 5083 exercet,
1341 5015 1549 5087 preterquam
1567 5008 1717 5069 visionis:

139 5097 218 5157 modi
229 5096 359 5157 tandem
373 5114 409 5157 ea
422 5094 461 5156 sit
469 5116 478 5170 ;
493 5096 552 5157 hoo
565 5103 611 5157 est
632 5097 695 5158 sive
723 5101 902 5160 necessitate
952 5102 992 5162 ita
1006 5102 1154 5181 quonium
1166 5120 1205 5162 ex
1219 5102 1462 5163 Armaranorum
1482 5100 1646 5175 sententis,
1665 5118 1721 5160 vo-

139 5186 175 5247 sit
186 5206 344 5269 expressa;
368 5190 432 5248 sive
450 5206 489 5248 ex
510 5188 742 5264 deliberatione,
770 5199 801 5253 et
826 5192 903 5253 elec·
950 5194 1034 5255 leudi
1047 5194 1188 5270 iaeultes,
1212 5200 1329 5274 quanta
1355 5199 1471 5273 quanta
1490 5198 1547 5268 est,
1571 5191 1651 5252 nihil
1675 5196 1722 5252 est

139 5279 219 5341 ttouc
230 5281 330 5341 libera
351 5280 480 5358 prodeat
495 5302 503 5354 3
519 5282 582 5341 sive
596 5300 635 5341 ex
654 5282 827 5344 intellectus
848 5303 897 5345 ar·
950 5287 1010 5346 uisi
1020 5286 1156 5361 libertas,
1172 5292 1202 5347 et
1214 5286 1378 5348 arbitrium
1394 5286 1544 5358 liberum3
1560 5299 1721 5363 quaeeum·

167 5482 176 5523 t
191 5482 240 5537 Cap.
251 5494 287 5533 nr,
296 5494 319 5526 tr
328 5489 351 5525 et
361 5492 432 5536 esq-
445 5481 460 5525 i
472 5481 533 5525 Tcm.
549 5483 585 5534 111,
596 5485 612 5529 l.
625 5484 661 5533 rt,
676 5496 696 5528 c.
708 5485 783 5527 r.-3
796 5484 843 5528 Lib.
853 5485 869 5529 1.
882 5497 894 5530 c
912 5498 954 5531 riv.
