<?xml version="1.0" encoding="UTF-8"?>
<!DOCTYPE html PUBLIC "-//W3C//DTD XHTML 1.0 Transitional//EN"
    "http://www.w3.org/TR/xhtml1/DTD/xhtml1-transitional.dtd">
<html xmlns="http://www.w3.org/1999/xhtml" xml:lang="en" lang="en">
 <head>
  <title>
</title>
<meta http-equiv="Content-Type" content="text/html;charset=utf-8" />
  <meta name='ocr-system' content='tesseract 3.04.00' />
  <meta name='ocr-capabilities' content='ocr_page ocr_carea ocr_par ocr_line ocrx_word'/>
</head>
<body>
  <div class='ocr_page' id='page_1' title='image "./dogmatatheologi00unkngoog/dogmatatheologi00unkngoog_0309.png"; bbox 0 0 3994 6164; ppageno 0'>
   <div class='ocr_carea' id='block_1_1' title="bbox 345 320 1414 395">
    <p class='ocr_par' dir='ltr' id='par_1_1' title="bbox 345 320 1414 395">
     <span class='ocr_line' id='line_1_1' title="bbox 345 320 1414 395; baseline 0.01 -13"><span class='ocrx_word' id='word_1_1' title='bbox 345 320 404 382; x_wconf 61' lang='lat'>282</span> <span class='ocrx_word' id='word_1_2' title='bbox 851 325 1176 393; x_wconf 69' lang='lat' dir='ltr'>THEOIBGIGORUM</span> <span class='ocrx_word' id='word_1_3' title='bbox 1197 328 1414 395; x_wconf 71' lang='lat' dir='ltr'>nocuerunt</span> 
     </span>
    </p>
   </div>
   <div class='ocr_carea' id='block_1_2' title="bbox 344 483 1709 784">
    <p class='ocr_par' dir='ltr' id='par_1_2' title="bbox 344 483 1709 784">
     <span class='ocr_line' id='line_1_2' title="bbox 344 483 1111 571; baseline 0.014 -25"><span class='ocrx_word' id='word_1_4' title='bbox 344 483 540 565; x_wconf 89' lang='lat' dir='ltr'>potissimum</span> <span class='ocrx_word' id='word_1_5' title='bbox 562 488 653 551; x_wconf 73' lang='lat' dir='ltr'>Arius</span> <span class='ocrx_word' id='word_1_6' title='bbox 685 491 883 571; x_wconf 83' lang='lat' dir='ltr'>postmodum</span> <span class='ocrx_word' id='word_1_7' title='bbox 909 495 1054 555; x_wconf 85' lang='lat' dir='ltr'>exsuxit:</span> <span class='ocrx_word' id='word_1_8' title='bbox 1076 501 1111 557; x_wconf 87' lang='lat' dir='ltr'>ut</span> 
     </span>
     <span class='ocr_line' id='line_1_3' title="bbox 345 576 1110 663; baseline 0.013 -25"><span class='ocrx_word' id='word_1_9' title='bbox 345 576 601 652; x_wconf 78' lang='lat' dir='ltr'>Graci,aclatiui</span> <span class='ocrx_word' id='word_1_10' title='bbox 615 581 755 663; x_wconf 77' lang='lat' dir='ltr'>plerique</span> <span class='ocrx_word' id='word_1_11' title='bbox 769 586 877 646; x_wconf 88' lang='lat' dir='ltr'>Patres</span> <span class='ocrx_word' id='word_1_12' title='bbox 894 586 1110 648; x_wconf 89' lang='lat' dir='ltr'>consentiunt:</span> 
     </span>
     <span class='ocr_line' id='line_1_4' title="bbox 347 671 1709 784; baseline 0.014 -55"><span class='ocrx_word' id='word_1_13' title='bbox 347 673 378 730; x_wconf 91' lang='lat' dir='ltr'>ct</span> <span class='ocrx_word' id='word_1_14' title='bbox 390 688 447 731; x_wconf 88' lang='lat' dir='ltr'>nos</span> <span class='ocrx_word' id='word_1_15' title='bbox 470 671 503 732; x_wconf 92' lang='lat' dir='ltr'>in</span> <span class='ocrx_word' id='word_1_16' title='bbox 523 672 624 752; x_wconf 91' lang='lat' dir='ltr'>primo</span> <span class='ocrx_word' id='word_1_17' title='bbox 647 673 683 737; x_wconf 87' lang='lat' dir='ltr'>de</span> <span class='ocrx_word' id='word_1_18' title='bbox 709 676 857 739; x_wconf 86' lang='lat' dir='ltr'>Trinitate</span> <span class='ocrx_word' id='word_1_19' title='bbox 877 679 998 759; x_wconf 87' lang='lat' dir='ltr'>copiose</span> <span class='ocrx_word' id='word_1_20' title='bbox 1016 679 1055 741; x_wconf 91' lang='lat' dir='ltr'>de</span> <span class='ocrx_word' id='word_1_21' title='bbox 1076 696 1113 741; x_wconf 88' lang='lat' dir='ltr'>eo</span> <span class='ocrx_word' id='word_1_22' title='bbox 1371 700 1404 784; x_wconf 77' lang='lat' dir='ltr'>C</span> <span class='ocrx_word' id='word_1_23' title='bbox 1417 704 1446 783; x_wconf 78' lang='grc' dir='ltr'>Α</span> <span class='ocrx_word' id='word_1_24' title='bbox 1461 699 1491 782; x_wconf 89' lang='lat' dir='ltr'>p</span> <span class='ocrx_word' id='word_1_25' title='bbox 1505 701 1583 783; x_wconf 76' lang='lat' dir='ltr'>U‘p</span> <span class='ocrx_word' id='word_1_26' title='bbox 1633 697 1709 783; x_wconf 46' lang='lat' dir='ltr'>lv·</span> 
     </span>
    </p>
   </div>
   <div class='ocr_carea' id='block_1_3' title="bbox 176 762 1116 940">
    <p class='ocr_par' dir='ltr' id='par_1_3' title="bbox 176 762 1116 940">
     <span class='ocr_line' id='line_1_5' title="bbox 176 762 1114 850; baseline 0.012 -27"><span class='ocrx_word' id='word_1_27' title='bbox 176 784 318 840; x_wconf 67' lang='lat' dir='ltr'>crementa.</span> <span class='ocrx_word' id='word_1_28' title='bbox 346 762 570 842; x_wconf 73' lang='lat' dir='ltr'><strong>disputavimus</strong></span> <span class='ocrx_word' id='word_1_29' title='bbox 583 764 605 828; x_wconf 88' lang='lat'>¹.</span> <span class='ocrx_word' id='word_1_30' title='bbox 616 769 687 829; x_wconf 79' lang='lat' dir='ltr'>iam</span> <span class='ocrx_word' id='word_1_31' title='bbox 700 788 773 831; x_wconf 85' lang='lat' dir='ltr'>vero</span> <span class='ocrx_word' id='word_1_32' title='bbox 782 779 915 834; x_wconf 73' lang='grc' dir='ltr'>ιιιόστσσιι</span> <span class='ocrx_word' id='word_1_33' title='bbox 928 771 966 832; x_wconf 85' lang='lat' dir='ltr'>ab</span> <span class='ocrx_word' id='word_1_34' title='bbox 982 772 1114 850; x_wconf 78' lang='lat' dir='ltr'>Origene</span> 
     </span>
     <span class='ocr_line' id='line_1_6' title="bbox 346 855 1116 940; baseline 0.017 -30"><span class='ocrx_word' id='word_1_35' title='bbox 346 868 403 931; x_wconf 91' lang='lat' dir='ltr'>pro</span> <span class='ocrx_word' id='word_1_36' title='bbox 417 857 529 915; x_wconf 88' lang='lat' dir='ltr'>natura</span> <span class='ocrx_word' id='word_1_37' title='bbox 546 855 769 937; x_wconf 88' lang='lat' dir='ltr'>etsubstantis‚</span> <span class='ocrx_word' id='word_1_38' title='bbox 793 860 843 921; x_wconf 84' lang='lat' dir='ltr'>vel</span> <span class='ocrx_word' id='word_1_39' title='bbox 862 860 957 940; x_wconf 89' lang='lat' dir='ltr'>hujus</span> <span class='ocrx_word' id='word_1_40' title='bbox 978 880 1062 937; x_wconf 84' lang='lat' dir='ltr'>vera,</span> <span class='ocrx_word' id='word_1_41' title='bbox 1084 866 1116 921; x_wconf 85' lang='lat' dir='ltr'>et</span> 
     </span>
    </p>
   </div>
   <div class='ocr_carea' id='block_1_4' title="bbox 346 942 1899 1136">
    <p class='ocr_par' dir='ltr' id='par_1_4' title="bbox 346 942 1899 1136">
     <span class='ocr_line' id='line_1_7' title="bbox 346 942 1899 1045; baseline 0.015 -42"><span class='ocrx_word' id='word_1_42' title='bbox 346 942 444 1005; x_wconf 88' lang='lat' dir='ltr'>solida</span> <span class='ocrx_word' id='word_1_43' title='bbox 471 948 621 1009; x_wconf 77' lang='lat' dir='ltr'>exstantia</span> <span class='ocrx_word' id='word_1_44' title='bbox 642 949 705 1012; x_wconf 90' lang='lat' dir='ltr'>illic</span> <span class='ocrx_word' id='word_1_45' title='bbox 722 952 828 1033; x_wconf 83' lang='lat' dir='ltr'>accipi,</span> <span class='ocrx_word' id='word_1_46' title='bbox 845 954 950 1016; x_wconf 87' lang='lat' dir='ltr'>nullus</span> <span class='ocrx_word' id='word_1_47' title='bbox 970 955 1115 1034; x_wconf 84' lang='lat' dir='ltr'>equidem</span> <span class='ocrx_word' id='word_1_48' title='bbox 1166 964 1317 1027; x_wconf 71' lang='lat' dir='ltr'>Drepana</span> <span class='ocrx_word' id='word_1_49' title='bbox 1330 961 1695 1045; x_wconf 61' lang='lat' dir='ltr'>maniacamationis,</span> <span class='ocrx_word' id='word_1_50' title='bbox 1707 962 1899 1044; x_wconf 74' lang='lat' dir='ltr'>nprinrarde</span> 
     </span>
     <span class='ocr_line' id='line_1_8' title="bbox 347 1032 1898 1136; baseline 0.014 -41"><span class='ocrx_word' id='word_1_51' title='bbox 347 1032 466 1098; x_wconf 89' lang='lat' dir='ltr'>dubito.</span> <span class='ocrx_word' id='word_1_52' title='bbox 479 1039 547 1100; x_wconf 91' lang='lat' dir='ltr'>Hoc</span> <span class='ocrx_word' id='word_1_53' title='bbox 560 1041 645 1102; x_wconf 88' lang='lat' dir='ltr'>enim</span> <span class='ocrx_word' id='word_1_54' title='bbox 654 1042 810 1106; x_wconf 88' lang='lat' dir='ltr'>declarare</span> <span class='ocrx_word' id='word_1_55' title='bbox 823 1046 934 1120; x_wconf 89' lang='lat' dir='ltr'>voluit,</span> <span class='ocrx_word' id='word_1_56' title='bbox 948 1046 1072 1107; x_wconf 86' lang='lat' dir='ltr'>Patrem</span> <span class='ocrx_word' id='word_1_57' title='bbox 1085 1052 1117 1108; x_wconf 89' lang='lat' dir='ltr'>ct</span> <span class='ocrx_word' id='word_1_58' title='bbox 1205 1055 1361 1134; x_wconf 72' lang='lat' dir='ltr'>efficiente,</span> <span class='ocrx_word' id='word_1_59' title='bbox 1377 1072 1445 1136; x_wconf 81' lang='lat' dir='ltr'>quta</span> <span class='ocrx_word' id='word_1_60' title='bbox 1456 1062 1498 1116; x_wconf 89' lang='lat' dir='ltr'>est</span> <span class='ocrx_word' id='word_1_61' title='bbox 1521 1054 1606 1130; x_wconf 72' lang='lat' dir='ltr'>Reus,</span> <span class='ocrx_word' id='word_1_62' title='bbox 1620 1056 1683 1117; x_wconf 81' lang='lat' dir='ltr'>sire</span> <span class='ocrx_word' id='word_1_63' title='bbox 1703 1055 1832 1132; x_wconf 71' lang='lat' dir='ltr'>Trinitaq</span> <span class='ocrx_word' id='word_1_64' title='bbox 1843 1075 1898 1136; x_wconf 81' lang='lat' dir='ltr'>pra·</span> 
     </span>
    </p>
   </div>
   <div class='ocr_carea' id='block_1_5' title="bbox 342 1124 1965 4886">
    <p class='ocr_par' dir='ltr' id='par_1_5' title="bbox 342 1124 1965 4886">
     <span class='ocr_line' id='line_1_9' title="bbox 348 1124 1898 1228; baseline 0.008 -40"><span class='ocrx_word' id='word_1_65' title='bbox 348 1124 462 1189; x_wconf 80' lang='lat' dir='ltr'>Fidum</span> <span class='ocrx_word' id='word_1_66' title='bbox 480 1150 545 1193; x_wconf 91' lang='lat' dir='ltr'>non</span> <span class='ocrx_word' id='word_1_67' title='bbox 559 1151 656 1195; x_wconf 89' lang='lat' dir='ltr'>unam</span> <span class='ocrx_word' id='word_1_68' title='bbox 677 1155 746 1197; x_wconf 90' lang='lat' dir='ltr'>rem</span> <span class='ocrx_word' id='word_1_69' title='bbox 759 1146 790 1199; x_wconf 89' lang='lat' dir='ltr'>et</span> <span class='ocrx_word' id='word_1_70' title='bbox 803 1139 944 1201; x_wconf 87' lang='lat' dir='ltr'>eamdem</span> <span class='ocrx_word' id='word_1_71' title='bbox 958 1156 1023 1199; x_wconf 89' lang='lat' dir='ltr'>esse</span> <span class='ocrx_word' id='word_1_72' title='bbox 1040 1160 1047 1199; x_wconf 92' lang='lat'><strong>:</strong></span> <span class='ocrx_word' id='word_1_73' title='bbox 1063 1139 1116 1202; x_wconf 88' lang='lat' dir='ltr'>sed</span> <span class='ocrx_word' id='word_1_74' title='bbox 1205 1147 1289 1210; x_wconf 76' lang='lat' dir='ltr'>modo</span> <span class='ocrx_word' id='word_1_75' title='bbox 1314 1155 1373 1209; x_wconf 70' lang='lat' dir='ltr'>trec</span> <span class='ocrx_word' id='word_1_76' title='bbox 1392 1166 1524 1228; x_wconf 65' lang='lat' dir='ltr'>pesona</span> <span class='ocrx_word' id='word_1_77' title='bbox 1545 1147 1777 1209; x_wconf 69' lang='lat' dir='ltr'>[manustram</span> <span class='ocrx_word' id='word_1_78' title='bbox 1794 1156 1898 1227; x_wconf 67' lang='lat' dir='ltr'>oparata</span> 
     </span>
     <span class='ocr_line' id='line_1_10' title="bbox 347 1222 1897 1313; baseline 0.002 -16"><span class='ocrx_word' id='word_1_79' title='bbox 347 1222 434 1297; x_wconf 81' lang='lat' dir='ltr'>duas,</span> <span class='ocrx_word' id='word_1_80' title='bbox 450 1242 486 1284; x_wconf 62' lang='grc' dir='ltr'>αθ</span> <span class='ocrx_word' id='word_1_81' title='bbox 503 1224 649 1301; x_wconf 76' lang='lat' dir='ltr'>diversas,</span> <span class='ocrx_word' id='word_1_82' title='bbox 672 1247 742 1308; x_wconf 78' lang='lat' dir='ltr'>quae</span> <span class='ocrx_word' id='word_1_83' title='bbox 761 1231 890 1310; x_wconf 75' lang='lat' dir='ltr'>perinde</span> <span class='ocrx_word' id='word_1_84' title='bbox 914 1232 1116 1294; x_wconf 76' lang='lat' dir='ltr'>wnsensioue</span> <span class='ocrx_word' id='word_1_85' title='bbox 1205 1246 1276 1313; x_wconf 77' lang='lat' dir='ltr'>aas,</span> <span class='ocrx_word' id='word_1_86' title='bbox 1300 1248 1329 1302; x_wconf 84' lang='grc' dir='ltr'>ιι</span> <span class='ocrx_word' id='word_1_87' title='bbox 1356 1248 1454 1301; x_wconf 80' lang='lat' dir='ltr'>ramea</span> <span class='ocrx_word' id='word_1_88' title='bbox 1470 1237 1549 1300; x_wconf 78' lang='lat' dir='ltr'>ntur</span> <span class='ocrx_word' id='word_1_89' title='bbox 1569 1237 1671 1300; x_wconf 74' lang='lat' dir='ltr'>Filias</span> <span class='ocrx_word' id='word_1_90' title='bbox 1684 1237 1843 1300; x_wconf 76' lang='lat' dir='ltr'>ternanta</span> <span class='ocrx_word' id='word_1_91' title='bbox 1859 1240 1897 1300; x_wconf 73' lang='grc' dir='ltr'>ιιι.</span> 
     </span>
     <span class='ocr_line' id='line_1_11' title="bbox 347 1315 1899 1411; baseline 0.012 -36"><span class='ocrx_word' id='word_1_92' title='bbox 347 1315 556 1388; x_wconf 82' lang='lat' dir='ltr'><strong>voluntatum,</strong></span> <span class='ocrx_word' id='word_1_93' title='bbox 579 1324 610 1381; x_wconf 90' lang='lat' dir='ltr'>ct</span> <span class='ocrx_word' id='word_1_94' title='bbox 624 1322 790 1383; x_wconf 87' lang='lat' dir='ltr'>eoncordia</span> <span class='ocrx_word' id='word_1_95' title='bbox 813 1323 875 1384; x_wconf 87' lang='lat' dir='ltr'>sint</span> <span class='ocrx_word' id='word_1_96' title='bbox 901 1340 1022 1397; x_wconf 83' lang='lat' dir='ltr'>unum3</span> <span class='ocrx_word' id='word_1_97' title='bbox 1038 1324 1119 1385; x_wconf 85' lang='lat' dir='ltr'>sicut</span> <span class='ocrx_word' id='word_1_98' title='bbox 1208 1331 1385 1395; x_wconf 77' lang='lat' dir='ltr'>Declaratur</span> <span class='ocrx_word' id='word_1_99' title='bbox 1407 1331 1459 1392; x_wconf 80' lang='lat' dir='ltr'>tce</span> <span class='ocrx_word' id='word_1_100' title='bbox 1481 1331 1575 1393; x_wconf 80' lang='lat' dir='ltr'>coris&#39;s</span> <span class='ocrx_word' id='word_1_101' title='bbox 1596 1329 1740 1411; x_wconf 69' lang='lat' dir='ltr'>inemptis</span> <span class='ocrx_word' id='word_1_102' title='bbox 1753 1349 1761 1391; x_wconf 74' lang='grc' dir='ltr'><strong>ε</strong></span> <span class='ocrx_word' id='word_1_103' title='bbox 1775 1336 1831 1390; x_wconf 84' lang='lat' dir='ltr'>tan</span> <span class='ocrx_word' id='word_1_104' title='bbox 1841 1333 1899 1392; x_wconf 79' lang='lat' dir='ltr'>ratri</span> 
     </span>
     <span class='ocr_line' id='line_1_12' title="bbox 346 1408 1899 1506; baseline 0.01 -39"><span class='ocrx_word' id='word_1_105' title='bbox 346 1408 513 1488; x_wconf 85' lang='lat' dir='ltr'>discipulos</span> <span class='ocrx_word' id='word_1_106' title='bbox 530 1428 602 1472; x_wconf 87' lang='lat' dir='ltr'>suos</span> <span class='ocrx_word' id='word_1_107' title='bbox 617 1432 718 1475; x_wconf 88' lang='lat' dir='ltr'>uuum</span> <span class='ocrx_word' id='word_1_108' title='bbox 741 1433 807 1476; x_wconf 90' lang='lat' dir='ltr'>esse</span> <span class='ocrx_word' id='word_1_109' title='bbox 827 1415 1113 1495; x_wconf 87' lang='lat' dir='ltr'>Christnsoptabst.</span> <span class='ocrx_word' id='word_1_110' title='bbox 1203 1422 1484 1506; x_wconf 79' lang='lat' dir='ltr'>pruprr&#39;aredditur,</span> <span class='ocrx_word' id='word_1_111' title='bbox 1498 1422 1647 1504; x_wconf 75' lang='lat' dir='ltr'>pctodnon</span> <span class='ocrx_word' id='word_1_112' title='bbox 1660 1424 1693 1483; x_wconf 89' lang='lat' dir='ltr'>in</span> <span class='ocrx_word' id='word_1_113' title='bbox 1707 1427 1819 1495; x_wconf 85' lang='lat' dir='ltr'>natura,</span> <span class='ocrx_word' id='word_1_114' title='bbox 1832 1421 1899 1483; x_wconf 74' lang='lat' dir='ltr'>teda</span> 
     </span>
     <span class='ocr_line' id='line_1_13' title="bbox 348 1499 1899 1597; baseline 0.012 -39"><span class='ocrx_word' id='word_1_115' title='bbox 348 1499 563 1579; x_wconf 77' lang='lat' dir='ltr'>Quaquidem</span> <span class='ocrx_word' id='word_1_116' title='bbox 576 1522 727 1583; x_wconf 87' lang='lat' dir='ltr'>germana</span> <span class='ocrx_word' id='word_1_117' title='bbox 740 1513 813 1568; x_wconf 89' lang='lat' dir='ltr'>sunt</span> <span class='ocrx_word' id='word_1_118' title='bbox 826 1508 898 1576; x_wconf 87' lang='lat' dir='ltr'>illis,</span> <span class='ocrx_word' id='word_1_119' title='bbox 914 1514 1118 1570; x_wconf 86' lang='lat' dir='ltr'>eteonsenta·</span> <span class='ocrx_word' id='word_1_120' title='bbox 1204 1534 1328 1597; x_wconf 77' lang='lat' dir='ltr'>perscnc</span> <span class='ocrx_word' id='word_1_121' title='bbox 1352 1515 1441 1577; x_wconf 86' lang='lat' dir='ltr'>Verbi</span> <span class='ocrx_word' id='word_1_122' title='bbox 1463 1515 1546 1595; x_wconf 82' lang='lat' dir='ltr'>sacta</span> <span class='ocrx_word' id='word_1_123' title='bbox 1569 1515 1609 1576; x_wconf 85' lang='lat' dir='ltr'>sit</span> <span class='ocrx_word' id='word_1_124' title='bbox 1632 1519 1786 1596; x_wconf 83' lang='lat' dir='ltr'>assumptio</span> <span class='ocrx_word' id='word_1_125' title='bbox 1808 1522 1899 1576; x_wconf 74' lang='lat' dir='ltr'>anne</span> 
     </span>
     <span class='ocr_line' id='line_1_14' title="bbox 347 1597 1899 1689; baseline 0.013 -38"><span class='ocrx_word' id='word_1_126' title='bbox 347 1609 425 1668; x_wconf 78' lang='lat' dir='ltr'>risa,</span> <span class='ocrx_word' id='word_1_127' title='bbox 454 1612 525 1673; x_wconf 89' lang='lat' dir='ltr'>quse</span> <span class='ocrx_word' id='word_1_128' title='bbox 552 1597 591 1657; x_wconf 88' lang='lat' dir='ltr'>de</span> <span class='ocrx_word' id='word_1_129' title='bbox 625 1599 766 1674; x_wconf 86' lang='lat' dir='ltr'>Origenis</span> <span class='ocrx_word' id='word_1_130' title='bbox 792 1618 913 1676; x_wconf 87' lang='lat' dir='ltr'>errore,</span> <span class='ocrx_word' id='word_1_131' title='bbox 940 1601 1039 1679; x_wconf 87' lang='lat' dir='ltr'>capite</span> <span class='ocrx_word' id='word_1_132' title='bbox 1063 1601 1116 1662; x_wconf 92' lang='lat' dir='ltr'>illo</span> <span class='ocrx_word' id='word_1_133' title='bbox 1205 1610 1353 1683; x_wconf 70' lang='lat' dir='ltr'>numana,</span> <span class='ocrx_word' id='word_1_134' title='bbox 1380 1628 1416 1671; x_wconf 82' lang='lat' dir='ltr'>cc</span> <span class='ocrx_word' id='word_1_135' title='bbox 1429 1608 1509 1670; x_wconf 83' lang='lat' dir='ltr'>velut</span> <span class='ocrx_word' id='word_1_136' title='bbox 1529 1606 1570 1670; x_wconf 86' lang='lat' dir='ltr'>ccl</span> <span class='ocrx_word' id='word_1_137' title='bbox 1581 1626 1673 1689; x_wconf 82' lang='lat' dir='ltr'>penas</span> <span class='ocrx_word' id='word_1_138' title='bbox 1687 1626 1779 1670; x_wconf 78' lang='lat' dir='ltr'>cana</span> <span class='ocrx_word' id='word_1_139' title='bbox 1790 1606 1899 1688; x_wconf 71' lang='lat' dir='ltr'>(amuli</span> 
     </span>
     <span class='ocr_line' id='line_1_15' title="bbox 347 1687 1364 1770; baseline 0.007 -25"><span class='ocrx_word' id='word_1_140' title='bbox 347 1692 457 1763; x_wconf 88' lang='lat' dir='ltr'>quarto</span> <span class='ocrx_word' id='word_1_141' title='bbox 470 1687 563 1766; x_wconf 92' lang='lat' dir='ltr'>primi</span> <span class='ocrx_word' id='word_1_142' title='bbox 573 1689 611 1750; x_wconf 84' lang='lat' dir='ltr'>de</span> <span class='ocrx_word' id='word_1_143' title='bbox 625 1689 771 1753; x_wconf 80' lang='lat' dir='ltr'>Trinitnte</span> <span class='ocrx_word' id='word_1_144' title='bbox 784 1692 908 1766; x_wconf 89' lang='lat' dir='ltr'>libri,ex</span> <span class='ocrx_word' id='word_1_145' title='bbox 921 1693 1117 1754; x_wconf 81' lang='lat' dir='ltr'>sanctissimis</span> <span class='ocrx_word' id='word_1_146' title='bbox 1203 1691 1364 1770; x_wconf 78' lang='lat' dir='ltr'>pertineat.</span> 
     </span>
     <span class='ocr_line' id='line_1_16' title="bbox 347 1778 1116 1864; baseline 0.009 -26"><span class='ocrx_word' id='word_1_147' title='bbox 347 1784 378 1839; x_wconf 91' lang='lat' dir='ltr'>et</span> <span class='ocrx_word' id='word_1_148' title='bbox 405 1778 561 1840; x_wconf 84' lang='lat' dir='ltr'>catholicis</span> <span class='ocrx_word' id='word_1_149' title='bbox 588 1782 734 1844; x_wconf 88' lang='lat' dir='ltr'>Patribus</span> <span class='ocrx_word' id='word_1_150' title='bbox 746 1785 941 1853; x_wconf 89' lang='lat' dir='ltr'>adduximus,</span> <span class='ocrx_word' id='word_1_151' title='bbox 959 1790 1006 1858; x_wconf 87' lang='lat' dir='ltr'>ct,</span> <span class='ocrx_word' id='word_1_152' title='bbox 1032 1786 1116 1864; x_wconf 86' lang='lat' dir='ltr'>quod</span> 
     </span>
     <span class='ocr_line' id='line_1_17' title="bbox 347 1872 1900 1956; baseline 0.001 -26"><span class='ocrx_word' id='word_1_153' title='bbox 347 1876 439 1951; x_wconf 88' lang='lat' dir='ltr'>caput</span> <span class='ocrx_word' id='word_1_154' title='bbox 451 1876 507 1939; x_wconf 83' lang='lat' dir='ltr'>est.</span> <span class='ocrx_word' id='word_1_155' title='bbox 523 1889 561 1933; x_wconf 83' lang='lat' dir='ltr'>cx</span> <span class='ocrx_word' id='word_1_156' title='bbox 574 1876 765 1937; x_wconf 87' lang='lat' dir='ltr'>oecumenica</span> <span class='ocrx_word' id='word_1_157' title='bbox 777 1882 862 1937; x_wconf 87' lang='lat' dir='ltr'>sexta</span> <span class='ocrx_word' id='word_1_158' title='bbox 885 1878 1005 1956; x_wconf 86' lang='lat' dir='ltr'>synodo</span> <span class='ocrx_word' id='word_1_159' title='bbox 1022 1897 1029 1936; x_wconf 72' lang='grc' dir='ltr'><strong><em>ε</em></strong></span> <span class='ocrx_word' id='word_1_160' title='bbox 1046 1893 1116 1956; x_wconf 81' lang='lat' dir='ltr'>quae</span> <span class='ocrx_word' id='word_1_161' title='bbox 1207 1876 1309 1936; x_wconf 82' lang='lat' dir='ltr'>Litai</span> <span class='ocrx_word' id='word_1_162' title='bbox 1331 1873 1496 1953; x_wconf 82' lang='lat' dir='ltr'>ctrjuslibet</span> <span class='ocrx_word' id='word_1_163' title='bbox 1514 1873 1651 1953; x_wconf 85' lang='lat' dir='ltr'>perlecta</span> <span class='ocrx_word' id='word_1_164' title='bbox 1676 1872 1802 1952; x_wconf 86' lang='lat' dir='ltr'>cognitio</span> <span class='ocrx_word' id='word_1_165' title='bbox 1821 1889 1900 1932; x_wconf 75' lang='lat' dir='ltr'>uiua</span> 
     </span>
     <span class='ocr_line' id='line_1_18' title="bbox 346 1965 1900 2049; baseline -0.002 -23"><span class='ocrx_word' id='word_1_166' title='bbox 346 1965 510 2043; x_wconf 91' lang='lat' dir='ltr'>Origenem</span> <span class='ocrx_word' id='word_1_167' title='bbox 525 1970 593 2026; x_wconf 89' lang='lat' dir='ltr'>tum</span> <span class='ocrx_word' id='word_1_168' title='bbox 607 1967 732 2030; x_wconf 87' lang='lat' dir='ltr'>obalias</span> <span class='ocrx_word' id='word_1_169' title='bbox 747 1969 898 2049; x_wconf 89' lang='lat' dir='ltr'>impuras,</span> <span class='ocrx_word' id='word_1_170' title='bbox 914 1988 949 2030; x_wconf 91' lang='lat' dir='ltr'>ac</span> <span class='ocrx_word' id='word_1_171' title='bbox 962 1971 1115 2031; x_wconf 85' lang='lat' dir='ltr'>detestan-</span> <span class='ocrx_word' id='word_1_172' title='bbox 1166 1985 1239 2029; x_wconf 89' lang='lat' dir='ltr'>rum</span> <span class='ocrx_word' id='word_1_173' title='bbox 1267 1972 1314 2028; x_wconf 88' lang='lat' dir='ltr'>est</span> <span class='ocrx_word' id='word_1_174' title='bbox 1332 1967 1451 2043; x_wconf 87' lang='lat' dir='ltr'>notitia,</span> <span class='ocrx_word' id='word_1_175' title='bbox 1477 1966 1591 2045; x_wconf 85' lang='lat' dir='ltr'>quibus</span> <span class='ocrx_word' id='word_1_176' title='bbox 1611 1965 1666 2027; x_wconf 89' lang='lat' dir='ltr'>illa</span> <span class='ocrx_word' id='word_1_177' title='bbox 1685 1965 1845 2026; x_wconf 88' lang='lat' dir='ltr'>continetur</span> <span class='ocrx_word' id='word_1_178' title='bbox 1856 1968 1900 2024; x_wconf 87' lang='lat' dir='ltr'>:ut</span> 
     </span>
     <span class='ocr_line' id='line_1_19' title="bbox 346 2056 1899 2141; baseline -0.001 -24"><span class='ocrx_word' id='word_1_179' title='bbox 346 2056 400 2117; x_wconf 89' lang='lat' dir='ltr'>das</span> <span class='ocrx_word' id='word_1_180' title='bbox 419 2057 563 2131; x_wconf 79' lang='lat' dir='ltr'>haereses,</span> <span class='ocrx_word' id='word_1_181' title='bbox 586 2064 655 2120; x_wconf 86' lang='lat' dir='ltr'>tum</span> <span class='ocrx_word' id='word_1_182' title='bbox 678 2061 718 2120; x_wconf 93' lang='lat' dir='ltr'>ob</span> <span class='ocrx_word' id='word_1_183' title='bbox 745 2079 814 2122; x_wconf 88' lang='lat' dir='ltr'>eam</span> <span class='ocrx_word' id='word_1_184' title='bbox 841 2062 1023 2141; x_wconf 74' lang='lat' dir='ltr'>presertim,</span> <span class='ocrx_word' id='word_1_185' title='bbox 1045 2080 1115 2141; x_wconf 72' lang='lat' dir='ltr'>quaa</span> <span class='ocrx_word' id='word_1_186' title='bbox 1165 2059 1321 2120; x_wconf 83' lang='lat' dir='ltr'>Aristoteli</span> <span class='ocrx_word' id='word_1_187' title='bbox 1345 2057 1368 2135; x_wconf 85' lang='lat'>³,</span> <span class='ocrx_word' id='word_1_188' title='bbox 1393 2061 1510 2119; x_wconf 79' lang='lat' dir='ltr'>caeteris</span> <span class='ocrx_word' id='word_1_189' title='bbox 1535 2057 1768 2119; x_wconf 84' lang='lat' dir='ltr'>assentientibus</span> <span class='ocrx_word' id='word_1_190' title='bbox 1791 2056 1899 2135; x_wconf 82' lang='lat' dir='ltr'>pbiloso</span> 
     </span>
     <span class='ocr_line' id='line_1_20' title="bbox 345 2147 1900 2233; baseline -0.001 -23"><span class='ocrx_word' id='word_1_191' title='bbox 345 2155 547 2211; x_wconf 71' lang='lat' dir='ltr'>moromuctoe</span> <span class='ocrx_word' id='word_1_192' title='bbox 568 2151 726 2214; x_wconf 84' lang='lat' dir='ltr'>Trinitatis</span> <span class='ocrx_word' id='word_1_193' title='bbox 741 2154 855 2233; x_wconf 80' lang='lat' dir='ltr'>dogma</span> <span class='ocrx_word' id='word_1_194' title='bbox 868 2153 1012 2233; x_wconf 83' lang='lat' dir='ltr'>pulsavit,</span> <span class='ocrx_word' id='word_1_195' title='bbox 1040 2154 1115 2215; x_wconf 91' lang='lat' dir='ltr'>diris</span> <span class='ocrx_word' id='word_1_196' title='bbox 1165 2153 1244 2231; x_wconf 87' lang='lat' dir='ltr'>phis,</span> <span class='ocrx_word' id='word_1_197' title='bbox 1254 2151 1364 2232; x_wconf 90' lang='lat' dir='ltr'>placet.</span> <span class='ocrx_word' id='word_1_198' title='bbox 1374 2151 1454 2212; x_wconf 90' lang='lat' dir='ltr'>Sunt</span> <span class='ocrx_word' id='word_1_199' title='bbox 1463 2155 1568 2212; x_wconf 89' lang='lat' dir='ltr'>sutem</span> <span class='ocrx_word' id='word_1_200' title='bbox 1582 2147 1900 2227; x_wconf 76' lang='lat' dir='ltr'>causmumbujusnodi</span> 
     </span>
     <span class='ocr_line' id='line_1_21' title="bbox 345 2239 1900 2323; baseline -0.002 -20"><span class='ocrx_word' id='word_1_201' title='bbox 345 2255 392 2302; x_wconf 86' lang='lat' dir='ltr'>est</span> <span class='ocrx_word' id='word_1_202' title='bbox 399 2249 551 2304; x_wconf 87' lang='lat' dir='ltr'>execrata.</span> <span class='ocrx_word' id='word_1_203' title='bbox 1164 2261 1280 2322; x_wconf 82' lang='lat' dir='ltr'>genera</span> <span class='ocrx_word' id='word_1_204' title='bbox 1288 2249 1433 2323; x_wconf 71' lang='lat' dir='ltr'>quatuor,</span> <span class='ocrx_word' id='word_1_205' title='bbox 1448 2261 1583 2323; x_wconf 89' lang='lat' dir='ltr'>quorum</span> <span class='ocrx_word' id='word_1_206' title='bbox 1598 2241 1824 2319; x_wconf 76' lang='lat' dir='ltr'>investigatione</span> <span class='ocrx_word' id='word_1_207' title='bbox 1834 2239 1900 2299; x_wconf 82' lang='lat' dir='ltr'>abac</span> 
     </span>
     <span class='ocr_line' id='line_1_22' title="bbox 384 2330 1900 2410; baseline -0.003 -14"><span class='ocrx_word' id='word_1_208' title='bbox 384 2336 432 2396; x_wconf 76' lang='lat' dir='ltr'>Ad</span> <span class='ocrx_word' id='word_1_209' title='bbox 459 2341 645 2409; x_wconf 76' lang='lat' dir='ltr'>exuemum,</span> <span class='ocrx_word' id='word_1_210' title='bbox 669 2338 741 2398; x_wconf 89' lang='lat' dir='ltr'>sciri</span> <span class='ocrx_word' id='word_1_211' title='bbox 767 2339 913 2400; x_wconf 86' lang='lat' dir='ltr'>convenit</span> <span class='ocrx_word' id='word_1_212' title='bbox 939 2347 1115 2403; x_wconf 73' lang='grc' dir='ltr'>ισόσισσιιιι</span> <span class='ocrx_word' id='word_1_213' title='bbox 1164 2336 1230 2397; x_wconf 89' lang='lat' dir='ltr'>luta</span> <span class='ocrx_word' id='word_1_214' title='bbox 1256 2336 1311 2397; x_wconf 90' lang='lat' dir='ltr'>illa</span> <span class='ocrx_word' id='word_1_215' title='bbox 1335 2337 1381 2397; x_wconf 90' lang='lat' dir='ltr'>rei</span> <span class='ocrx_word' id='word_1_216' title='bbox 1402 2337 1530 2397; x_wconf 86' lang='lat' dir='ltr'>scientia</span> <span class='ocrx_word' id='word_1_217' title='bbox 1548 2343 1690 2396; x_wconf 83' lang='lat' dir='ltr'>constare</span> <span class='ocrx_word' id='word_1_218' title='bbox 1710 2333 1815 2396; x_wconf 88' lang='lat' dir='ltr'>debet:</span> <span class='ocrx_word' id='word_1_219' title='bbox 1836 2330 1900 2410; x_wconf 90' lang='lat' dir='ltr'>quod</span> 
     </span>
     <span class='ocr_line' id='line_1_23' title="bbox 345 2422 1899 2511; baseline -0.001 -25"><span class='ocrx_word' id='word_1_220' title='bbox 345 2426 494 2507; x_wconf 89' lang='lat' dir='ltr'>Dionysio</span> <span class='ocrx_word' id='word_1_221' title='bbox 528 2446 585 2506; x_wconf 88' lang='lat' dir='ltr'>pro</span> <span class='ocrx_word' id='word_1_222' title='bbox 617 2447 762 2508; x_wconf 89' lang='lat' dir='ltr'>persone,</span> <span class='ocrx_word' id='word_1_223' title='bbox 796 2449 860 2492; x_wconf 89' lang='lat' dir='ltr'>non</span> <span class='ocrx_word' id='word_1_224' title='bbox 890 2449 948 2511; x_wconf 87' lang='lat' dir='ltr'>pro</span> <span class='ocrx_word' id='word_1_225' title='bbox 985 2431 1116 2494; x_wconf 75' lang='lat' dir='ltr'>essenus</span> <span class='ocrx_word' id='word_1_226' title='bbox 1164 2428 1248 2489; x_wconf 89' lang='lat' dir='ltr'>idem</span> <span class='ocrx_word' id='word_1_227' title='bbox 1262 2429 1295 2488; x_wconf 88' lang='lat' dir='ltr'>iu</span> <span class='ocrx_word' id='word_1_228' title='bbox 1309 2425 1522 2509; x_wconf 83' lang='lat' dir='ltr'>Metapltpricis</span> <span class='ocrx_word' id='word_1_229' title='bbox 1543 2427 1648 2505; x_wconf 79' lang='lat' dir='ltr'>prodit</span> <span class='ocrx_word' id='word_1_230' title='bbox 1661 2422 1899 2499; x_wconf 58' lang='lat' dir='ltr'>Amsmtclasmffi·</span> 
     </span>
     <span class='ocr_line' id='line_1_24' title="bbox 345 2517 1900 2601; baseline -0.003 -21"><span class='ocrx_word' id='word_1_231' title='bbox 345 2518 436 2580; x_wconf 80' lang='lat' dir='ltr'>cumi.</span> <span class='ocrx_word' id='word_1_232' title='bbox 462 2521 502 2581; x_wconf 90' lang='lat' dir='ltr'>Ut</span> <span class='ocrx_word' id='word_1_233' title='bbox 528 2538 601 2580; x_wconf 88' lang='lat' dir='ltr'>curn</span> <span class='ocrx_word' id='word_1_234' title='bbox 627 2521 661 2581; x_wconf 92' lang='lat' dir='ltr'>in</span> <span class='ocrx_word' id='word_1_235' title='bbox 688 2523 786 2601; x_wconf 85' lang='lat' dir='ltr'>capite</span> <span class='ocrx_word' id='word_1_236' title='bbox 813 2524 949 2584; x_wconf 87' lang='lat' dir='ltr'>secundo</span> <span class='ocrx_word' id='word_1_237' title='bbox 981 2523 1053 2584; x_wconf 88' lang='lat' dir='ltr'>libri</span> <span class='ocrx_word' id='word_1_238' title='bbox 1080 2523 1115 2584; x_wconf 87' lang='lat' dir='ltr'>de</span> <span class='ocrx_word' id='word_1_239' title='bbox 1165 2520 1260 2597; x_wconf 90' lang='lat' dir='ltr'>ciens,</span> <span class='ocrx_word' id='word_1_240' title='bbox 1273 2519 1356 2594; x_wconf 88' lang='lat' dir='ltr'>finis,</span> <span class='ocrx_word' id='word_1_241' title='bbox 1371 2520 1482 2589; x_wconf 80' lang='lat' dir='ltr'>forma.</span> <span class='ocrx_word' id='word_1_242' title='bbox 1497 2517 1900 2594; x_wconf 69' lang='lat' dir='ltr'>ermanrialtotidcmiuque</span> 
     </span>
     <span class='ocr_line' id='line_1_25' title="bbox 346 2609 1899 2694; baseline -0.001 -22"><span class='ocrx_word' id='word_1_243' title='bbox 346 2609 552 2673; x_wconf 80' lang='lat' dir='ltr'>Ecclesiastico</span> <span class='ocrx_word' id='word_1_244' title='bbox 565 2610 747 2674; x_wconf 80' lang='lat' dir='ltr'>Hierarclria</span> <span class='ocrx_word' id='word_1_245' title='bbox 761 2622 804 2691; x_wconf 68' lang='grc' dir='ltr'>ιὴι</span> <span class='ocrx_word' id='word_1_246' title='bbox 816 2624 1058 2694; x_wconf 65' lang='lat' dir='ltr'>epinatissimus</span> <span class='ocrx_word' id='word_1_247' title='bbox 1072 2628 1115 2692; x_wconf 68' lang='grc' dir='ltr'>τῆς</span> <span class='ocrx_word' id='word_1_248' title='bbox 1164 2613 1198 2672; x_wconf 91' lang='lat' dir='ltr'>in</span> <span class='ocrx_word' id='word_1_249' title='bbox 1226 2631 1279 2681; x_wconf 89' lang='lat' dir='ltr'>co,</span> <span class='ocrx_word' id='word_1_250' title='bbox 1305 2612 1389 2692; x_wconf 89' lang='lat' dir='ltr'>quod</span> <span class='ocrx_word' id='word_1_251' title='bbox 1423 2611 1702 2691; x_wconf 86' lang='lat' dir='ltr'>contemplandum</span> <span class='ocrx_word' id='word_1_252' title='bbox 1732 2609 1899 2688; x_wconf 81' lang='lat' dir='ltr'>sumpdmus,</span> 
     </span>
     <span class='ocr_line' id='line_1_26' title="bbox 344 2634 1965 2804; baseline -0.004 -38"><span class='ocrx_word' id='word_1_253' title='bbox 344 2712 410 2775; x_wconf 66' lang='lat' dir='ltr'>teter</span> <span class='ocrx_word' id='word_1_254' title='bbox 425 2715 618 2785; x_wconf 66' lang='grc' dir='ltr'>μακαριότητος,</span> <span class='ocrx_word' id='word_1_255' title='bbox 643 2704 676 2765; x_wconf 94' lang='lat' dir='ltr'>id</span> <span class='ocrx_word' id='word_1_256' title='bbox 695 2711 741 2766; x_wconf 88' lang='lat' dir='ltr'>est</span> <span class='ocrx_word' id='word_1_257' title='bbox 764 2706 913 2786; x_wconf 82' lang='lat' dir='ltr'>triplicem</span> <span class='ocrx_word' id='word_1_258' title='bbox 923 2705 1113 2788; x_wconf 71' lang='lat' dir='ltr'>hypostasim,</span> <span class='ocrx_word' id='word_1_259' title='bbox 1166 2703 1389 2766; x_wconf 85' lang='lat' dir='ltr'>lucarustionis</span> <span class='ocrx_word' id='word_1_260' title='bbox 1422 2704 1572 2782; x_wconf 86' lang='lat' dir='ltr'>mysterio</span> <span class='ocrx_word' id='word_1_261' title='bbox 1602 2722 1706 2765; x_wconf 73' lang='lat' dir='ltr'>eausa</span> <span class='ocrx_word' id='word_1_262' title='bbox 1739 2634 1965 2804; x_wconf 40' lang='lat' dir='ltr'>disputandctqufli¹</span> 
     </span>
     <span class='ocr_line' id='line_1_27' title="bbox 345 2794 1965 2878; baseline -0.002 -21"><span class='ocrx_word' id='word_1_263' title='bbox 345 2798 409 2859; x_wconf 88' lang='lat' dir='ltr'>sive</span> <span class='ocrx_word' id='word_1_264' title='bbox 421 2797 692 2878; x_wconf 82' lang='lat' dir='ltr'>personcmdicinoe</span> <span class='ocrx_word' id='word_1_265' title='bbox 704 2796 974 2865; x_wconf 54' lang='lat' dir='ltr'>unitatisdrocest</span> <span class='ocrx_word' id='word_1_266' title='bbox 986 2799 1116 2861; x_wconf 68' lang='lat' dir='ltr'>ubstan-</span> <span class='ocrx_word' id='word_1_267' title='bbox 1164 2804 1248 2872; x_wconf 90' lang='lat' dir='ltr'>suut,</span> <span class='ocrx_word' id='word_1_268' title='bbox 1256 2797 1282 2857; x_wconf 92' lang='lat' dir='ltr'>si</span> <span class='ocrx_word' id='word_1_269' title='bbox 1294 2797 1325 2857; x_wconf 94' lang='lat' dir='ltr'>id</span> <span class='ocrx_word' id='word_1_270' title='bbox 1339 2794 1715 2876; x_wconf 66' lang='lat' dir='ltr'>perfectaquoadtasest,</span> <span class='ocrx_word' id='word_1_271' title='bbox 1726 2812 1808 2855; x_wconf 87' lang='lat' dir='ltr'>nosse</span> <span class='ocrx_word' id='word_1_272' title='bbox 1819 2798 1901 2867; x_wconf 67' lang='lat' dir='ltr'>nocet</span> <span class='ocrx_word' id='word_1_273' title='bbox 1935 2814 1965 2854; x_wconf 80' lang='grc' dir='ltr'>ιιι</span> 
     </span>
     <span class='ocr_line' id='line_1_28' title="bbox 346 2863 1965 2970; baseline -0.003 -21"><span class='ocrx_word' id='word_1_274' title='bbox 346 2888 410 2963; x_wconf 86' lang='lat' dir='ltr'>tice,</span> <span class='ocrx_word' id='word_1_275' title='bbox 426 2891 460 2951; x_wconf 94' lang='lat' dir='ltr'>iu</span> <span class='ocrx_word' id='word_1_276' title='bbox 478 2892 561 2952; x_wconf 89' lang='lat' dir='ltr'>trina</span> <span class='ocrx_word' id='word_1_277' title='bbox 584 2891 729 2970; x_wconf 82' lang='lat' dir='ltr'>baptismi</span> <span class='ocrx_word' id='word_1_278' title='bbox 741 2892 941 2953; x_wconf 87' lang='lat' dir='ltr'>immersione</span> <span class='ocrx_word' id='word_1_279' title='bbox 954 2893 1116 2954; x_wconf 88' lang='lat' dir='ltr'>inclamari</span> <span class='ocrx_word' id='word_1_280' title='bbox 1165 2888 1317 2967; x_wconf 87' lang='lat' dir='ltr'>explicare</span> <span class='ocrx_word' id='word_1_281' title='bbox 1338 2888 1477 2949; x_wconf 85' lang='lat' dir='ltr'>delectat.</span> <span class='ocrx_word' id='word_1_282' title='bbox 1500 2888 1642 2949; x_wconf 82' lang='lat' dir='ltr'>Efficieue</span> <span class='ocrx_word' id='word_1_283' title='bbox 1662 2888 1743 2949; x_wconf 77' lang='lat' dir='ltr'>illisu</span> <span class='ocrx_word' id='word_1_284' title='bbox 1761 2901 1901 2948; x_wconf 74' lang='lat' dir='ltr'>manuos</span> <span class='ocrx_word' id='word_1_285' title='bbox 1926 2863 1965 2909; x_wconf 65' lang='lat'>‘¹⁶‘</span> 
     </span>
     <span class='ocr_line' id='line_1_29' title="bbox 345 2975 1900 3064; baseline -0.004 -21"><span class='ocrx_word' id='word_1_286' title='bbox 345 2981 429 3043; x_wconf 86' lang='lat' dir='ltr'>dicit.</span> <span class='ocrx_word' id='word_1_287' title='bbox 469 2983 531 3043; x_wconf 88' lang='lat' dir='ltr'>Nec</span> <span class='ocrx_word' id='word_1_288' title='bbox 555 2987 638 3043; x_wconf 86' lang='lat' dir='ltr'>recte</span> <span class='ocrx_word' id='word_1_289' title='bbox 661 2982 792 3043; x_wconf 88' lang='lat' dir='ltr'>Latinus</span> <span class='ocrx_word' id='word_1_290' title='bbox 824 2982 1020 3064; x_wconf 76' lang='lat' dir='ltr'>interprete</span> <span class='ocrx_word' id='word_1_291' title='bbox 1046 2990 1114 3045; x_wconf 83' lang='lat' dir='ltr'>viro</span> <span class='ocrx_word' id='word_1_292' title='bbox 1164 2982 1300 3043; x_wconf 69' lang='lat' dir='ltr'>aliamse</span> <span class='ocrx_word' id='word_1_293' title='bbox 1314 2986 1425 3060; x_wconf 87' lang='lat' dir='ltr'>potest,</span> <span class='ocrx_word' id='word_1_294' title='bbox 1442 2999 1538 3059; x_wconf 92' lang='lat' dir='ltr'>quam</span> <span class='ocrx_word' id='word_1_295' title='bbox 1549 2981 1634 3041; x_wconf 89' lang='lat' dir='ltr'>Deus</span> <span class='ocrx_word' id='word_1_296' title='bbox 1651 3000 1658 3040; x_wconf 91' lang='lat'>:</span> <span class='ocrx_word' id='word_1_297' title='bbox 1674 2980 1728 3060; x_wconf 91' lang='lat' dir='ltr'>qui</span> <span class='ocrx_word' id='word_1_298' title='bbox 1738 2975 1900 3058; x_wconf 84' lang='lat' dir='ltr'>cujusgratis</span> 
     </span>
     <span class='ocr_line' id='line_1_30' title="bbox 345 3063 1902 3155; baseline -0.004 -21"><span class='ocrx_word' id='word_1_299' title='bbox 345 3075 435 3134; x_wconf 88' lang='lat' dir='ltr'>docto</span> <span class='ocrx_word' id='word_1_300' title='bbox 461 3079 598 3149; x_wconf 76' lang='lat' dir='ltr'>nomtur,</span> <span class='ocrx_word' id='word_1_301' title='bbox 624 3075 708 3154; x_wconf 91' lang='lat' dir='ltr'>quod</span> <span class='ocrx_word' id='word_1_302' title='bbox 731 3092 870 3155; x_wconf 82' lang='lat' dir='ltr'>personas</span> <span class='ocrx_word' id='word_1_303' title='bbox 896 3076 941 3136; x_wconf 91' lang='lat' dir='ltr'>ibi</span> <span class='ocrx_word' id='word_1_304' title='bbox 965 3079 1112 3138; x_wconf 86' lang='lat' dir='ltr'>verterit:</span> <span class='ocrx_word' id='word_1_305' title='bbox 1165 3081 1228 3135; x_wconf 67' lang='lat' dir='ltr'>um</span> <span class='ocrx_word' id='word_1_306' title='bbox 1251 3073 1414 3145; x_wconf 80' lang='lat' dir='ltr'>eximium,</span> <span class='ocrx_word' id='word_1_307' title='bbox 1442 3092 1479 3133; x_wconf 91' lang='lat' dir='ltr'>ac</span> <span class='ocrx_word' id='word_1_308' title='bbox 1502 3072 1662 3151; x_wconf 88' lang='lat' dir='ltr'>singulare</span> <span class='ocrx_word' id='word_1_309' title='bbox 1684 3090 1760 3152; x_wconf 88' lang='lat' dir='ltr'>opus</span> <span class='ocrx_word' id='word_1_310' title='bbox 1777 3063 1902 3141; x_wconf 86' lang='lat' dir='ltr'>edidit,is</span> 
     </span>
     <span class='ocr_line' id='line_1_31' title="bbox 343 3157 1901 3247; baseline -0.003 -22"><span class='ocrx_word' id='word_1_311' title='bbox 343 3170 495 3243; x_wconf 86' lang='lat' dir='ltr'>tanquam</span> <span class='ocrx_word' id='word_1_312' title='bbox 506 3165 671 3244; x_wconf 86' lang='lat' dir='ltr'>Dionysius</span> <span class='ocrx_word' id='word_1_313' title='bbox 689 3173 823 3228; x_wconf 68' lang='grc' dir='ltr'>ὑπόστασιν</span> <span class='ocrx_word' id='word_1_314' title='bbox 846 3184 906 3247; x_wconf 91' lang='lat' dir='ltr'>pro</span> <span class='ocrx_word' id='word_1_315' title='bbox 921 3175 993 3247; x_wconf 75' lang='grc' dir='ltr'>οὐσίᾳ</span> <span class='ocrx_word' id='word_1_316' title='bbox 1007 3186 1114 3247; x_wconf 91' lang='lat' dir='ltr'>sump·</span> <span class='ocrx_word' id='word_1_317' title='bbox 1164 3184 1230 3227; x_wconf 89' lang='lat' dir='ltr'>esse</span> <span class='ocrx_word' id='word_1_318' title='bbox 1255 3165 1328 3225; x_wconf 86' lang='lat' dir='ltr'>finis</span> <span class='ocrx_word' id='word_1_319' title='bbox 1355 3164 1455 3226; x_wconf 83' lang='lat' dir='ltr'>effecti</span> <span class='ocrx_word' id='word_1_320' title='bbox 1481 3166 1583 3244; x_wconf 89' lang='lat' dir='ltr'>operis</span> <span class='ocrx_word' id='word_1_321' title='bbox 1613 3171 1766 3226; x_wconf 87' lang='lat' dir='ltr'>censetur.</span> <span class='ocrx_word' id='word_1_322' title='bbox 1792 3157 1901 3222; x_wconf 77' lang='lat' dir='ltr'>Metuis</span> 
     </span>
     <span class='ocr_line' id='line_1_32' title="bbox 345 3249 1901 3340; baseline -0.004 -24"><span class='ocrx_word' id='word_1_323' title='bbox 345 3256 430 3317; x_wconf 90' lang='lat' dir='ltr'>serit.</span> <span class='ocrx_word' id='word_1_324' title='bbox 457 3257 546 3330; x_wconf 87' lang='lat' dir='ltr'>Quod</span> <span class='ocrx_word' id='word_1_325' title='bbox 571 3275 658 3317; x_wconf 80' lang='lat' dir='ltr'>sceau</span> <span class='ocrx_word' id='word_1_326' title='bbox 673 3275 705 3318; x_wconf 87' lang='lat' dir='ltr'>sc</span> <span class='ocrx_word' id='word_1_327' title='bbox 731 3254 835 3319; x_wconf 90' lang='lat' dir='ltr'>habet.</span> <span class='ocrx_word' id='word_1_328' title='bbox 863 3259 943 3321; x_wconf 88' lang='lat' dir='ltr'>Nam</span> <span class='ocrx_word' id='word_1_329' title='bbox 963 3266 994 3320; x_wconf 91' lang='lat' dir='ltr'>et</span> <span class='ocrx_word' id='word_1_330' title='bbox 1017 3261 1115 3340; x_wconf 88' lang='lat' dir='ltr'>capite</span> <span class='ocrx_word' id='word_1_331' title='bbox 1165 3257 1263 3318; x_wconf 88' lang='lat' dir='ltr'>instar</span> <span class='ocrx_word' id='word_1_332' title='bbox 1275 3262 1349 3318; x_wconf 93' lang='lat' dir='ltr'>sunt</span> <span class='ocrx_word' id='word_1_333' title='bbox 1359 3262 1479 3317; x_wconf 76' lang='lat' dir='ltr'>nature</span> <span class='ocrx_word' id='word_1_334' title='bbox 1492 3257 1574 3329; x_wconf 80' lang='lat' dir='ltr'>duce,</span> <span class='ocrx_word' id='word_1_335' title='bbox 1585 3274 1659 3335; x_wconf 78' lang='lat' dir='ltr'>quaa</span> <span class='ocrx_word' id='word_1_336' title='bbox 1670 3253 1830 3316; x_wconf 87' lang='lat' dir='ltr'>admirabili</span> <span class='ocrx_word' id='word_1_337' title='bbox 1838 3249 1901 3311; x_wconf 79' lang='lat' dir='ltr'>inti·</span> 
     </span>
     <span class='ocr_line' id='line_1_33' title="bbox 345 3343 1902 3429; baseline -0.003 -21"><span class='ocrx_word' id='word_1_338' title='bbox 345 3347 444 3425; x_wconf 90' lang='lat' dir='ltr'>primo</span> <span class='ocrx_word' id='word_1_339' title='bbox 480 3347 552 3408; x_wconf 91' lang='lat' dir='ltr'>libri</span> <span class='ocrx_word' id='word_1_340' title='bbox 573 3350 611 3410; x_wconf 87' lang='lat' dir='ltr'>de</span> <span class='ocrx_word' id='word_1_341' title='bbox 633 3348 752 3411; x_wconf 69' lang='lat' dir='ltr'>manu</span> <span class='ocrx_word' id='word_1_342' title='bbox 775 3351 980 3429; x_wconf 56' lang='lat' dir='ltr'>nominetur,</span> <span class='ocrx_word' id='word_1_343' title='bbox 1009 3353 1052 3413; x_wconf 92' lang='lat' dir='ltr'>ait</span> <span class='ocrx_word' id='word_1_344' title='bbox 1069 3360 1114 3428; x_wconf 76' lang='grc' dir='ltr'>σὴν</span> <span class='ocrx_word' id='word_1_345' title='bbox 1166 3367 1233 3410; x_wconf 79' lang='lat' dir='ltr'>ram</span> <span class='ocrx_word' id='word_1_346' title='bbox 1243 3349 1404 3428; x_wconf 84' lang='lat' dir='ltr'>junctione</span> <span class='ocrx_word' id='word_1_347' title='bbox 1423 3349 1573 3428; x_wconf 80' lang='lat' dir='ltr'>coprdatae</span> <span class='ocrx_word' id='word_1_348' title='bbox 1592 3358 1679 3411; x_wconf 89' lang='lat' dir='ltr'>sunt.</span> <span class='ocrx_word' id='word_1_349' title='bbox 1696 3349 1832 3427; x_wconf 86' lang='lat' dir='ltr'>Eaporro</span> <span class='ocrx_word' id='word_1_350' title='bbox 1843 3343 1902 3403; x_wconf 80' lang='lat' dir='ltr'>due·</span> 
     </span>
     <span class='ocr_line' id='line_1_34' title="bbox 344 3437 1903 3522; baseline -0.003 -21"><span class='ocrx_word' id='word_1_351' title='bbox 344 3448 470 3521; x_wconf 75' lang='grc' dir='ltr'>θισρχισι,</span> <span class='ocrx_word' id='word_1_352' title='bbox 497 3439 531 3500; x_wconf 91' lang='lat' dir='ltr'>id</span> <span class='ocrx_word' id='word_1_353' title='bbox 552 3447 598 3501; x_wconf 88' lang='lat' dir='ltr'>est</span> <span class='ocrx_word' id='word_1_354' title='bbox 626 3440 762 3501; x_wconf 85' lang='lat' dir='ltr'>divinam</span> <span class='ocrx_word' id='word_1_355' title='bbox 795 3444 1017 3522; x_wconf 79' lang='lat' dir='ltr'>principatum,</span> <span class='ocrx_word' id='word_1_356' title='bbox 1052 3444 1115 3504; x_wconf 88' lang='lat' dir='ltr'>slve</span> <span class='ocrx_word' id='word_1_357' title='bbox 1165 3460 1238 3503; x_wconf 92' lang='lat' dir='ltr'>rum</span> <span class='ocrx_word' id='word_1_358' title='bbox 1264 3441 1453 3519; x_wconf 87' lang='lat' dir='ltr'>conjunctio,</span> <span class='ocrx_word' id='word_1_359' title='bbox 1483 3441 1558 3513; x_wconf 87' lang='lat' dir='ltr'>sive,</span> <span class='ocrx_word' id='word_1_360' title='bbox 1588 3447 1626 3501; x_wconf 91' lang='lat' dir='ltr'>ut</span> <span class='ocrx_word' id='word_1_361' title='bbox 1648 3440 1758 3501; x_wconf 78' lang='lat' dir='ltr'>deuito</span> <span class='ocrx_word' id='word_1_362' title='bbox 1771 3438 1831 3517; x_wconf 82' lang='lat' dir='ltr'>jam</span> <span class='ocrx_word' id='word_1_363' title='bbox 1849 3437 1903 3494; x_wconf 84' lang='lat' dir='ltr'>utu</span> 
     </span>
     <span class='ocr_line' id='line_1_35' title="bbox 344 3522 1904 3617; baseline 0.001 -26"><span class='ocrx_word' id='word_1_364' title='bbox 344 3529 546 3601; x_wconf 85' lang='lat' dir='ltr'>divinitatem,</span> <span class='ocrx_word' id='word_1_365' title='bbox 570 3534 813 3594; x_wconf 87' lang='lat' dir='ltr'>communicasse</span> <span class='ocrx_word' id='word_1_366' title='bbox 840 3533 1005 3596; x_wconf 85' lang='lat' dir='ltr'>nobiscum</span> <span class='ocrx_word' id='word_1_367' title='bbox 1031 3542 1116 3617; x_wconf 72' lang='grc' dir='ltr'>ιιμιᾳ·</span> <span class='ocrx_word' id='word_1_368' title='bbox 1164 3533 1326 3606; x_wconf 87' lang='lat' dir='ltr'>vocabulo,</span> <span class='ocrx_word' id='word_1_369' title='bbox 1356 3532 1437 3607; x_wconf 89' lang='lat' dir='ltr'>unio,</span> <span class='ocrx_word' id='word_1_370' title='bbox 1459 3532 1509 3592; x_wconf 84' lang='lat' dir='ltr'>vel</span> <span class='ocrx_word' id='word_1_371' title='bbox 1536 3528 1646 3606; x_wconf 85' lang='lat' dir='ltr'>unitio,</span> <span class='ocrx_word' id='word_1_372' title='bbox 1676 3531 1810 3611; x_wconf 80' lang='lat' dir='ltr'>quadam</span> <span class='ocrx_word' id='word_1_373' title='bbox 1839 3522 1904 3585; x_wconf 70' lang='lat' dir='ltr'>velut</span> 
     </span>
     <span class='ocr_line' id='line_1_36' title="bbox 343 3616 1904 3707; baseline -0.004 -21"><span class='ocrx_word' id='word_1_374' title='bbox 343 3637 394 3686; x_wconf 73' lang='grc' dir='ltr'>τῶι</span> <span class='ocrx_word' id='word_1_375' title='bbox 410 3631 483 3700; x_wconf 64' lang='grc' dir='ltr'>αὑτῆς</span> <span class='ocrx_word' id='word_1_376' title='bbox 497 3631 666 3701; x_wconf 70' lang='grc' dir='ltr'>ὑποστάσεσι,</span> <span class='ocrx_word' id='word_1_377' title='bbox 677 3624 1112 3707; x_wconf 79' lang='lat' dir='ltr'>inuncsuaramltppastasean.</span> <span class='ocrx_word' id='word_1_378' title='bbox 1165 3625 1389 3686; x_wconf 88' lang='lat' dir='ltr'>lucarnationis</span> <span class='ocrx_word' id='word_1_379' title='bbox 1402 3631 1449 3685; x_wconf 87' lang='lat' dir='ltr'>est</span> <span class='ocrx_word' id='word_1_380' title='bbox 1461 3624 1573 3700; x_wconf 87' lang='lat' dir='ltr'>forma,</span> <span class='ocrx_word' id='word_1_381' title='bbox 1588 3642 1662 3702; x_wconf 80' lang='lat' dir='ltr'>qum</span> <span class='ocrx_word' id='word_1_382' title='bbox 1681 3622 1829 3703; x_wconf 86' lang='lat' dir='ltr'>propriam</span> <span class='ocrx_word' id='word_1_383' title='bbox 1839 3616 1904 3677; x_wconf 72' lang='lat' dir='ltr'>illius</span> 
     </span>
     <span class='ocr_line' id='line_1_37' title="bbox 344 3708 1904 3798; baseline -0.004 -22"><span class='ocrx_word' id='word_1_384' title='bbox 344 3715 393 3776; x_wconf 79' lang='lat' dir='ltr'>An</span> <span class='ocrx_word' id='word_1_385' title='bbox 406 3714 437 3774; x_wconf 87' lang='lat' dir='ltr'>in</span> <span class='ocrx_word' id='word_1_386' title='bbox 450 3735 509 3776; x_wconf 89' lang='lat' dir='ltr'>nna</span> <span class='ocrx_word' id='word_1_387' title='bbox 528 3734 650 3776; x_wconf 74' lang='lat' dir='ltr'>narum</span> <span class='ocrx_word' id='word_1_388' title='bbox 668 3721 858 3778; x_wconf 79' lang='lat' dir='ltr'>euenticrarn</span> <span class='ocrx_word' id='word_1_389' title='bbox 885 3717 1012 3778; x_wconf 88' lang='lat' dir='ltr'>audebit</span> <span class='ocrx_word' id='word_1_390' title='bbox 1033 3721 1114 3798; x_wconf 76' lang='lat' dir='ltr'>quis</span> <span class='ocrx_word' id='word_1_391' title='bbox 1164 3717 1317 3778; x_wconf 86' lang='lat' dir='ltr'>rationem</span> <span class='ocrx_word' id='word_1_392' title='bbox 1335 3717 1471 3796; x_wconf 91' lang='lat' dir='ltr'>complet</span> <span class='ocrx_word' id='word_1_393' title='bbox 1483 3735 1517 3777; x_wconf 84' lang='lat' dir='ltr'>ac</span> <span class='ocrx_word' id='word_1_394' title='bbox 1530 3717 1730 3777; x_wconf 85' lang='lat' dir='ltr'>determinat.</span> <span class='ocrx_word' id='word_1_395' title='bbox 1751 3708 1904 3774; x_wconf 82' lang='lat' dir='ltr'>Nihileuim</span> 
     </span>
     <span class='ocr_line' id='line_1_38' title="bbox 342 3794 1904 3890; baseline -0.002 -23"><span class='ocrx_word' id='word_1_396' title='bbox 342 3805 428 3887; x_wconf 90' lang='lat' dir='ltr'>piam</span> <span class='ocrx_word' id='word_1_397' title='bbox 450 3807 729 3869; x_wconf 78' lang='lat' dir='ltr'>vertereiRursus</span> <span class='ocrx_word' id='word_1_398' title='bbox 751 3819 944 3889; x_wconf 58' lang='lat' dir='ltr'>‚apiscerentur</span> <span class='ocrx_word' id='word_1_399' title='bbox 969 3819 1065 3890; x_wconf 71' lang='grc' dir='ltr'>μσιιιδσ</span> <span class='ocrx_word' id='word_1_400' title='bbox 1074 3822 1116 3873; x_wconf 66' lang='lat' dir='ltr'>act</span> <span class='ocrx_word' id='word_1_401' title='bbox 1164 3808 1247 3870; x_wconf 90' lang='lat' dir='ltr'>aliud</span> <span class='ocrx_word' id='word_1_402' title='bbox 1263 3814 1309 3869; x_wconf 88' lang='lat' dir='ltr'>est</span> <span class='ocrx_word' id='word_1_403' title='bbox 1322 3808 1423 3869; x_wconf 81' lang='lat' dir='ltr'>bivini</span> <span class='ocrx_word' id='word_1_404' title='bbox 1443 3807 1618 3869; x_wconf 88' lang='lat' dir='ltr'>lucarnatio</span> <span class='ocrx_word' id='word_1_405' title='bbox 1640 3805 1748 3881; x_wconf 84' lang='lat' dir='ltr'>Verbi,</span> <span class='ocrx_word' id='word_1_406' title='bbox 1765 3818 1850 3882; x_wconf 87' lang='lat' dir='ltr'>quam</span> <span class='ocrx_word' id='word_1_407' title='bbox 1861 3794 1904 3859; x_wconf 75' lang='lat' dir='ltr'>llti</span> 
     </span>
     <span class='ocr_line' id='line_1_39' title="bbox 343 3886 1904 3978; baseline -0.003 -17"><span class='ocrx_word' id='word_1_408' title='bbox 343 3906 428 3974; x_wconf 74' lang='lat' dir='ltr'>trite,</span> <span class='ocrx_word' id='word_1_409' title='bbox 448 3899 508 3961; x_wconf 90' lang='lat' dir='ltr'>hoc</span> <span class='ocrx_word' id='word_1_410' title='bbox 530 3907 576 3961; x_wconf 89' lang='lat' dir='ltr'>est</span> <span class='ocrx_word' id='word_1_411' title='bbox 609 3901 773 3978; x_wconf 73' lang='lat' dir='ltr'>maranen,</span> <span class='ocrx_word' id='word_1_412' title='bbox 792 3906 824 3961; x_wconf 90' lang='lat' dir='ltr'>et</span> <span class='ocrx_word' id='word_1_413' title='bbox 838 3901 981 3963; x_wconf 85' lang='lat' dir='ltr'>unitatem</span> <span class='ocrx_word' id='word_1_414' title='bbox 1005 3903 1039 3963; x_wconf 92' lang='lat' dir='ltr'>in</span> <span class='ocrx_word' id='word_1_415' title='bbox 1058 3905 1115 3964; x_wconf 87' lang='lat' dir='ltr'>tri·</span> <span class='ocrx_word' id='word_1_416' title='bbox 1165 3907 1196 3964; x_wconf 91' lang='lat' dir='ltr'>at</span> <span class='ocrx_word' id='word_1_417' title='bbox 1204 3899 1340 3962; x_wconf 90' lang='lat' dir='ltr'>hominis</span> <span class='ocrx_word' id='word_1_418' title='bbox 1352 3900 1384 3961; x_wconf 93' lang='lat' dir='ltr'>in</span> <span class='ocrx_word' id='word_1_419' title='bbox 1397 3901 1539 3961; x_wconf 87' lang='lat' dir='ltr'>eamdem</span> <span class='ocrx_word' id='word_1_420' title='bbox 1557 3915 1725 3977; x_wconf 90' lang='lat' dir='ltr'>personam</span> <span class='ocrx_word' id='word_1_421' title='bbox 1743 3914 1780 3957; x_wconf 85' lang='lat' dir='ltr'>ex</span> <span class='ocrx_word' id='word_1_422' title='bbox 1793 3886 1904 3970; x_wconf 50' lang='lat' dir='ltr'>Virgini</span> 
     </span>
     <span class='ocr_line' id='line_1_40' title="bbox 342 3979 1905 4075; baseline -0.002 -24"><span class='ocrx_word' id='word_1_423' title='bbox 342 3991 402 4053; x_wconf 91' lang='lat' dir='ltr'>bus</span> <span class='ocrx_word' id='word_1_424' title='bbox 415 3992 632 4054; x_wconf 84' lang='lat' dir='ltr'>subsistentem</span> <span class='ocrx_word' id='word_1_425' title='bbox 646 3989 764 4054; x_wconf 85' lang='lat' dir='ltr'>dixitin</span> <span class='ocrx_word' id='word_1_426' title='bbox 778 3994 858 4054; x_wconf 84' lang='lat' dir='ltr'>ealce</span> <span class='ocrx_word' id='word_1_427' title='bbox 873 3995 980 4073; x_wconf 89' lang='lat' dir='ltr'>capitis</span> <span class='ocrx_word' id='word_1_428' title='bbox 993 3996 1117 4075; x_wconf 89' lang='lat' dir='ltr'>septimi</span> <span class='ocrx_word' id='word_1_429' title='bbox 1165 3999 1254 4056; x_wconf 89' lang='lat' dir='ltr'>utera</span> <span class='ocrx_word' id='word_1_430' title='bbox 1267 3993 1345 4053; x_wconf 84' lang='lat' dir='ltr'>iacta</span> <span class='ocrx_word' id='word_1_431' title='bbox 1362 3992 1547 4054; x_wconf 87' lang='lat' dir='ltr'>consociatio</span> <span class='ocrx_word' id='word_1_432' title='bbox 1562 4012 1569 4052; x_wconf 92' lang='lat'>:</span> <span class='ocrx_word' id='word_1_433' title='bbox 1589 3998 1620 4052; x_wconf 90' lang='lat' dir='ltr'>et</span> <span class='ocrx_word' id='word_1_434' title='bbox 1645 4006 1801 4070; x_wconf 85' lang='lat' dir='ltr'>apersona</span> <span class='ocrx_word' id='word_1_435' title='bbox 1816 3979 1905 4046; x_wconf 71' lang='lat' dir='ltr'>cust</span> 
     </span>
     <span class='ocr_line' id='line_1_41' title="bbox 343 4072 1905 4167; baseline -0.005 -23"><span class='ocrx_word' id='word_1_436' title='bbox 343 4083 380 4145; x_wconf 86' lang='lat' dir='ltr'>de</span> <span class='ocrx_word' id='word_1_437' title='bbox 390 4083 942 4165; x_wconf 69' lang='lat' dir='ltr'>cclestiHierarrlria.Etrptnctecaccr</span> <span class='ocrx_word' id='word_1_438' title='bbox 956 4097 1118 4167; x_wconf 66' lang='grc' dir='ltr'>γσιιμότησσς</span> <span class='ocrx_word' id='word_1_439' title='bbox 1165 4086 1300 4148; x_wconf 87' lang='lat' dir='ltr'>mixtura</span> <span class='ocrx_word' id='word_1_440' title='bbox 1314 4085 1515 4157; x_wconf 90' lang='lat' dir='ltr'>esthominis,</span> <span class='ocrx_word' id='word_1_441' title='bbox 1527 4089 1559 4146; x_wconf 88' lang='lat' dir='ltr'>et</span> <span class='ocrx_word' id='word_1_442' title='bbox 1568 4085 1635 4159; x_wconf 89' lang='lat' dir='ltr'>Dei,</span> <span class='ocrx_word' id='word_1_443' title='bbox 1650 4105 1666 4141; x_wconf 82' lang='lat' dir='ltr'>n</span> <span class='ocrx_word' id='word_1_444' title='bbox 1689 4087 1724 4143; x_wconf 89' lang='lat' dir='ltr'>ut</span> <span class='ocrx_word' id='word_1_445' title='bbox 1736 4096 1802 4142; x_wconf 87' lang='lat' dir='ltr'>cam</span> <span class='ocrx_word' id='word_1_446' title='bbox 1818 4072 1905 4138; x_wconf 76' lang='lat' dir='ltr'>debuit</span> 
     </span>
     <span class='ocr_line' id='line_1_42' title="bbox 344 4163 1906 4257; baseline -0.002 -22"><span class='ocrx_word' id='word_1_447' title='bbox 344 4181 456 4254; x_wconf 68' lang='lat' dir='ltr'>inperce</span> <span class='ocrx_word' id='word_1_448' title='bbox 472 4175 505 4236; x_wconf 85' lang='lat' dir='ltr'>in</span> <span class='ocrx_word' id='word_1_449' title='bbox 520 4174 805 4237; x_wconf 81' lang='lat' dir='ltr'>tribucsabsisteatis</span> <span class='ocrx_word' id='word_1_450' title='bbox 819 4176 1012 4257; x_wconf 69' lang='lat' dir='ltr'>fecunditatis</span> <span class='ocrx_word' id='word_1_451' title='bbox 1022 4177 1117 4240; x_wconf 83' lang='lat' dir='ltr'>decta-</span> <span class='ocrx_word' id='word_1_452' title='bbox 1165 4176 1374 4255; x_wconf 73' lang='lat' dir='ltr'>Augustinus⁸</span> <span class='ocrx_word' id='word_1_453' title='bbox 1388 4197 1395 4238; x_wconf 76' lang='grc' dir='ltr'><strong><em>ε</em></strong></span> <span class='ocrx_word' id='word_1_454' title='bbox 1411 4196 1449 4239; x_wconf 87' lang='lat' dir='ltr'>cx</span> <span class='ocrx_word' id='word_1_455' title='bbox 1459 4194 1533 4255; x_wconf 89' lang='lat' dir='ltr'>quo,</span> <span class='ocrx_word' id='word_1_456' title='bbox 1550 4176 1714 4236; x_wconf 76' lang='lat' dir='ltr'>«Christus</span> <span class='ocrx_word' id='word_1_457' title='bbox 1722 4175 1808 4235; x_wconf 83' lang='lat' dir='ltr'>lesus</span> <span class='ocrx_word' id='word_1_458' title='bbox 1821 4163 1906 4228; x_wconf 72' lang='lat' dir='ltr'>Domi·</span> 
     </span>
     <span class='ocr_line' id='line_1_43' title="bbox 345 4260 1906 4349; baseline -0.003 -23"><span class='ocrx_word' id='word_1_459' title='bbox 345 4270 500 4344; x_wconf 85' lang='lat' dir='ltr'>rationem,</span> <span class='ocrx_word' id='word_1_460' title='bbox 516 4269 616 4348; x_wconf 90' lang='lat' dir='ltr'>capite</span> <span class='ocrx_word' id='word_1_461' title='bbox 635 4270 737 4349; x_wconf 89' lang='lat' dir='ltr'>primo</span> <span class='ocrx_word' id='word_1_462' title='bbox 758 4267 793 4329; x_wconf 85' lang='lat' dir='ltr'>de</span> <span class='ocrx_word' id='word_1_463' title='bbox 808 4268 928 4331; x_wconf 84' lang='lat' dir='ltr'>Dr&#39;oinis</span> <span class='ocrx_word' id='word_1_464' title='bbox 939 4272 1115 4349; x_wconf 84' lang='lat' dir='ltr'>nominibus,</span> <span class='ocrx_word' id='word_1_465' title='bbox 1166 4289 1227 4332; x_wconf 88' lang='lat' dir='ltr'>nus</span> <span class='ocrx_word' id='word_1_466' title='bbox 1249 4275 1353 4331; x_wconf 88' lang='lat' dir='ltr'>noster</span> <span class='ocrx_word' id='word_1_467' title='bbox 1371 4269 1486 4345; x_wconf 79' lang='lat' dir='ltr'>existit,</span> <span class='ocrx_word' id='word_1_468' title='bbox 1510 4286 1548 4328; x_wconf 88' lang='lat' dir='ltr'>cx</span> <span class='ocrx_word' id='word_1_469' title='bbox 1566 4274 1701 4347; x_wconf 88' lang='lat' dir='ltr'>utroque</span> <span class='ocrx_word' id='word_1_470' title='bbox 1719 4277 1871 4333; x_wconf 85' lang='lat' dir='ltr'>connexus,</span> <span class='ocrx_word' id='word_1_471' title='bbox 1882 4260 1906 4315; x_wconf 83' lang='lat' dir='ltr'>el</span> 
     </span>
     <span class='ocr_line' id='line_1_44' title="bbox 343 4346 1906 4449; baseline -0.004 -30"><span class='ocrx_word' id='word_1_472' title='bbox 343 4377 414 4437; x_wconf 81' lang='lat' dir='ltr'>quea</span> <span class='ocrx_word' id='word_1_473' title='bbox 442 4360 548 4421; x_wconf 91' lang='lat' dir='ltr'>omnia</span> <span class='ocrx_word' id='word_1_474' title='bbox 575 4361 703 4440; x_wconf 89' lang='lat' dir='ltr'>perinde</span> <span class='ocrx_word' id='word_1_475' title='bbox 729 4361 909 4438; x_wconf 85' lang='lat' dir='ltr'>accipienda</span> <span class='ocrx_word' id='word_1_476' title='bbox 931 4369 1015 4437; x_wconf 90' lang='lat' dir='ltr'>sunt,</span> <span class='ocrx_word' id='word_1_477' title='bbox 1038 4384 1073 4425; x_wconf 91' lang='lat' dir='ltr'>ac</span> <span class='ocrx_word' id='word_1_478' title='bbox 1091 4365 1117 4424; x_wconf 91' lang='lat' dir='ltr'>si</span> <span class='ocrx_word' id='word_1_479' title='bbox 1166 4369 1298 4442; x_wconf 90' lang='lat' dir='ltr'>utroque</span> <span class='ocrx_word' id='word_1_480' title='bbox 1325 4367 1496 4431; x_wconf 87' lang='lat' dir='ltr'>contextus,</span> <span class='ocrx_word' id='word_1_481' title='bbox 1527 4366 1621 4439; x_wconf 87' lang='lat' dir='ltr'>atque</span> <span class='ocrx_word' id='word_1_482' title='bbox 1649 4362 1814 4431; x_wconf 89' lang='lat' dir='ltr'>concretus,</span> <span class='ocrx_word' id='word_1_483' title='bbox 1837 4346 1906 4449; x_wconf 62' lang='lat' dir='ltr'>etit</span> 
     </span>
     <span class='ocr_line' id='line_1_45' title="bbox 345 4446 1907 4535; baseline -0.001 -26"><span class='ocrx_word' id='word_1_484' title='bbox 345 4448 469 4513; x_wconf 83' lang='lat' dir='ltr'>dixisset</span> <span class='ocrx_word' id='word_1_485' title='bbox 478 4461 564 4515; x_wconf 72' lang='grc' dir='ltr'>σὺσῐσι</span> <span class='ocrx_word' id='word_1_486' title='bbox 578 4450 877 4535; x_wconf 72' lang='grc' dir='ltr'>τρισισόστασσν.(]ειῐιι</span> <span class='ocrx_word' id='word_1_487' title='bbox 888 4456 1117 4526; x_wconf 68' lang='grc' dir='ltr'>ἱισόστσσιςιιυῑὶο</span> <span class='ocrx_word' id='word_1_488' title='bbox 1167 4456 1275 4518; x_wconf 88' lang='lat' dir='ltr'>eadem</span> <span class='ocrx_word' id='word_1_489' title='bbox 1289 4452 1452 4532; x_wconf 89' lang='lat' dir='ltr'>utriusque</span> <span class='ocrx_word' id='word_1_490' title='bbox 1464 4450 1646 4513; x_wconf 82' lang='lat' dir='ltr'>substantiae</span> <span class='ocrx_word' id='word_1_491' title='bbox 1658 4448 1815 4513; x_wconf 88' lang='lat' dir='ltr'>concordis</span> <span class='ocrx_word' id='word_1_492' title='bbox 1825 4446 1907 4505; x_wconf 74' lang='lat' dir='ltr'>mutffl</span> 
     </span>
     <span class='ocr_line' id='line_1_46' title="bbox 345 4536 1907 4625; baseline -0.001 -23"><span class='ocrx_word' id='word_1_493' title='bbox 345 4543 439 4604; x_wconf 89' lang='lat' dir='ltr'>modo</span> <span class='ocrx_word' id='word_1_494' title='bbox 453 4546 615 4608; x_wconf 72' lang='lat' dir='ltr'>ototcvillic</span> <span class='ocrx_word' id='word_1_495' title='bbox 628 4544 792 4625; x_wconf 88' lang='lat' dir='ltr'>signifieat.</span> <span class='ocrx_word' id='word_1_496' title='bbox 1166 4550 1206 4610; x_wconf 92' lang='lat' dir='ltr'>ad</span> <span class='ocrx_word' id='word_1_497' title='bbox 1233 4549 1366 4609; x_wconf 82' lang='lat' dir='ltr'>invicem</span> <span class='ocrx_word' id='word_1_498' title='bbox 1389 4545 1514 4606; x_wconf 84' lang='lat' dir='ltr'>foederis</span> <span class='ocrx_word' id='word_1_499' title='bbox 1538 4542 1774 4606; x_wconf 84' lang='lat' dir='ltr'>confibulatione</span> <span class='ocrx_word' id='word_1_500' title='bbox 1800 4536 1907 4600; x_wconf 61' lang='lat' dir='ltr'>sedetur</span> 
     </span>
     <span class='ocr_line' id='line_1_47' title="bbox 1167 4622 1904 4713; baseline -0.014 -12"><span class='ocrx_word' id='word_1_501' title='bbox 1167 4641 1274 4713; x_wconf 91' lang='lat' dir='ltr'>homo,</span> <span class='ocrx_word' id='word_1_502' title='bbox 1306 4644 1337 4700; x_wconf 92' lang='lat' dir='ltr'>et</span> <span class='ocrx_word' id='word_1_503' title='bbox 1359 4640 1487 4712; x_wconf 81' lang='lat' dir='ltr'>Deus3n</span> <span class='ocrx_word' id='word_1_504' title='bbox 1517 4643 1554 4699; x_wconf 89' lang='lat' dir='ltr'>ut</span> <span class='ocrx_word' id='word_1_505' title='bbox 1580 4638 1768 4699; x_wconf 85' lang='lat' dir='ltr'>Novatiauus</span> <span class='ocrx_word' id='word_1_506' title='bbox 1786 4627 1877 4692; x_wconf 80' lang='lat' dir='ltr'>scribit</span> <span class='ocrx_word' id='word_1_507' title='bbox 1887 4622 1904 4684; x_wconf 81' lang='lat'>⁸·</span> 
     </span>
     <span class='ocr_line' id='line_1_48' title="bbox 1169 4721 1906 4809; baseline -0.012 -16"><span class='ocrx_word' id='word_1_508' title='bbox 1169 4733 1317 4807; x_wconf 79' lang='lat' dir='ltr'>Quocirca</span> <span class='ocrx_word' id='word_1_509' title='bbox 1330 4730 1364 4791; x_wconf 91' lang='lat' dir='ltr'>ln</span> <span class='ocrx_word' id='word_1_510' title='bbox 1374 4730 1434 4790; x_wconf 91' lang='lat' dir='ltr'>illis</span> <span class='ocrx_word' id='word_1_511' title='bbox 1443 4736 1577 4809; x_wconf 88' lang='lat' dir='ltr'>quatuor</span> <span class='ocrx_word' id='word_1_512' title='bbox 1586 4726 1781 4792; x_wconf 86' lang='lat' dir='ltr'>enucleandis</span> <span class='ocrx_word' id='word_1_513' title='bbox 1787 4721 1906 4794; x_wconf 68' lang='lat' dir='ltr'>ddnwpt</span> 
     </span>
     <span class='ocr_line' id='line_1_49' title="bbox 1168 4822 1407 4886; baseline -0.017 0"><span class='ocrx_word' id='word_1_514' title='bbox 1168 4822 1407 4886; x_wconf 84' lang='lat' dir='ltr'>elaborabimus.</span> 
     </span>
    </p>
   </div>
   <div class='ocr_carea' id='block_1_6' title="bbox 1167 4902 1966 5274">
    <p class='ocr_par' dir='ltr' id='par_1_6' title="bbox 1167 4902 1966 5274">
     <span class='ocr_line' id='line_1_50' title="bbox 1209 4902 1966 5005; baseline -0.007 -30"><span class='ocrx_word' id='word_1_515' title='bbox 1209 4917 1250 4975; x_wconf 91' lang='lat' dir='ltr'>ll.</span> <span class='ocrx_word' id='word_1_516' title='bbox 1266 4914 1354 4977; x_wconf 87' lang='lat' dir='ltr'>Utab</span> <span class='ocrx_word' id='word_1_517' title='bbox 1368 4910 1516 4975; x_wconf 82' lang='lat' dir='ltr'>efficiente</span> <span class='ocrx_word' id='word_1_518' title='bbox 1535 4926 1628 4972; x_wconf 87' lang='lat' dir='ltr'>causa</span> <span class='ocrx_word' id='word_1_519' title='bbox 1646 4912 1782 4971; x_wconf 84' lang='lat' dir='ltr'>sumatm</span> <span class='ocrx_word' id='word_1_520' title='bbox 1790 4902 1903 4970; x_wconf 74' lang='lat' dir='ltr'>intem</span> <span class='ocrx_word' id='word_1_521' title='bbox 1923 4902 1966 5005; x_wconf 54' lang='grc' dir='ltr'>Μὰ</span> 
     </span>
     <span class='ocr_line' id='line_1_51' title="bbox 1168 4995 1966 5109; baseline -0.024 -38"><span class='ocrx_word' id='word_1_522' title='bbox 1168 5024 1262 5091; x_wconf 90' lang='lat' dir='ltr'>quam</span> <span class='ocrx_word' id='word_1_523' title='bbox 1277 5007 1403 5087; x_wconf 88' lang='lat' dir='ltr'>quidem</span> <span class='ocrx_word' id='word_1_524' title='bbox 1416 5006 1520 5085; x_wconf 86' lang='lat' dir='ltr'>ipsum</span> <span class='ocrx_word' id='word_1_525' title='bbox 1532 5005 1632 5065; x_wconf 85' lang='lat' dir='ltr'>Deum</span> <span class='ocrx_word' id='word_1_526' title='bbox 1645 5019 1720 5077; x_wconf 86' lang='lat' dir='ltr'>csse,</span> <span class='ocrx_word' id='word_1_527' title='bbox 1735 5014 1821 5062; x_wconf 89' lang='lat' dir='ltr'>nemo</span> <span class='ocrx_word' id='word_1_528' title='bbox 1833 4995 1904 5097; x_wconf 78' lang='lat' dir='ltr'>thep-</span> <span class='ocrx_word' id='word_1_529' title='bbox 1936 5012 1966 5109; x_wconf 51' lang='lat' dir='ltr'>pu</span> 
     </span>
     <span class='ocr_line' id='line_1_52' title="bbox 1167 5088 1906 5181; baseline -0.024 -19"><span class='ocrx_word' id='word_1_530' title='bbox 1167 5103 1256 5181; x_wconf 82' lang='lat' dir='ltr'>logne</span> <span class='ocrx_word' id='word_1_531' title='bbox 1269 5092 1390 5161; x_wconf 88' lang='lat' dir='ltr'>dubltet</span> <span class='ocrx_word' id='word_1_532' title='bbox 1400 5118 1407 5159; x_wconf 76' lang='grc' dir='ltr'>ι</span> <span class='ocrx_word' id='word_1_533' title='bbox 1418 5098 1498 5158; x_wconf 88' lang='lat' dir='ltr'>inest</span> <span class='ocrx_word' id='word_1_534' title='bbox 1506 5096 1670 5178; x_wconf 86' lang='lat' dir='ltr'>peculiaris</span> <span class='ocrx_word' id='word_1_535' title='bbox 1680 5088 1906 5174; x_wconf 82' lang='lat' dir='ltr'>qaedamhocn</span> 
     </span>
     <span class='ocr_line' id='line_1_53' title="bbox 1168 5172 1904 5274; baseline -0.024 -20"><span class='ocrx_word' id='word_1_536' title='bbox 1168 5194 1316 5274; x_wconf 86' lang='lat' dir='ltr'>mysterio</span> <span class='ocrx_word' id='word_1_537' title='bbox 1330 5191 1459 5252; x_wconf 88' lang='lat' dir='ltr'>minime</span> <span class='ocrx_word' id='word_1_538' title='bbox 1482 5188 1587 5250; x_wconf 74' lang='lat' dir='ltr'>dubie</span> <span class='ocrx_word' id='word_1_539' title='bbox 1605 5188 1650 5250; x_wconf 88' lang='lat' dir='ltr'>rei</span> <span class='ocrx_word' id='word_1_540' title='bbox 1662 5181 1832 5248; x_wconf 81' lang='lat' dir='ltr'>enarrandae</span> <span class='ocrx_word' id='word_1_541' title='bbox 1840 5172 1904 5239; x_wconf 85' lang='lat' dir='ltr'>diffi-</span> 
     </span>
    </p>
   </div>
   <div class='ocr_carea' id='block_1_7' title="bbox 1168 5262 1905 5363">
    <p class='ocr_par' dir='ltr' id='par_1_7' title="bbox 1168 5262 1905 5363">
     <span class='ocr_line' id='line_1_54' title="bbox 1168 5262 1905 5363; baseline -0.023 -16"><span class='ocrx_word' id='word_1_542' title='bbox 1168 5280 1277 5363; x_wconf 88' lang='lat' dir='ltr'>cultas,</span> <span class='ocrx_word' id='word_1_543' title='bbox 1292 5288 1323 5346; x_wconf 90' lang='lat' dir='ltr'>et</span> <span class='ocrx_word' id='word_1_544' title='bbox 1336 5283 1518 5345; x_wconf 86' lang='lat' dir='ltr'>obscuritas.</span> <span class='ocrx_word' id='word_1_545' title='bbox 1534 5281 1656 5344; x_wconf 87' lang='lat' dir='ltr'>Etenim</span> <span class='ocrx_word' id='word_1_546' title='bbox 1668 5296 1739 5342; x_wconf 87' lang='lat' dir='ltr'>oum</span> <span class='ocrx_word' id='word_1_547' title='bbox 1750 5274 1826 5337; x_wconf 91' lang='lat' dir='ltr'>Deus</span> <span class='ocrx_word' id='word_1_548' title='bbox 1842 5262 1905 5330; x_wconf 85' lang='lat' dir='ltr'>nihil</span> 
     </span>
    </p>
   </div>
   <div class='ocr_carea' id='block_1_8' title="bbox 375 5488 1838 5555">
    <p class='ocr_par' dir='ltr' id='par_1_8' title="bbox 375 5488 1838 5555">
     <span class='ocr_line' id='line_1_55' title="bbox 375 5488 1838 5555; baseline -0.016 -2"><span class='ocrx_word' id='word_1_549' title='bbox 375 5496 386 5538; x_wconf 88' lang='lat'><strong>¹</strong></span> <span class='ocrx_word' id='word_1_550' title='bbox 402 5494 454 5552; x_wconf 55' lang='lat' dir='ltr'>⁰·r1</span> <span class='ocrx_word' id='word_1_551' title='bbox 467 5508 526 5545; x_wconf 76' lang='lat' dir='ltr'>n.-</span> <span class='ocrx_word' id='word_1_552' title='bbox 538 5497 689 5555; x_wconf 61' lang='lat' dir='ltr'>stomata.</span> <span class='ocrx_word' id='word_1_553' title='bbox 704 5510 723 5544; x_wconf 87' lang='grc' dir='ltr'>ιι</span> <span class='ocrx_word' id='word_1_554' title='bbox 736 5500 763 5545; x_wconf 83' lang='grc' dir='ltr'>ιι</span> <span class='ocrx_word' id='word_1_555' title='bbox 780 5501 867 5555; x_wconf 72' lang='grc' dir='ltr'>εισι·</span> <span class='ocrx_word' id='word_1_556' title='bbox 881 5500 896 5544; x_wconf 88' lang='lat' dir='ltr'>s</span> <span class='ocrx_word' id='word_1_557' title='bbox 908 5500 978 5545; x_wconf 72' lang='lat' dir='ltr'>arur.</span> <span class='ocrx_word' id='word_1_558' title='bbox 990 5511 998 5543; x_wconf 86' lang='lat' dir='ltr'>t</span> <span class='ocrx_word' id='word_1_559' title='bbox 1012 5498 1070 5544; x_wconf 76' lang='lat' dir='ltr'>ron.</span> <span class='ocrx_word' id='word_1_560' title='bbox 1082 5510 1102 5543; x_wconf 83' lang='grc' dir='ltr'>ι.</span> <span class='ocrx_word' id='word_1_561' title='bbox 1114 5507 1132 5542; x_wconf 84' lang='grc' dir='ltr'>ιι</span> <span class='ocrx_word' id='word_1_562' title='bbox 1143 5502 1166 5543; x_wconf 82' lang='grc' dir='ltr'>σι</span> <span class='ocrx_word' id='word_1_563' title='bbox 1179 5498 1188 5541; x_wconf 85' lang='grc' dir='ltr'>ι</span> <span class='ocrx_word' id='word_1_564' title='bbox 1199 5498 1248 5544; x_wconf 78' lang='grc' dir='ltr'>ιιι.</span> <span class='ocrx_word' id='word_1_565' title='bbox 1257 5509 1277 5541; x_wconf 90' lang='grc' dir='ltr'>σ.</span> <span class='ocrx_word' id='word_1_566' title='bbox 1292 5495 1448 5551; x_wconf 66' lang='lat' dir='ltr'>rii-saur.</span> <span class='ocrx_word' id='word_1_567' title='bbox 1460 5506 1494 5550; x_wconf 73' lang='grc' dir='ltr'>σσ.</span> <span class='ocrx_word' id='word_1_568' title='bbox 1503 5505 1567 5540; x_wconf 79' lang='lat' dir='ltr'>m.-</span> <span class='ocrx_word' id='word_1_569' title='bbox 1577 5492 1593 5538; x_wconf 74' lang='grc' dir='ltr'>ι</span> <span class='ocrx_word' id='word_1_570' title='bbox 1603 5492 1649 5538; x_wconf 80' lang='lat' dir='ltr'>uc.</span> <span class='ocrx_word' id='word_1_571' title='bbox 1662 5491 1689 5535; x_wconf 81' lang='grc' dir='ltr'>ιι</span> <span class='ocrx_word' id='word_1_572' title='bbox 1700 5488 1759 5534; x_wconf 70' lang='lat' dir='ltr'>rna</span> <span class='ocrx_word' id='word_1_573' title='bbox 1770 5496 1789 5530; x_wconf 75' lang='lat' dir='ltr'>a</span> <span class='ocrx_word' id='word_1_574' title='bbox 1800 5492 1838 5527; x_wconf 78' lang='grc' dir='ltr'>ιιι.</span> 
     </span>
    </p>
   </div>
   <div class='ocr_carea' id='block_1_9' title="bbox 0 0 2005 6164">
    <p class='ocr_par' dir='ltr' id='par_1_9' title="bbox 0 0 2005 6164">
     <span class='ocr_line' id='line_1_56' title="bbox 0 0 2005 6164; baseline 0 0"><span class='ocrx_word' id='word_1_575' title='bbox 0 0 2005 6164; x_wconf 95' lang='lat' dir='ltr'> </span> 
     </span>
    </p>
   </div>
  </div>
 </body>
</html>
