4122 6248
607 207 657 269 DE
677 202 981 280 INGARNATIONE,
1002 205 1077 266 ΠΒ,
1099 206 1138 284 V,
1168 206 1251 268 CAP.
1274 207 1345 268 XV.
1702 210 1762 273 657

176 371 256 431 'lum
275 371 314 433 de
337 372 446 434 eodem
460 371 518 434 Dei
539 371 605 435 filio
619 390 703 434 mox.
723 393 738 431 τι
754 372 884 433 Genitus
897 376 944 432 est
993 387 1089 451 copus
1102 372 1137 432 in
1150 371 1279 451 epistola
1291 369 1332 432 od
1340 370 1546 434 Alexandrum
1558 372 1761 436 Corntuntino·

175 464 345 524 seeundum
369 482 511 542 carnem,
540 470 576 525 ut
599 471 634 526 tu
657 465 767 545 spiritu
785 463 941 543 gignaris;
990 462 1158 543 politanum
1192 463 1376 545 epsicopum*
1411 464 1553 528 camdem
1583 466 1616 527 Β.
1644 467 1762 547 Virgini

173 556 297 634 genitus
308 562 406 618 estex
419 557 559 633 muliere,
576 563 612 619 ut
623 563 659 618 tu
671 557 792 618 desinas
804 556 944 618 mulieris
992 555 1232 634 appellationem
1244 557 1362 618 tribuit.

173 665 239 709 esse
256 648 349 709 filius.
365 650 534 730 Propterea
552 649 669 729 duplex
685 649 765 711 facta
784 648 942 729 generatio
1030 647 1217 710 Athanasius
1230 649 1397 710 Alexandri
1421 666 1586 725 successor,
1615 656 1647 711 et
1664 652 1763 716 hares

175 746 231 817 est,
245 746 314 802 tum
327 747 441 803 nostra
458 741 577 817 similis,
593 747 660 803 tum
675 748 780 803 nostra
794 745 943 821 prestan-
992 738 1052 799 odii
1087 740 1121 801 in
1147 741 1295 804 Ariauam
1318 742 1483 820 baercsim,
1512 742 1627 821 passim
1649 752 1761 808 νεοτόκον

172 831 264 894 tior⁶.
289 854 304 892 s
326 834 363 894 Et
377 834 505 895 homilia
522 853 558 895 ιιι
580 833 613 896 in
625 834 787 896 loannes:
805 834 942 894 «Factus
990 832 1133 894 nominat
1141 840 1238 896 sanct.
1252 835 1381 895 Mariam
1391 834 1571 913 Virginem:
1589 837 1763 913 prasertim

172 930 218 985 est
245 924 338 986 Filius
362 926 513 1005 hominis,
545 927 598 1007 qui
626 932 671 988 est
698 927 865 1005 germanus
887 925 942 986 Dei
989 922 1632 1008 intertiolibrodeTrinitole.(Sioemmsb
1646 928 1761 1008 Cyrillo

172 1016 273 1078 lilius:
290 1024 326 1079 ut
336 1018 503 1079 bominum
516 1019 597 1080 filios
610 1018 664 1081 Dei
676 1019 757 1081 filios
770 1016 904 1080 taceres.
922 1038 937 1075 ι)
989 1013 1133 1078 laridatur
1146 1017 1179 1079 in
1193 1018 1323 1096 epistola
1337 1017 1376 1079 od
1390 1018 1572 1099 Monaedes.)
1581 1020 1625 1080 Ea
1634 1026 1680 1082 est
1689 1038 1761 1100 qua

212 1111 284 1172 Post
314 1111 398 1173 hunc
429 1111 631 1173 Severianum
658 1112 764 1174 laudat
795 1111 939 1191 cyrillus,
989 1106 1085 1186 vulgo
1097 1109 1274 1171 inscribitur
1285 1110 1384 1172 oratio
1395 1112 1758 1191 quartaeonircArrboca.

172 1202 435 1282 cujusboecverba
443 1209 531 1264 sunt:
551 1226 567 1264 a
575 1204 843 1266 EtenimVerbum
850 1202 939 1280 illud,
991 1200 1029 1260 In
1041 1218 1104 1280 qua
1117 1220 1199 1282 sape
1219 1202 1409 1264 vocabulum
1432 1203 1516 1265 istud
1537 1205 1680 1265 occurrit.
1709 1206 1762 1266 Est

97 1296 100 1302 ’
171 1296 257 1375 quod
283 1313 416 1376 superne
441 1314 553 1358 arcana
579 1298 730 1377 quadam,
759 1303 790 1358 et
808 1296 940 1376 inexpli·
989 1299 1094 1355 auum
1121 1294 1222 1357 obiter
1250 1296 1328 1358 illud
1355 1297 1595 1374 observandum,
1617 1299 1761 1377 antiquos

172 1387 274 1464 cubili,
291 1392 322 1450 et
335 1388 592 1468 incomprehensa
609 1391 739 1464 ratione,
765 1407 804 1450 ex
824 1395 940 1450 aeoerno
989 1386 1152 1466 scriptores
1183 1388 1346 1450 Athanasii
1368 1390 1524 1451 orationes
1551 1389 1619 1451 illas
1647 1389 1759 1452 librum

170 1479 312 1559 genitum
324 1486 397 1542 ests
411 1480 512 1557 Patre,
528 1482 610 1543 idam
621 1484 806 1561 intempore
820 1482 941 1542 exVir·
989 1479 1145 1558 appellare
1158 1478 1193 1542 de
1210 1480 1373 1559 Trinitatis,
1401 1487 1437 1541 ut
1451 1481 1495 1542 ibi
1510 1482 1655 1561 cyrillus.
1681 1484 1761 1546 Tum

171 1572 244 1650 gina
258 1574 357 1634 Maria
368 1573 488 1635 interne
501 1575 641 1653 genitum
656 1581 750 1637 astte
989 1588 1028 1630 ex
1051 1572 1201 1652 quinque,
1216 1579 1253 1634 ut
1272 1593 1357 1636 nunc
1380 1574 1600 1651 inscribuntur,
1629 1582 1762 1655 quatuor

15 1670 146 1782 lgm?
211 1664 251 1725 Χ.
288 1667 378 1728 Nunc
397 1669 453 1749 qui
472 1678 586 1733 νεοτόκον
607 1666 791 1729 nominatim
811 1669 940 1729 Beatam
988 1663 1068 1724 solas
1080 1683 1251 1742 recensere,
1270 1668 1371 1747 prima
1385 1667 1541 1729 deuecta:
1558 1686 1628 1747 qua
1638 1687 1702 1729 non
1716 1673 1763 1729 est

20 1775 135 1877 affirm
170 1758 367 1837 appellarunt
378 1762 540 1845 Virginem
554 1761 721 1823 nonnullos
734 1758 938 1840 proferemus,
988 1756 1127 1835 ejusdem
1155 1777 1226 1820 cum
1254 1760 1454 1840 sequentibus
1476 1762 1664 1840 argumenti.
1681 1762 1761 1823 Nam

19 1886 135 1937 Μ,
170 1867 210 1911 ax
218 1850 267 1925 iis,
281 1853 335 1931 qui
344 1854 530 1933 Nestorium,
542 1861 574 1916 et
586 1853 773 1935 Ephesinam
783 1853 940 1930 synodum
987 1848 1020 1909 in
1035 1848 1101 1910 istis
1114 1850 1262 1914 adversus
1275 1853 1426 1914 Arianam
1444 1853 1591 1914 haeresim
1605 1854 1753 1933 disputat,

12 1939 145 1989 omniun
169 1948 412 2024 antecesserunt,
437 1950 599 2028 plerosque
625 1946 814 2026 antiquiores
840 1945 938 2006 tribus
988 1960 1119 2023 eamque
1140 1946 1328 2020 rationibus,
1344 1952 1375 2007 ct
1390 1946 1556 2025 Scriptura
1571 1946 1757 2008 testimoniis

168 2035 240 2110 illis,
265 2055 344 2117 quos
371 2040 624 2102 commemoravit
648 2038 793 2119 cyrillus.
820 2039 939 2097 Horum
987 2036 1112 2113 refellit,
1129 2044 1160 2099 et
1173 2039 1287 2118 quibus
1306 2039 1498 2119 argumentis
1524 2038 1696 2116 nitebatur,
1714 2042 1761 2101 'ea

169 2128 507 2212 primussitOriganes:
521 2150 616 2213 quem
626 2133 710 2194 testis
719 2128 936 2202 estSocrates¹,
988 2128 1136 2190 dissolvit.
1152 2132 1257 2193 Prima
1270 2138 1376 2194 auam
1398 2131 1478 2193 nihil
1491 2131 1606 2192 horum
1624 2131 1713 2211 ¹facit:
1730 2138 1761 2194 et

167 2225 256 2283 tomo
272 2223 374 2303 primo
388 2224 422 2285 in
435 2225 597 2305 epistolam
610 2223 650 2285 ud
662 2223 822 2297 Romanos,
838 2220 938 2302 expli·
988 2227 1034 2281 ost
1046 2223 1200 2302 encyclica
1213 2231 1316 2285 contro
1330 2224 1456 2287 Arcanos
1468 2223 1617 2303 epistola;
1640 2225 1695 2304 qui
1715 2223 1760 2288 illi

168 2319 293 2377 cauum
307 2318 464 2395 quomodo
478 2326 589 2387 θιοτότος
606 2316 737 2392 dicatur,
752 2314 844 2376 latius
857 2314 939 2375 istud
988 2313 1096 2375 titulus
1110 2316 1214 2377 Graes
1228 2317 1410 2397 praefigitur.
1435 2317 1509 2377 ideo
1529 2334 1600 2395 quae
1626 2316 1760 2380 secunda

169 2406 376 2485 inquisivisse.
404 2410 479 2470 Post
504 2409 589 2469 huuc
616 2407 780 2487 Dionysius
805 2406 939 2468 Alexan·
987 2407 1083 2486 vulgo
1097 2415 1289 2486 numeratur,
1314 2408 1341 2469 is
1366 2422 1464 2490 πρῶτος
1477 2417 1552 2488 λόγος
1580 2409 1619 2469 ab
1645 2410 1759 2472 Graecis

169 2498 279 2559 dmnus
293 2499 326 2560 in
336 2500 465 2581 epistola
476 2500 622 2580 synodica
637 2501 678 2562 od
687 2498 820 2561 Paulum
834 2498 937 2560 Somo-
988 2499 1144 2579 plerisque
1157 2498 1280 2574 dicitur,
1294 2500 1527 2581 quamprimum
1538 2500 1649 2561 librum
1662 2501 1759 2565 satius

168 2596 321 2665 calenum,
352 2611 417 2653 non
451 2594 553 2655 solum
586 2592 818 2672 generationem
843 2590 940 2654 Verbi
987 2591 1149 2654 sitLatine
1168 2593 1316 2654 vertendo
1331 2593 1493 2655 nominare
1505 2613 1513 2668 ;
1530 2611 1595 2654 nou
1609 2599 1646 2654 ut
1659 2593 1759 2655 solent

168 2682 326 2762 duplicem
359 2685 473 2746 diserte
506 2685 722 2759 commcndat;
758 2684 812 2745 sed
845 2685 938 2745 ctiam
989 2685 1168 2747 Orationem.
1185 2686 1237 2746 Est
1254 2686 1338 2747 enim
1351 2694 1425 2767 λόγος
1438 2704 1503 2746 non
1521 2687 1624 2747 solum
1639 2686 1756 2764 Oratio,

128 2831 133 2843 ,
167 2781 284 2836 tessiaco
308 2781 441 2838 matrem
463 2776 546 2838 illius
560 2776 705 2856 appellat.
724 2777 888 2851 «Quinam
902 2783 939 2839 tu
988 2776 1149 2838 sedetiam
1163 2776 1248 2838 liber.
1267 2778 1369 2856 Atque
1391 2778 1451 2838 hoc
1468 2777 1535 2855 jam
1555 2778 1629 2839 aiibi
1649 2784 1759 2841 notare

167 2866 255 2946 dicis,
281 2868 335 2946 ait,
358 2868 519 2930 bominem
545 2868 696 2931 amusium
722 2869 890 2948 Christum,
908 2877 939 2932 ct
987 2869 1126 2930 memini.
1155 2872 1190 2932 ln
1218 2870 1338 2931 actione
1365 2875 1471 2931 tamen
1500 2876 1611 2948 quarta
1645 2872 1758 2952 synodi

167 2976 234 3019 non
262 2961 362 3022 Deum
387 2979 498 3022 verum
514 2960 707 3035 existentem,
731 2967 762 3021 et
775 2962 938 3023 adoratum
986 2960 1157 3041 septimae⁸,
1173 2980 1213 3022 ne
1227 2960 1301 3041 quid
1315 2960 1515 3038 dissimulem,
1532 2961 1618 3025 locus
1631 2963 1758 3041 quidam

167 3049 208 3111 ab
230 3052 375 3115 universa
396 3059 536 3115 creatura
559 3070 631 3114 cum
646 3053 751 3128 Patra,
768 3058 799 3113 et
820 3053 937 3133 Spiritu
987 3059 1013 3114 ἐκ
1026 3061 1102 3133 λόγου
1126 3063 1242 3134 τετάρτου
1262 3061 1318 3116 κατ’
1343 3061 1473 3134 'spernas
1487 3055 1655 3134 protertur,
1670 3056 1758 3135 cujus
1782 3088 1930 3135 1,„„„„„

167 3151 295 3221 sancto,
320 3145 515 3207 incarnatum
531 3150 667 3207 esaucta
680 3145 820 3224 Virgine,
836 3151 867 3206 et
882 3145 937 3207 Dci
986 3145 1110 3206 initium
1139 3154 1195 3221 est,
1225 3154 1248 3205 οι
1268 3152 1460 3225 Ἀρτιομανῖται.
1486 3148 1561 3220 Qua
1585 3154 1631 3209 est
1657 3150 1756 3210 oratio
1803 3149 1909 3241 ,ww

164 3237 316 3315 genitrice
328 3236 443 3299 lileriod
451 3238 490 3298 l»
503 3239 541 3299 Et
553 3237 795 3318 inresponsione
805 3238 843 3297 ad
856 3256 938 3317 quae
985 3243 1106 3317 quarta.
1118 3237 1178 3298 Sed
1190 3234 1374 3297 vetustiores
1386 3236 1451 3313 illo,
1464 3255 1558 3316 quem
1572 3240 1645 3313 dixi,
1661 3242 1756 3303 modo
1780 3250 1875 3294 imm
1877 3281 1927 3294 ······

165 3329 299 3390 stioneln
315 3330 458 3410 quintam
472 3329 609 3391 haeretici
635 3329 774 3409 ejsudem
788 3329 826 3390 de
850 3331 935 3392 Isaiae
984 3335 1162 3392 numerant.
1780 3303 1923 3349 mmm

164 3421 355 3499 uerbisistis,
370 3422 447 3484 Erre
465 3420 553 3503 Virgo
568 3422 728 3502 concipiet,
755 3422 932 3501 disputans,
1026 3423 1114 3484 Certe
1139 3422 1192 3500 qui
1219 3420 1258 3481 ab
1286 3420 1402 3501 Cyrillo
1424 3421 1458 3482 in
1482 3419 1535 3485 illa
1548 3422 1589 3485 od
1600 3422 1755 3489 Monoikos

170 3535 186 3571 τι
201 3515 355 3593 Ostendit,
368 3514 486 3594 iuquit,
505 3514 559 3575 Dei
574 3514 759 3575 Genitricem
774 3513 933 3594 Virginem
984 3514 1113 3596 epistola
1126 3515 1238 3575 citatm
1247 3512 1334 3574 locus
1347 3532 1385 3575 ex
1398 3513 1478 3575 libro
1492 3516 1583 3577 tertio
1599 3518 1636 3579 dc
1651 3520 1754 3581 Trini-

165 3607 336 3687 quamdum
367 3607 559 3687 concepisse:
595 3623 690 3686 quem
718 3605 844 3686 quidem
876 3627 934 3670 nos
987 3611 1060 3683 tote,
1075 3612 1218 3684 sumptus
1232 3611 1277 3667 est
1290 3623 1330 3667 ex
1348 3607 1488 3669 oratione
1501 3615 1627 3687 qumta3
1643 3612 1698 3691 qui
1711 3613 1755 3674 sic

164 3700 351 3779 agnovimus
365 3701 466 3761 Deum
479 3704 633 3772 nostrum,
661 3703 692 3759 et
705 3698 786 3760 Patri
803 3705 931 3762 coaeter·
983 3700 1096 3762 babet:
1116 3720 1131 3758 ιι
1145 3699 1254 3778 ltaque
1267 3698 1380 3760 divina
1399 3699 1559 3780 scripturae
1573 3720 1683 3781 scopus
1696 3703 1756 3766 iste

163 3811 244 3854 urim
267 3792 367 3853 filium
387 3791 553 3853 Verbum‘.
570 3812 586 3850 1
606 3790 657 3852 Sic
670 3791 798 3853 Mariam
821 3800 933 3855 teutonos
982 3799 1082 3867 estet
1095 3790 1372 3871 formulapropna,
1386 3794 1756 3875 atramentarium-

163 3886 256 3965 paulo
270 3890 341 3965 post
352 3890 463 3958 vccat3
486 3883 643 3964 arsapius
664 3884 806 3946 eamdem
825 3902 934 3948 voecm
983 3902 1052 3948 cem
1066 3901 1270 3965 agnoscamus
1283 3883 1316 3944 in
1330 3901 1367 3944 ca
1380 3884 1419 3944 de
1433 3885 1592 3947 Salvatore
1604 3886 1754 3968 loquendi

162 3978 287 4058 repetit.
303 3976 476 4039 Alexander
490 3975 583 4037 etiam
607 3974 832 4039 Alexandrinus
855 3978 935 4057 epis·
983 3978 1157 4040 rationem:
1172 3974 1323 4037 nimirum
1343 3981 1412 4037 tum
1429 3976 1539 4039 Filium
1558 3977 1652 4043 fuisse
1672 3999 1754 4043 sem·

161 4180 201 4238 ὅτι
212 4181 227 4236 ὁ
240 4180 463 4254 θεδςδᾶτρόοιτος,
477 4181 518 4235 καὶ
533 4179 754 4254 antapristena
766 4180 932 4255 ἀπερινόητος,
1018 4198 1033 4240 α
1051 4185 1152 4241 Savus.
1167 4182 1240 4254 apud
1257 4184 1322 4254 Cyn.
1345 4182 1381 4241 de
1401 4184 1480 4241 nect.
1498 4181 1567 4257 fide.
1592 4181 1625 4239 ‘0
1638 4185 1686 4258 γὰρ
1700 4205 1754 4259 γεν-

161 4265 253 4338 καὶτῷ
267 4266 340 4337 πατρὶ
362 4262 425 4331 ἴσος,
452 4264 492 4318 διὰ
517 4267 609 4337 μήτρας
632 4262 690 4335 ἦλθε
713 4267 867 4339 παρθενικῆς,
892 4268 933 4320 καὶ
980 4267 1060 4337 andrie
1073 4266 1164 4320 dvcta
1186 4264 1212 4320 is
1233 4267 1326 4340 πατρὸς
1347 4267 1423 4340 λόγος
1445 4266 1597 4339 ἇποῤῥήτως,
1614 4268 1752 4341 ἀφράστως,

160 4349 271 4422 γενέσθαι
285 4345 433 4420 ἒαγνναιιιος
445 4347 600 4416 κατεδέξατο,
611 4349 653 4400 καὶ
667 4350 735 4421 σχεῖν
746 4351 881 4422 προγόνους
889 4351 932 4403 τον
980 4348 1167 4418 ἀκαταλήπτοις,
1178 4348 1274 4417 ἀΐδιος,
1289 4349 1303 4404 ὁ
1314 4348 1385 4414 οὗτος
1396 4347 1420 4403 ἔν
1430 4352 1514 4423 χρόνῳ
1524 4352 1638 4421 γεννᾶται
1645 4354 1752 4409 κάτωθεν

162 4432 249 4497 bans,
263 4432 304 4484 nai
319 4431 360 4485 τὸν
377 4429 497 4503 ‘Aipeia
980 4431 1007 4487 in
1020 4434 1138 4507 παρθένον
1152 4432 1260 4505 Μαρίας.

198 4531 219 4571 a
237 4517 425 4572 (ΣιιιιλπΜαί.
442 4512 930 4588 νθη.3θ.Ἐγεννήθηγὰραατᾶοάρκα,
1014 4517 1134 4574 leOtt.
1160 4518 1243 4572 Ater.
1258 4523 1327 4573 tom.
1340 4515 1364 4571 ll
1385 4515 1449 4573 Bib.
1471 4518 1528 4571 ΡΡ.
1548 4517 1607 4581 Πῶς
1625 4519 1655 4573 cir
1673 4520 1753 4591 λέγεις

159 4598 203 4652 ἵνα
217 4598 367 4671 οδγιννηθῇς
377 4597 441 4652 κατὰ
448 4602 552 4671 πνεῦμα·
566 4595 678 4669 ἔγεννήθη
690 4595 716 4650 ἐκ
729 4597 934 4668 postsignani
978 4599 1106 4672 daiphron
1120 4598 1286 4673 κατεξαίρττον
1305 4600 1348 4654 τον
1370 4599 1487 4672 Χριστὸν,
1509 4602 1550 4654 καὶ
1565 4600 1594 4655 oi
1616 4603 1669 4656 θεὸν
1692 4605 1752 4658 ὄντα

159 4682 240 4755 παύσῃ
255 4681 367 4754 γυναικὸς
378 4684 414 4735 ὢν
428 4680 490 4743 uiis.
504 4680 545 4734 διὰ
559 4685 632 4735 τοῦτο
646 4681 719 4748 διπλῆ
733 4679 859 4753 γέγονενὴ
875 4682 930 4753 γέν·
978 4682 1103 4751 ἀληθινὸν,
1118 4683 1159 4736 καὶ
1180 4684 1390 4755 προσκυνούμενον
1409 4683 1475 4757 παρὰ
1493 4685 1573 4754 πάσης
1593 4686 1693 4750 κτίσεως
1707 4689 1751 4742 ato

159 4785 239 4833 νησις,
253 4766 293 4819 καὶ
309 4764 400 4819 ἐοικυῖα
412 4765 481 4838 ἡμῖν,
497 4765 538 4817 καὶ
558 4762 735 4836 ὓπερΰαῑνοοοα
751 4764 795 4832 τὴν
809 4764 930 4836 ἡμετέραν
978 4767 1062 4838 πατρὶ,
1074 4767 1115 4819 καὶ
1129 4764 1194 4838 ἁγιῳ
1207 4766 1336 4838 πνεύματι,
1351 4766 1392 4820 τὸν
1408 4768 1562 4840 οαρκωθέντα
1583 4767 1609 4822 ἔα
1621 4773 1664 4837 τῆς
1682 4770 1752 4842 ἁγίας

159 4848 241 4920 φύσιν.
978 4850 1108 4922 παρθένον,
1122 4848 1163 4902 καὶ
1172 4849 1286 4903 denebrac
1295 4850 1407 4922 Μαρίοις;

198 4932 274 4989 cla.
298 4932 374 4988 hom.
395 4948 415 4988 11
435 4933 468 4989 in
484 4934 570 4988 loon.
593 4947 664 4987 vars.
688 4930 715 4986 2.
741 4930 858 5002 Ἐγένετο
882 4930 929 5004 γὰρ
1013 4948 1029 4988 e
1046 4931 1115 4988 ibid.
1134 4931 1182 4983 Καὶ
1196 4932 1315 4993 δείκνυσιν
1328 4934 1366 4987 ὅτι
1379 4932 1395 5000 ἡ
1407 4933 1519 4996 θεοτύκος
1540 4935 1594 4988 τινὰ
1608 4934 1749 5008 cordaio,

158 5012 211 5077 οἷος
238 5014 376 5088 ἀνθρώπου,
401 5017 456 5071 (irai
476 5015 575 5088 γνήσιος
599 5016 635 5068 ὢν
657 5012 719 5080 υἱὸς,
740 5014 783 5067 ἵνα
804 5015 860 5077 τοὺς
878 5020 929 5069 τῶν
977 5012 1125 5086 ἡταρθένος
1143 5014 1270 5081 δηλονότι.
1286 5016 1314 5070 ὅν
1330 5035 1384 5070 τινα
1404 5015 1475 5088 ἡμεῖς
1492 5014 1656 5091 ἐγνωρίσαμεν
1678 5017 1751 5090 ἡμῶν

159 5094 294 5170 ἀνθρώπων
308 5097 374 5162 niobe
387 5099 459 5153 τέκνα
469 5100 558 5172 ποιήσῃ
573 5098 639 5152 θεοῦ.
979 5095 1023 5172 μὲν
1035 5097 1099 5162 θεον,
1114 5101 1158 5151 τοῦ
1173 5097 1200 5152 δὲ
1209 5098 1301 5173 πατρὸς
1314 5095 1436 5156 nouitas
1450 5098 1570 5155 introibe
1579 5099 1665 5173 λόγον.

186 5284 196 5331 t
213 5287 296 5333 socru
309 5287 324 5331 1.
332 5284 379 5343 Vll,
391 5297 507 5332 carru-
522 5285 538 5331 i
550 5284 647 5331 Alexin
656 5290 690 5340 cp.
703 5282 743 5328 sub
758 5283 787 5329 fla
799 5287 857 5342 apud
868 5289 943 5351 'theod
955 5295 973 5341 ς,
986 5286 1083 5344 tttopsr.
1097 5282 1223 5341 iliiusf-tt
1234 5287 1319 5338 'tant
1329 5289 1394 5334 tnnc

292 5367 369 5430 Tou.
390 5362 429 5428 V.
1596 5369 1636 5428 ti
