4078 6162
575 338 626 399 DE
644 335 944 416 mariana,
967 338 1040 401 tia.
1062 338 1114 417 lli,
1136 337 1220 402 GAP.
1242 342 1296 403 IV.
1675 334 1732 406 tei

150 508 333 576 naturaliter
343 505 430 570 aemi
452 504 579 577 unitum
589 504 722 587 scripsit.
750 505 919 585 Propterea
967 512 1147 590 usurpatur,
1158 509 1243 590 quaed
1256 522 1363 570 veram
1376 509 1471 572 habet
1483 509 1672 571 annuant
1686 512 1737 572 vei

149 604 243 667 mam
275 600 486 676 mutinam,
511 597 577 660 eivs
603 598 779 663 naturalem
805 596 919 661 betam
968 603 1175 678 Aristotelea,
1191 614 1223 662 ss
1241 600 1453 681 philosophiae
1476 617 1576 678 mora,
1604 620 1662 682 pro
1685 620 1733 681 eo,

147 701 332 759 amamnrm
342 693 516 755 unhiouem
525 688 916 757 omnimodisoontitemarr
967 695 1051 774 quod
1061 713 1117 776 por
1127 713 1159 756 sa
1173 700 1229 772 ast,
1240 699 1272 757 et
1286 694 1456 754 substantia
1469 694 1591 768 diruitur,
1600 696 1736 758 mamma

148 806 213 851 nou
226 788 308 848 sient
320 782 377 861 illi,
400 783 466 864 qui,
484 791 636 862 utiquam
648 782 684 843 in
697 782 868 861 Propheta,
884 782 918 845 in
967 787 1083 867 prima
1100 792 1131 849 at
1152 787 1322 848 indiuidua.
1346 787 1485 866 Utroque
1505 786 1604 871 modo
1617 793 1737 865 οοσιοοης

148 879 272 945 Chelae
289 877 421 943 Domino
442 875 583 936 Verbum
602 874 777 954 inoperasse
790 877 919 936 maten-
967 879 1141 958 appellatur
1154 878 1250 939 unitio
1264 883 1449 941 naturarum
1460 878 1496 939 in
1509 878 1641 939 Christo.
1656 879 1736 940 Nam

147 969 459 1034 dunt.sPetrusltem
472 967 625 1040 Damiaui,
643 965 916 1046 opuseuloprimoi
968 975 1085 1032 eivers
1098 978 1154 1047 est,
1175 984 1241 1032 non
1263 971 1409 1050 opinione
1432 971 1496 1033 sola
1522 982 1676 1053 constans,
1701 989 1737 1034 aa

147 1065 246 1144 eapite
280 1077 353 1135 rm,
382 1078 397 1120 ο
426 1058 629 1121 essentialiter
655 1058 818 1119 oouuitum
851 1074 918 1118 assa
967 1064 1088 1142 speeie:
1105 1065 1323 1143 etquodexea
1336 1064 1736 1143 oonsurgit,unumitidem

147 1156 220 1218 liiiio
246 1155 339 1216 donet
362 1151 493 1214 humani
516 1150 832 1229 eorporistemplam.
850 1170 862 1206 r
881 1150 918 1209 Et
965 1158 1106 1217 esseest
1132 1173 1168 1216 ao
1193 1157 1321 1235 proprie
1345 1157 1481 1218 dioturm
1507 1162 1538 1216 et
1562 1156 1596 1217 in
1620 1175 1734 1235 unam,

146 1248 296 1310 Paulinus
306 1244 511 1326 lqufluansis
528 1244 669 1322 «inipso
691 1248 844 1321 oonaeptu
856 1242 918 1307 vir·
966 1246 1221 1327 individuamque
1237 1247 1453 1331 substantiam,
1467 1249 1527 1309 hoo
1540 1254 1586 1310 est
1597 1249 1734 1329 pardon-

146 1339 257 1419 ginalia
271 1338 354 1399 utari
372 1339 472 1399 Deum
493 1335 694 1396 essentialiter
712 1334 831 1395 laabim
852 1350 917 1394 esse
965 1338 1075 1416 larem,
1099 1358 1165 1400 non
1190 1340 1409 1409 universalem,
1439 1340 1503 1401 sive
1529 1341 1733 1422 hypostasim,

146 1429 356 1494 tintinant»
966 1436 1226 1511 naturarumque
1241 1431 1401 1492 eoeleselti
1418 1448 1532 1511 exque
1549 1440 1679 1509 οισιιοοης,
1703 1432 1736 1495 id

18 1539 126 1585 mua·
183 1524 236 1584 IX.
261 1521 360 1583 Extis
372 1519 586 1598 intelligimus,
600 1524 707 1594 οοσιώαη
722 1517 916 1596 conjuratio·
966 1523 1214 1584 estsubstaniiva
1227 1525 1340 1585 merito
1353 1528 1495 1585 oeusetur
1508 1525 1620 1585 unitio.

49 1593 87 1634 ¹⁹⁶
146 1632 217 1678 nem
239 1615 333 1676 illam
352 1612 520 1687 nominari,
546 1610 619 1690 quia
639 1608 819 1671 substantias
841 1610 917 1688 ipsa
1006 1615 1044 1675 X.
1067 1615 1206 1677 Tertium
1225 1615 1421 1691 venabulum,
1447 1635 1509 1696 qua
1536 1617 1575 1677 ad
1595 1616 1895 1678 antemuranum

146 1727 198 1789 per
213 1727 285 1770 sese
308 1706 495 1785 oopulantur
520 1704 669 1779 lnvieem,
689 1720 754 1763 non
768 1700 917 1767 reoidenti
966 1711 1152 1768 naturarum
1164 1708 1198 1768 in
1219 1708 1341 1769 Christo
1368 1708 1582 1769 declarandam
1596 1708 1736 1787 proprie-
1760 1676 1894 1773 '⁰,⁰,⁸„i¹,¹},¹,¹,¹,¹¹

146 1802 246 1881 abque
269 1798 491 1872 intemedanta,
506 1796 593 1857 velat
612 1812 729 1871 amore,
754 1797 810 1854 aut
823 1794 917 1855 simili
965 1803 1062 1859 tatem
1074 1801 1171 1862 Gnaei
1185 1805 1320 1861 utuntur
1337 1800 1484 1878 theologi,
1508 1805 1555 1861 est
1571 1806 1735 1870 animm
1767 1782 1908 1839 hypasin·

57 1907 63 1916 ·
146 1894 319 1969 silentione,
347 1908 442 1971 οοοοι
460 1898 545 1971 σχέσιν
571 1892 693 1949 vooant.
716 1887 918 1966 Applioantur
966 1910 1028 1971 qua
1042 1899 1349 1969 ἔνωσιοκανόπόστασιν,
1364 1893 1396 1953 id
1410 1892 1565 1953 esteaitio
1579 1890 1735 1952 secandum

145 1988 226 2049 anim
239 1985 303 2046 sibi
317 1988 429 2046 mutuo
442 1987 575 2057 naturas,
590 1998 627 2041 so
640 1979 818 2040 substantiae
832 1978 914 2051 dus,
965 1981 1161 2065 hypostasim,
1182 1984 1232 2045 vel
1245 1990 1395 2059 οποστατικὴ
1418 1983 1540 2044 dieitur.
1562 1984 1607 2043 lta
1620 1984 1735 2062 passim

145 2086 290 2143 uanum
303 2094 360 2155 per
372 2092 406 2137 se
419 2073 656 2148 substantivum,
672 2071 731 2131 hoo
751 2074 797 2131 est
809 2087 915 2148 parso-
966 2073 1732 2159 cyrillusrutinepistolaseouudaodNesioriam.

145 2188 217 2231 nam
237 2186 339 2229 unam
357 2165 568 2228 constituunt:
589 2182 626 2225 οο
647 2167 760 2223 natura
779 2160 917 2223 hominis
965 2167 1001 2226 In
1015 2185 1077 2246 qua
1092 2168 1156 2227 vim
1170 2168 1479 2246 essehujusmodiait
1499 2167 1732 2243 incarnationls,

145 2261 223 2341 ipsa,
238 2278 307 2322 uon
319 2256 482 2321 afficientia
496 2255 562 2316 sola
581 2253 762 2321 divinitatis,
776 2253 826 2314 vel
839 2253 917 2314 reia·
965 2263 996 2319 et
1009 2258 1292 2334 inhumanationis,
1308 2276 1373 2320 non
1386 2264 1422 2319 ut
1434 2263 1546 2319 natura
1560 2257 1653 2318 Verbi
1666 2272 1734 2319 mu·

148 2354 244 2429 nana,
257 2352 310 2413 val
330 2349 513 2413 habitudine
536 2348 597 2408 alia
617 2347 775 2426 quapiam,
803 2344 858 2405 Dei
879 2344 916 2404 iit
964 2355 1038 2427 mia,
1054 2368 1125 2412 earo
1138 2350 1216 2412 laeta
1230 2351 1288 2413 site
1308 2368 1410 2430 neque
1424 2357 1460 2411 ut
1472 2350 1618 2410 intotum
1631 2349 1733 2411 homi-

146 2445 316 2525 pariieeps:
339 2442 393 2504 aad
414 2439 576 2501 divinitate
589 2439 671 2518 ipsa,
688 2443 724 2498 ut
736 2437 780 2497 ita
791 2437 911 2516 loquar,
963 2459 1037 2505 nem
1050 2460 1209 2517 eonversa,
1223 2443 1276 2503 sed
1289 2443 1365 2503 illud
1376 2442 1554 2523 potius,<‹ut
1563 2443 1734 2503 animatam

145 2537 288 2611 affinitur,
307 2541 350 2612 at,
365 2533 450 2614 quod
465 2533 509 2592 ait
525 2530 690 2609 Gregorius
706 2529 914 2590 Nazianzenus
962 2534 1108 2594 rationali
1122 2552 1248 2595 earnem
1268 2535 1374 2595 anima
1385 2534 1527 2595 Verbum
1550 2533 1610 2593 sibi
1624 2551 1732 2594 seeun-

145 2625 646 2699 sabatantiatnr,autessentiatur.
663 2621 914 2682 «babitarenim
963 2624 1040 2686 dum
1065 2626 1258 2706 hypostasim
1284 2627 1436 2703 univerit,
1473 2631 1504 2687 et
1526 2624 1734 2707 inexplicabili

144 2719 312 2802 prolaeto⁸‚
327 2719 408 2780 utin
420 2717 515 2779 rebus
527 2715 693 2791 inusitatis,
709 2714 793 2793 quod
816 2714 915 2774 Grmoi
964 2717 1097 2797 quadam
1110 2718 1230 2779 radone
1243 2718 1339 2779 homo
1360 2718 1457 2779 iaetus
1470 2718 1520 2794 sit,
1537 2717 1733 2796 hominisque

143 2814 196 2892 ipsi
217 2813 351 2877 inuium.
378 2814 506 2870 utamur
526 2808 630 2868 verbis
651 2807 809 2870 interdum
822 2807 914 2867 inau-
962 2809 1132 2887 iilius,non
1146 2809 1211 2870 sola
1223 2810 1394 2884 voluntate,
1415 2809 1465 2870 vel
1477 2808 1727 2888 beneplacitots

143 2904 262 2965 ditista
286 2908 323 2963 nt
340 2919 413 2963 oum
426 2900 574 2962 Gioerone
587 2901 699 2961 dioam.
716 2899 818 2960 Verba
836 2900 913 2961 Gre·
963 2903 1001 2963 Et
1017 2903 1051 2962 in
1070 2902 1172 2981 primo
1194 2909 1297 2963 contre
1311 2901 1481 2963 Nestorium
1504 2921 1512 2964 z
1539 2918 1598 2960 neo
1612 2917 1677 2960 non
1699 2900 1733 2960 in

142 2996 343 3074 gortimeiius
355 3012 387 3054 sa
399 2993 467 3074 ipsa
480 2992 692 3055 deelarabunt.
961 2991 1218 3057 Anetbemetismo
1233 2993 1381 3068 seeundo,
1409 3012 1444 3054 ao
1457 2992 1597 3072 pluribus
1616 2991 1684 3051 aliis
1698 2990 1733 3051 in

962 3083 1036 3145 loeis
1050 3084 1224 3145 unitionem
1237 3084 1328 3146 istam
1337 3085 1382 3146 ita
1394 3083 1547 3146 nominat.

146 3180 221 3240 «Dei
234 3172 911 3257 totiuspartioepsiactoesthominisnatura,
1002 3174 1188 3255 Euthymios
1220 3176 1252 3235 in
1277 3176 1446 3257 Panoplia,
1483 3174 1733 3255 conjunctionem

142 3271 205 3332 lion
215 3278 252 3333 ut
262 3270 439 3349 Propheta,
447 3268 497 3329 rel
507 3268 662 3348 quispiam
674 3266 753 3327 alius
766 3264 913 3325 divinitus
963 3267 1060 3343 illam,
1071 3285 1143 3345 quoa
1152 3267 1190 3326 flt
1199 3268 1371 3328 seeundum
1384 3268 1590 3347 hypostasim,
1610 3267 1660 3326 «ei
1675 3266 1734 3327 soll

713 3355 911 3435 [afflatorum
963 3359 1129 3421 eonvenire
1157 3358 1242 3433 dioit,
1267 3377 1330 3437 qua
1344 3358 1489 3419 divinitas
1502 3364 1533 3419 et
1554 3358 1734 3419 humanitas

144 3454 197 3524 uui
208 3472 276 3517 non
290 3460 360 3515 tam
372 3451 430 3512 Dei
439 3449 591 3531 particeps
599 3450 668 3526 init,
684 3466 779 3528 quam
790 3465 911 3526 eorum,
959 3450 1178 3531 J’ungunturin
1192 3450 1322 3511 Christo.
1340 3440 1455 3511 »Addit
1468 3450 1573 3525 etiam,
1594 3449 1733 3533 primum

657 3544 739 3620 [quoa
754 3540 910 3600 Deleant.
964 3541 1106 3602 omnium
1131 3540 1282 3620 cyrillum
1307 3560 1406 3621 genus
1437 3542 1497 3603 hoo
1523 3541 1673 3603 unitionis
1700 3542 1733 3600 iu

144 3640 253 3700 ilerum
290 3634 518 3698 substantiatus
544 3633 603 3710 sie,
633 3639 784 3711 tanquam
817 3630 913 3695 radiis
965 3635 1078 3711 dogma
1107 3633 1301 3693 Catholioum
1334 3633 1500 3694 invexisse.
1537 3636 1617 3694 (lum
1648 3632 1733 3692 enim

782 3722 909 3800 [eolus
963 3726 1122 3787 Nestorius
1136 3725 1387 3804 conjunctionem
1408 3725 1542 3786 duarum
1564 3726 1599 3785 in
1613 3724 1733 3785 Christo

963 3823 1147 3879 naturarum
1172 3817 1237 3878 sola
1263 3817 1425 3878 affeodone
1449 3817 1560 3878 laetam
1588 3816 1730 3875 dooerett

143 3915 276 3995 Denique
312 3909 503 3989 lluthymius
535 3909 568 3973 ia
596 3904 769 3987 Pometia,
804 3912 913 3983 matta
963 3909 1029 3979 ille,
1056 3915 1092 3970 ut
1122 3909 1303 3988 hujusmodi
1329 3909 1530 3987 blasphemie
1558 3905 1730 3984 resisteret,

142 4007 364 4085 interpretatur
382 4020 491 4070 mrum,
518 4008 548 4062 et
570 4017 630 4065 aaa
651 3997 913 4078 speeiemleooas-
962 4003 1114 4062 unionem
1140 4000 1312 4061 meandum
1328 4000 1519 4079 hypostasim
1542 3997 1730 4072 introduxit3

145 4096 279 4159 misael.
963 4110 1034 4179 quse
1058 4093 1118 4153 hoe
1146 4089 1316 4167 signifieat,
1353 4096 1479 4151 naturas
1500 4088 1569 4149 illas
1601 4088 1635 4148 in
1668 4104 1734 4151 une

178 4191 225 4251 ad
238 4202 417 4262 summam,
433 4192 517 4255 stata
530 4180 717 4244 venabulum
729 4181 770 4243 ab
783 4180 913 4261 eoquod
961 4182 1132 4264 hypostasi,
1146 4182 1206 4243 hoo
1228 4186 1274 4242 est
1291 4184 1325 4243 in
1340 4198 1404 4242 una
1424 4199 1557 4261 persona
1574 4179 1733 4260 copulatas

144 4285 272 4355 utiba,
304 4278 494 4354 densatam,
524 4274 573 4336 vel
593 4291 651 4354 pro
674 4292 710 4335 ao
734 4273 913 4351 simplieiter
963 4274 1085 4338 asaei.»

174 4506 195 4546 a
211 4491 344 4546 Gnaeos.
360 4486 487 4543 Neritus.
504 4497 589 4539 earm.
606 4480 643 4538 de
658 4482 731 4538 Vita
743 4498 809 4538 sua.
957 4502 1013 4553 τος,
1030 4485 1070 4537 καὶ
1083 4485 1260 4556 κεχρημάτοιεν
1273 4480 1326 4545 siba
1347 4479 1487 4553 ἀνθρώπου,
1509 4479 1539 4533 oi
1560 4480 1621 4534 κατὰ
1634 4481 1732 4549 θέλησιν

244 4565 314 4626 θεοῖν
322 4568 355 4623 δι’
369 4568 429 4621 ὅλον
445 4567 561 4639 μετέσχεν
578 4565 707 4637 ἀνθρώπου
716 4565 794 4636 pista
960 4569 1046 4638 μόνην,
1061 4568 1077 4634 ἢ
1093 4565 1215 4620 mioniae.

241 4651 520 4727 Oiyiullpopiiaam
534 4669 570 4712 τις
583 4648 659 4713 ἄλλοι
670 4646 768 4713 ἐνθέων,
995 4649 1017 4704 si
1035 4648 1121 4705 Eure.
1138 4665 1195 4720 par.
1207 4648 1228 4713 l,
1244 4649 1287 4705 tii.
1303 4650 1363 4706 vii.
1387 4645 1424 4700 ‘H
1438 4643 1464 4703 ii
1477 4643 1532 4707 καθ’
1544 4645 1678 4701 tanam
1693 4645 1733 4702 iai
1747 4643 1750 4649 ’

247 4735 297 4798 Ὃς
312 4733 406 4791 disse
422 4734 536 4805 μιτίαγε,
549 4737 600 4787 τῶν
611 4731 666 4785 θεοῦ
680 4731 708 4785 δέ
720 4748 758 4801 γι.
961 4734 1035 4803 μόνης
1049 4722 1147 4805 ityreos
1165 4736 1209 4799 stis
1225 4730 1250 4784 ia
1267 4732 1365 4804 Χριστῷ
1378 4730 1503 4798 boemiae,
1517 4729 1560 4783 asi
1574 4727 1732 4802 ανθροιαότη·

246 4816 321 4877 Ἀλλ’
331 4814 455 4878 alswit<
462 4815 546 4886 ὥσπερ
560 4812 646 4885 αὐγαῖς
658 4812 737 4879 ἥλιος.
959 4833 1010 4876 τος.
1027 4813 1193 4887 Ἐδογμάτισε
1202 4813 1229 4867 δὲ
1243 4819 1340 4886 πρῶτος
1351 4812 1441 4879 ταύτην
1456 4811 1471 4864 ὁ
1482 4810 1506 4865 ἔν
1517 4810 1596 4883 ἁγίοις
1603 4812 1731 4883 Κύρὺλσα.

174 4901 297 4957 thara
325 4902 400 4957 eaa.
423 4914 482 4968 per.
500 4897 522 4961 l,
551 4896 592 4952 tii.
617 4895 677 4952 vii.
696 4894 797 4966 Δέγιται
821 4893 848 4948 ei
870 4893 912 4948 sal
960 4897 1095 4969 Νιστορίοο
1107 4897 1154 4969 γὰρ
1167 4896 1231 4950 κατα
1249 4897 1333 4969 σχίσιν
1347 4895 1456 4968 γενέσθαι
1476 4893 1521 4962 τὴν
1540 4893 1692 4948 temerariis
1706 4892 1731 4945 la

31 4968 39 4983 ⁸
144 4981 288 5052 &aare
301 4982 403 5050 τοιαῦτα
425 4981 521 5045 liuere,
539 4980 615 5051 ἤγουν
634 4976 736 5046 ἀληθὴς,
750 4977 790 5033 asi
809 4974 838 5033 st
849 4975 912 5031 κατὰ
960 4979 1058 5051 Χριστῷ
1073 4980 1116 5033 eto
1128 4980 1223 5050 ρόσειον
1239 4981 1411 5041 διδάσκοντος,
1426 4977 1499 5041 αὐτὸς
1511 4980 1541 5048 τῇ
1554 4976 1653 5048 τοιαΰτρ
1673 4975 1731 5045 βλα-

144 5067 285 5135 petrusim
960 5062 1054 5134 σρημίᾳ
1068 5062 1305 5135 ἀντικαθίσταμενος,
1321 5062 1365 5131 τὴν
1379 5060 1432 5114 καθ’
1446 5060 1578 5114 buberano
1592 5057 1729 5127 εἰσήγαγον,

175 5149 276 5208 dcis.
304 5158 349 5221 ep.
376 5159 416 5205 ιν.
452 5144 553 5205 ‘wiso
582 5142 610 5197 ei
634 5143 745 5214 μᾶλλον,
773 5142 811 5197 bu
835 5142 914 5214 σάραα
961 5138 1093 5212 δηλοῦσαν,
1104 5146 1142 5200 ὅτι
1156 5145 1218 5199 κατὰ
1229 5146 1287 5219 pisa
1300 5144 1444 5208 ὑπόστασιν,
1456 5144 1532 5215 ἤγουν
1546 5142 1572 5195 ia
1585 5140 1728 5211 πρόσωπον,

145 5225 302 5302 erasos
317 5229 382 5303 aaa
403 5230 492 5301 aaa
510 5225 634 5288 *vasco
653 5226 728 5297 aa
755 5224 835 5296 aa
861 5223 913 5279 ιο·
961 5225 1099 5294 raam.

144 5309 287 5378 διάστασιν,
303 5310 440 5383 ἀφράστως,
459 5310 501 5364 arri
519 5309 683 5382 ἀπερινοήτως
705 5308 804 5381 γέγονεν
819 5306 911 5377 ἅνθρω-

173 5489 183 5530 i
196 5485 258 5530 Paul.
273 5486 292 5531 l.
306 5485 382 5530 least.
392 5487 437 5530 Fet.
449 5486 511 5529 tam
520 5486 566 5530 sis.
576 5482 703 5538 mma-s
715 5482 759 5529 cir.
774 5482 790 5525 l.
805 5481 815 5524 1
826 5480 894 5525 smil.
906 5491 928 5534 a.
