4136 6178
8 470 83 593 m
114 474 297 554 loqsruntur,
312 474 401 554 quasi
413 491 507 536 nemo
526 473 570 536 ibi
589 473 702 549 bouus,
726 476 882 554 sejustus
934 470 1112 551 exemplum
1138 471 1300 534 adduxisse
1323 473 1506 535 Judaeorum
1535 475 1698 555 pessimos,

8 600 87 650 amru
117 567 284 629 emtiterit:
301 584 394 628 nemo
404 566 460 629 Dei
470 567 570 628 cultor
580 567 696 647 etlegis
705 567 881 628 observans.
934 565 987 643 qui
998 581 1054 642 per
1068 582 1194 625 omnem
1204 569 1327 626 aetatem
1339 565 1466 645 plurimi
1474 566 1509 626 in
1520 566 1577 627 isto
1586 568 1702 648 populo

8 662 32 745 13
42 660 97 744 ,¹:¹⁰
120 661 179 721 Sed
194 665 347 740 tanquam
366 658 535 721 inveterato
548 660 698 738 languore
711 659 885 722 confectum
934 656 1076 732 fuerunt,
1105 656 1206 731 fures,
1236 657 1401 731 adulteros,
1430 658 1602 738 sacrilegos,
1626 660 1704 739 legis

119 770 228 832 oorpars
248 752 362 812 diffusa
384 770 440 831 per
462 752 567 813 omnia
584 751 725 813 membra
738 751 834 826 tabes,
850 770 885 812 ae
935 749 1202 828 praevaricatores:
1219 748 1394 828 cujusmodi
1407 750 1446 811 ab
1461 751 1547 824 isaie,
1574 757 1605 812 et
1626 754 1702 813 Eze-

118 845 209 926 pestis
241 844 389 905 madent.
424 845 522 918 Quem
538 844 686 906 'Judmcae
721 861 887 924 synagogas
935 840 1032 901 chiele
1066 842 1223 921 prophetis
1242 842 1410 902 notantur.
1443 842 1603 921 Ejusmodi
1634 849 1703 904 tum

118 942 229 997 statum
241 935 390 1016 graphice
400 934 542 996 describit
552 935 657 996 Esaias
667 936 839 1015 presertim
852 936 885 995 in
935 936 1027 998 luisse
1041 943 1166 998 cunctos
1184 938 1217 998 in
1240 937 1293 999 illa
1314 944 1406 1018 geute
1424 941 1548 1001 nemine
1563 945 1702 1021 excepto,

119 1030 219 1107 primo
244 1029 362 1109 capite:
390 1046 446 1091 nec
466 1047 531 1089 non
545 1028 580 1089 in
594 1028 662 1089 aliis
676 1028 884 1108 sequentibus.
936 1028 1082 1090 credibile
1100 1048 1166 1090 non
1193 1037 1258 1104 cst3
1280 1030 1343 1091 imo
1370 1030 1482 1092 falsum
1496 1036 1552 1092 est.
1580 1033 1705 1093 Etenim

119 1122 201 1182 Tum
214 1120 383 1195 ieremias,
395 1119 552 1196 ambiet,
571 1125 603 1181 et
615 1119 669 1180 alii
681 1120 808 1200 passim.
825 1121 888 1182 Nec
937 1120 1059 1182 nullum
1069 1126 1193 1201 tempus
1206 1121 1310 1182 afferri
1327 1127 1443 1201 potest,
1459 1128 1494 1183 ut
1508 1124 1558 1184 vel
1575 1140 1703 1205 corrup-

119 1214 276 1274 sictamen
291 1211 467 1291 generalem
480 1213 562 1273 hanc
579 1212 784 1292 corruptelam
806 1217 886 1274 tem-
935 1212 1091 1274 tissimum
1101 1213 1227 1293 deligas,
1240 1214 1345 1293 inquo
1357 1215 1568 1294 nonpessimis
1581 1213 1705 1277 admisti

8 1380 9 1383 Ἴ
118 1324 230 1385 porum
244 1321 385 1378 suorum,
399 1312 427 1366 et
440 1304 606 1365 orbitatem
616 1304 779 1384 deplorant
790 1304 887 1366 bono·
936 1304 1052 1366 fuerint
1065 1305 1162 1385 aliqui
1174 1305 1268 1366 boni:
1286 1311 1366 1368 certe
1380 1306 1521 1386 quidem,
1536 1308 1591 1387 qui
1604 1327 1706 1389 neque

119 1416 188 1460 mm
212 1398 366 1473 virorum,
382 1403 495 1458 utnon
508 1397 679 1458 identidem
691 1402 806 1458 restare
829 1397 886 1457 ali·
936 1397 1031 1475 iures,
1055 1416 1156 1478 neque
1181 1399 1305 1472 moechi,
1325 1406 1465 1460 nectam
1492 1400 1579 1480 pravi
1606 1406 1707 1462 essent

8 1518 9 1573 }
119 1490 533 1571 quossigniticent,quorum
546 1488 716 1567 invirtute,
726 1508 762 1551 ac
771 1489 888 1551 meritis
938 1489 1088 1570 denique,
1115 1508 1209 1570 quem
1229 1497 1318 1552 erent
1335 1492 1398 1568 illi,
1418 1510 1494 1571 quos
1514 1493 1548 1553 in
1569 1494 1708 1556 medium

120 1584 223 1644 divina
241 1583 366 1644 bonitm
385 1583 566 1662 acquiescat.
589 1582 650 1643 Sed
668 1588 794 1663 propter
813 1582 887 1643 isto·
937 1582 1083 1661 produxit
1091 1583 1357 1663 Apostolusiusti
1370 1602 1443 1664 ergo
1456 1586 1706 1664 erantnonnulli,

504 309 554 371 DE
572 309 675 370 LEGE
694 309 746 369 Er
766 307 922 381 suarm,
943 304 1059 366 LIBER
1081 305 1103 383 1,
1126 304 1208 373 GAP,
1231 307 1285 368 XI.
1662 312 1701 372 33

120 1694 192 1737 rum
204 1693 271 1756 pras
284 1674 363 1748 illis,
382 1681 418 1735 ut
427 1674 505 1750 dixi,
520 1674 719 1754 paucitatem,
733 1674 889 1735 infinitam
938 1693 996 1736 nec
1017 1674 1067 1735 isti
1085 1678 1191 1755 pauci,
1219 1681 1255 1736 ut
1278 1694 1317 1738 ex
1339 1677 1448 1739 iisdem
1472 1679 1649 1758 prophetis,
1677 1688 1709 1740 et

120 1787 194 1831 vero
227 1773 410 1829 ceterorum
440 1767 580 1846 copiam,
614 1767 658 1827 sic
689 1767 727 1827 de
760 1766 888 1843 iudaeis,
937 1766 1073 1827 historiis
1099 1768 1209 1845 sacris,
1230 1767 1357 1849 aliisque
1378 1775 1554 1849 temporum
1580 1771 1709 1833 illorum

8 1920 9 1939 ,
120 1864 598 1940 eommqueroemessynagoga
610 1859 891 1920 sermoneminter·
938 1859 1240 1921 annalibusconstat.
1759 1893 1843 1958 W„

121 1952 444 2028 dumiaoiunt,ntnisi
457 1951 583 2013 aliunde
596 1951 890 2014 secusstatuendum
979 1952 1035 2011 111.
1058 1952 1114 2013 Hic
1133 1951 1228 2031 igitur
1254 1952 1334 2014 valet
1357 1952 1410 2014 illa
1431 1954 1538 2034 regula
1552 1954 1706 2035 interpre-
1731 1951 1759 1993 ⁸⁸¹
1785 1949 1877 2046 ffli·

8 2082 9 2093 .
121 2043 622 2125 intelligas,putesneminemillic
634 2063 699 2106 non
708 2043 887 2125 pessimum,
937 2045 1039 2105 landae
1055 2044 1239 2125 Scripturas,
1254 2062 1350 2124 quam
1363 2046 1442 2107 tanti
1455 2047 1571 2108 faciunt
1584 2050 1707 2128 Augus-
1731 2015 1869 2115 scffpurm

122 2136 601 2217 depravatissimumquevixisse.
938 2136 1263 2217 tinus,Hier0nymus,
1275 2138 1387 2217 aliique
1396 2140 1519 2201 Patres:
1536 2159 1606 2221 quse
1613 2158 1708 2221 quam

8 2096 85 2391 Ἧι,
162 2230 204 2290 Il.
226 2230 316 2289 Hunc
334 2228 501 2308 Scripturas
516 2229 645 2307 vetaris,
661 2234 692 2290 et
703 2228 890 2310 propheticae
939 2230 1106 2291 necessaria
1114 2230 1163 2299 sit,
1176 2231 1380 2307 Anemorum,
1390 2238 1495 2293 contra
1503 2251 1582 2313 quoa
1590 2252 1709 2313 pugna·

14 2297 101 2385 θ’
124 2339 245 2383 morem
254 2320 565 2382 imitatusestPaulus
573 2322 747 2401 Apostolus,
755 2321 890 2383 mamma
940 2340 1010 2383 mus
1029 2323 1134 2397 modo,
1156 2321 1260 2401 lapsus
1279 2323 1422 2384 ostendit.
1440 2325 1503 2384 Hos
1523 2325 1608 2386 enim
1626 2325 1710 2388 illius

8 2400 10 2437 '
124 2415 157 2475 in
177 2433 230 2487 ea,
255 2430 350 2494 quam
369 2413 409 2475 ad
429 2414 588 2475 Romanos
603 2415 733 2494 scripsit,
749 2414 889 2494 epistola.
940 2414 1059 2476 inscitia
1072 2414 1198 2493 regulae,
1214 2414 1253 2474 ad
1266 2414 1334 2490 ista,
1346 2434 1417 2494 quse
1426 2416 1546 2478 dudum
1554 2435 1612 2478 nos
1621 2437 1710 2479 exer-

124 2507 203 2567 Nam
214 2505 398 2567 cumhooin
410 2505 464 2566 illa
476 2509 637 2587 spectaret,
647 2511 684 2566 ut
694 2507 821 2567 Judaeos
830 2504 892 2583 legi
941 2512 1022 2584 cent,
1049 2506 1232 2586 opinionum
1258 2513 1401 2586 portenta
1419 2508 1580 2589 compulit.
1613 2511 1711 2590 Atqui

125 2599 285 2671 Moesica,
314 2606 345 2659 ct
363 2616 493 2678 operum
513 2616 642 2660 suornm
661 2598 772 2660 merito
791 2597 892 2678 praeti-
940 2618 997 2661 nec
1010 2617 1152 2679 operosa,
1169 2617 1227 2660 nec
1240 2598 1380 2661 abstrusa
1393 2601 1494 2674 valde,
1510 2601 1563 2661 sed
1585 2601 1619 2661 in
1632 2621 1709 2681 pro-

125 2690 376 2764 centenariam
390 2691 563 2770 arroganti,
576 2696 607 2752 et
624 2691 845 2771 periculosade
860 2691 893 2751 se'
942 2692 1045 2771 patulo
1072 2691 1184 2771 posita,
1216 2698 1246 2753 et
1272 2692 1417 2771 parabilis
1444 2697 1490 2754 est
1511 2692 1564 2754 illa
1584 2694 1708 2772 regula,

126 2784 274 2866 opinione
287 2783 459 2859 deduceret,
475 2784 657 2863 doceretque
672 2783 749 2844 nihil
762 2801 814 2844 eos
827 2783 893 2843 sine
943 2802 1037 2862 quam
1060 2784 1103 2843 sic
1120 2782 1252 2863 explicet
1274 2784 1476 2863 Augustinus.
1503 2805 1518 2842 a
1545 2785 1711 2864 Scripturas

126 2876 239 2938 Christi
261 2876 362 2955 gratie
382 2893 471 2954 posse
490 2875 604 2937 fecere:
632 2881 668 2936 ut
685 2893 779 2954 supra
793 2875 892 2953 capite
942 2893 1010 2937 mos
1023 2881 1069 2937 est
1081 2876 1124 2936 ita
1137 2875 1222 2955 loqui
1235 2876 1274 2936 de
1286 2874 1402 2956 periei,
1418 2881 1567 2955 tanquam
1577 2876 1615 2936 de
1630 2881 1708 2946 toto,

127 2971 237 3049 qrrinto
251 2966 547 3029 demonstravimus:
572 2986 694 3029 necesse
720 2967 829 3028 habuit
856 2986 894 3029 ex
942 2967 1022 3028 sicut
1042 2968 1216 3028 Corinthios
1228 2967 1263 3027 in
1276 2968 1385 3047 primis
1405 2968 1541 3048 epistolar
1555 2986 1620 3030 suae
1636 2987 1710 3047 par·

128 3062 195 3141 ipso
208 3077 318 3121 rerum
330 3077 403 3134 reu,
420 3065 452 3121 et
470 3059 618 3139 exemplis
639 3060 780 3136 illorum,
801 3063 895 3139 atque
942 3059 1025 3120 tibus
1044 3060 1087 3120 ita
1102 3059 1219 3135 laudat,
1237 3064 1387 3138 tanquam
1406 3077 1514 3121 omnes
1535 3059 1613 3120 tales
1636 3059 1711 3136 siut,
2058 3130 2059 3143 χ

128 3154 215 3215 nuic
231 3156 453 3231 argumentum
473 3170 599 3232 eapere3
625 3156 661 3211 ut
682 3156 894 3230 agnoscerent,
945 3171 1016 3213 cum
1045 3157 1146 3214 essent
1172 3151 1342 3213 laudabiles
1369 3152 1497 3231 quidam
1524 3170 1654 3227 eorum3
1682 3156 1714 3213 et
2058 3148 2059 3197 i

129 3246 214 3326 quod
226 3243 305 3324 legis
317 3244 412 3305 solius
424 3243 574 3305 beneficio
586 3251 766 3306 consecutos
779 3262 811 3306 se
832 3262 896 3305 esse
944 3251 1052 3326 postea
1065 3245 1099 3305 in
1118 3244 1277 3305 nonnullis
1298 3244 1432 3324 epistolae
1452 3244 1548 3324 ipsius
1574 3244 1650 3305 loeis
1670 3243 1713 3305 ita
1756 3278 1870 3335 gagg„
2058 3234 2059 3271 ¹

126 3338 298 3416 jactarent,
313 3337 440 3416 utjuste
458 3341 624 3417 sancteque
647 3336 794 3414 virerent,
820 3337 896 3398 adeo
945 3337 1161 3417 reprehendit,
1203 3342 1352 3415 tanquam
1395 3353 1503 3397 omnes
1546 3335 1714 3416 culpabiles
1762 3333 1864 3430 ftffi

129 3448 195 3491 non
221 3429 408 3506 obtinuisse,
424 3434 459 3489 ut
471 3428 521 3489 vel
532 3429 768 3509 corruptissimis
782 3434 894 3506 essent,
947 3435 1058 3505 essent,
1077 3434 1204 3509 propter
1231 3428 1397 3508 quosdam,
1428 3429 1482 3508 qui
1508 3428 1584 3490 tales
1612 3433 1709 3490 erent.
1737 3398 1883 3494 mairinaco

130 3521 407 3602 perditissimisque
420 3521 575 3599 moribus,
590 3527 682 3600 atque
698 3521 773 3602 ipsis
790 3522 896 3598 etiam,
948 3524 1043 3583 Istam
1061 3522 1236 3582 divinarum
1262 3520 1517 3582 cousuetudinem
1541 3538 1596 3601 per
1622 3539 1715 3583 omne
1783 3498 1836 3537 Μ’

130 3633 209 3694 quos
222 3632 289 3695 pree
311 3631 343 3674 se
362 3613 613 3687 contemnebant,
638 3613 804 3693 gentilibus
818 3614 899 3674 dete·
948 3633 1058 3696 corpus
1085 3614 1259 3676 litterarum
1280 3613 1346 3693 ejus
1370 3612 1555 3674 creberrime
1578 3632 1716 3693 sparsam

131 3708 241 3769 riores.
256 3706 337 3767 vide
352 3710 445 3785 capnt
466 3706 638 3767 secumdum
650 3706 734 3769 illius
748 3706 898 3786 epistole,
948 3706 1257 3787 quisquisdiligcnter
1268 3706 1444 3778 adverterit,
1456 3705 1554 3766 multa
1562 3706 1712 3783 dissolvit,

131 3799 165 3859 in
186 3817 252 3879 quo
278 3798 403 3859 Judaeos
428 3815 500 3858 eum
523 3799 668 3879 gentibus
693 3799 897 3873 contendens,
948 3818 1018 3879 quar
1032 3799 1153 3860 interse
1167 3799 1313 3859 ridentur
1326 3816 1390 3860 esse
1404 3798 1567 3859 contraria.
1581 3819 1596 3855 n

132 3890 360 3953 commodiores
372 3890 429 3951 has
445 3889 537 3951 luisse
557 3892 647 3953 docet
671 3891 743 3968 illis,
768 3893 823 3971 qui
842 3890 900 3952 sibi
989 3892 1072 3953 utin
1090 3889 1167 3950 libro
1181 3888 1216 3950 de
1229 3894 1343 3951 unitate
1355 3888 1516 3960 Ecclesiae,
1531 3889 1631 3969 eapite
1646 3905 1714 3962 run,

132 3984 261 4045 interim
298 3982 511 4062 magisterium
550 3983 736 4063 arrogabant
771 3982 900 4044 humani
950 3983 1091 4045 eamdem
1103 3982 1299 4044 commendat
1311 3982 1468 4061 regulam,
1491 3999 1526 4041 ac
1544 3980 1659 4042 multos
1683 3982 1717 4042 in

132 4075 256 4157 generis
267 4095 275 4150 ;
288 4076 326 4137 de
345 4075 457 4155 quibus
468 4075 510 4136 ita
522 4075 550 4136 ¹:
574 4076 614 4137 Si
625 4083 722 4137 antem
736 4085 769 4137 tn
781 4075 902 4139 tndem
950 4084 1081 4157 utroque
1093 4094 1189 4154 regno
1200 4073 1331 4137 iudaice
1341 4073 1435 4136 luisse
1444 4077 1564 4135 sanctos
1577 4079 1608 4136 et
1617 4074 1718 4153 justos

132 4167 360 4250 cognomineris,
386 4176 412 4229 et
428 4167 584 4249 requiescis
597 4168 628 4228 in
642 4167 715 4251 lege,
723 4173 751 4230 et
757 4167 904 4250 gloriaris
951 4169 985 4230 in
999 4168 1101 4230 medio
1120 4167 1289 4249 impiorum
1316 4167 1423 4228 asserit
1444 4167 1656 4247 Hieronymus
1684 4167 1718 4227 in

133 4260 168 4320 in
186 4259 273 4329 Den,·
298 4268 326 4320 et
352 4261 429 4322 nosti
450 4259 624 4322 uoluntatem
644 4261 718 4342 q'ns,
747 4269 775 4323 et
791 4263 903 4344 probas
951 4260 1079 4342 epistola
1091 4276 1192 4338 exuar,
1206 4260 1296 4321 illum
1308 4259 1411 4340 ipsum
1428 4258 1573 4321 Cononem
1586 4257 1717 4338 scripte-

134 4352 274 4421 utiliorc,
288 4352 445 4414 instructus
453 4371 509 4434 per
523 4352 624 4434 legem,
642 4352 765 4434 confidis
780 4356 904 4435 teipsum
951 4372 1056 4414 rarum
1066 4370 1330 4414 commemorans:
1344 4372 1358 4409 a
1369 4351 1481 4414 Omnia
1490 4369 1555 4411 non
1564 4350 1603 4410 ad
1618 4354 1720 4411 totum

134 4463 193 4506 esre
217 4443 321 4505 ducem
343 4446 501 4518 coerorum',
517 4451 573 4507 etc.
589 4446 662 4507 Mox
675 4446 780 4526 quales
795 4447 856 4523 isti,
874 4452 904 4508 et
951 4445 1112 4507 referenda
1123 4463 1208 4521 esse;
1224 4445 1277 4506 sed
1292 4444 1332 4504 ad
1344 4449 1465 4523 partem
1479 4442 1668 4503 maximam:
1684 4447 1721 4503 ut

135 4555 231 4617 quam
243 4536 321 4616 legis
333 4537 530 4599 observantes
541 4537 675 4598 declarat
687 4538 731 4599 sic
741 4558 748 4598 :
760 4536 820 4613 Qui
833 4557 903 4619 erpo
953 4537 997 4598 ibi
1010 4535 1032 4614 ⁴,
1050 4536 1151 4598 Omnes
1163 4534 1393 4611 declinaverunt,
1408 4532 1502 4595 simul
1516 4533 1635 4596 inutiles
1643 4533 1722 4615 sacti

134 4628 232 4689 ndum
252 4626 344 4701 doces,
369 4627 493 4709 teipsum
512 4647 569 4689 non
582 4627 677 4692 doces:
690 4630 745 4710 qni
760 4628 905 4711 praedicas
952 4636 1032 4691 sunt.
1055 4631 1094 4689 Et
1107 4628 1205 4689 alibi:
1228 4627 1331 4689 Omnes
1345 4626 1400 4710 qni
1421 4634 1558 4690 venenat
1581 4634 1649 4689 ante
1663 4646 1719 4706 me,

137 4739 196 4781 non
211 4718 392 4799 furandum,
419 4721 557 4801 juraris:
570 4721 626 4801 qui
644 4720 719 4782 diris
752 4741 806 4783 non
833 4741 903 4785 moe·
952 4726 1034 4804 sures
1046 4729 1127 4796 sunt,
1143 4729 1171 4782 et
1191 4717 1348 4782 latronem.
1371 4721 1411 4781 Et
1424 4720 1537 4781 Paulus
1549 4717 1589 4781 ad
1613 4717 1722 4781 Corin·

138 4809 296 4887 omnum,
324 4810 495 4873 meciaris:
523 4812 577 4893 qui
601 4811 781 4874 abominaris
809 4813 902 4890 idola,
954 4812 1065 4875 titios‘:
1083 4811 1234 4887 Omnibus,
1249 4812 1362 4893 inquit,
1375 4812 1474 4874 omnia
1488 4817 1583 4893 faetus
1595 4830 1671 4886 snm,
1688 4818 1723 4871 nt

136 4903 329 4985 uenenum
356 4902 454 4983 sacis:
483 4904 537 4985 qni
553 4904 583 4965 in
599 4904 663 4985 lege
674 4905 825 4987 gloriaris,
847 4925 906 4988 per
954 4901 1608 4985 omneslueriscceremsEtadPhileppensrs:
1621 4902 1724 4965 Omnes

134 4995 411 5075 percontationem
426 4995 495 5077 lepis
505 4995 601 5058 Deum
612 4995 775 5059 inhonoras.
792 4996 908 5060 Ncmm
954 4998 1033 5060 enim
1046 5015 1113 5080 qne
1124 5017 1176 5059 suc
1189 5004 1266 5073 sunt,
1284 5003 1434 5078 querunt,
1450 5015 1508 5057 non
1520 5016 1564 5075 ee,
1575 5013 1642 5078 qnae
1655 5002 1723 5056 sunt

137 5087 216 5149 unm
234 5086 294 5149 lei
313 5105 368 5169 per
395 5106 443 5149 uos
456 5086 675 5169 blasphematur
690 5089 767 5163 enter
782 5097 906 5172 pentem·
954 5091 1025 5153 Jcsu
1039 5088 1164 5152 Christi.

136 5178 666 5262 carnuntumentffincappares
679 5182 861 5264 Apostolum
873 5182 907 5244 in
997 5184 1045 5244 Ita
1071 5183 1202 5263 Prosper
1228 5159 1272 5243 in·
1289 5181 1369 5244 libro
1395 5182 1498 5264 primo
1521 5178 1557 5242 de
1578 5177 1725 5243 vocatione

167 5362 179 5409 Ι
194 5364 254 5411 Pa.
265 5376 293 5417 u.
304 5365 389 5410 u.-r
402 5366 445 5412 tn.
459 5377 498 5419 ur,
508 5370 522 5411 t
532 5373 555 5412 rt
565 5369 646 5415 flant.
656 5379 727 5422 mvi,
735 5367 887 5428 m-snun.
895 5377 934 5424 cp.
943 5381 1014 5420 arr.-
1025 5362 1040 5413 l
1051 5371 1089 5418 Pe.
1100 5369 1201 5416 mss-5
1213 5370 1276 5418 men.
1289 5368 1364 5417 1.·-s
1377 5369 1397 5416 ll
1409 5371 1459 5417 cor.
1471 5379 1500 5416 u.

299 5444 377 5510 Tor.
398 5446 437 5508 V.
1588 5446 1608 5507 3
