4136 6178
544 293 595 354 DE
614 291 712 353 LEGE
731 292 780 351 ΕΤ
801 290 960 365 GRATIA,
983 292 1102 355 LIBER
1124 295 1149 367 1,
1171 294 1253 356 cte.
1278 297 1332 356 IX.
1695 290 1735 351 te

142 453 256 515 finibus
275 455 558 520 olroumsdribenda
573 456 614 518 sit
638 456 721 518 illius
735 454 912 533 efficacitas3
966 475 1135 538 synopopoe,
1163 465 1195 517 ot
1219 476 1387 539 synopopoe,
1413 464 1540 535 statum,
1565 476 1604 518 ex
1629 457 1733 518 animo

142 554 174 607 et
185 553 340 627 quantum
359 548 501 611 conferre
525 567 561 610 ao
587 566 704 610 narare
717 548 852 628 potuerit
877 547 916 610 ad
965 565 1032 625 suo,
1049 553 1080 608 et
1093 549 1244 610 sententia
1266 549 1421 611 describit.
1440 572 1454 608 u
1468 550 1586 630 Nempe
1598 550 1734 610 homini-

143 640 257 718 peccati
278 642 485 718 sanationem,
507 645 538 702 et
566 640 723 718 justitiam
753 658 917 719 assequen·
965 639 1024 700 bus
1042 657 1080 700 ex
1093 657 1208 718 magne
1227 642 1361 703 cecitate
1381 642 1481 703 cordis
1506 641 1586 702 nihil
1607 643 1734 702 omnino

142 731 231 805 dam,
247 732 403 794 sitatibus
425 732 614 812 adjumentis
626 737 709 793 reete
731 731 779 793 uti
801 731 917 793 vellent
965 731 1024 793 nisi
1050 732 1186 793 mrnolia
1199 733 1427 813 diligentibusl,
1452 733 1656 810 sectantibus,
1677 753 1734 795 ex-

142 823 297 897 hominee,
324 843 361 887 ae
384 843 452 886 sese
478 825 660 904 morigeros,
682 828 714 886 et
739 822 917 884 tractabiles
965 824 1189 903 spectantibus,
1218 825 1444 904 cogitantibus,
1469 825 1602 906 ideoque
1639 844 1736 905 quan·

141 915 330 995 preberent.
344 918 436 979 Nunc
448 918 557 979 eadem
570 916 623 977 illa
644 922 752 997 parata
769 914 870 989 nobis,
886 922 918 976 et
965 921 1170 996 tumcumque
1182 918 1285 997 legem
1302 917 1361 978 sibi
1378 919 1483 979 datam
1501 917 1664 978 observare
1689 918 1736 978 vi·

141 1008 175 1067 in
188 1014 340 1089 promptu
352 1009 454 1089 posita
467 1008 660 1071 essedebent
673 1007 713 1068 ad
726 1006 870 1084 Lutheri,
886 1013 916 1068 et
966 1007 1129 1086 derentru,
1156 1015 1187 1071 et
1210 1009 1243 1070 in
1269 1010 1346 1089 legis
1366 1009 1486 1088 justitia
1511 1010 1576 1071 sinc
1609 1009 1737 1090 querela

142 1099 264 1161 calvini
292 1100 477 1164 frenandam
504 1101 660 1163 licentiam
690 1118 698 1160 ε
723 1099 777 1179 qui
803 1099 917 1180 partim
965 1100 1174 1170 ambularent,
1190 1119 1209 1161 a
1226 1119 1300 1163 vera
1320 1101 1571 1180 cordisjustitia,
1586 1108 1617 1163 ct
1639 1119 1736 1180 regno

141 1209 250 1253 rerum
268 1192 395 1254 illarum
418 1193 554 1268 inscidat
583 1192 698 1272 partim
722 1190 915 1268 temeritate,
967 1193 1116 1253 coelorum
1130 1194 1321 1273 asseqrrendo
1341 1193 1430 1254 valde
1460 1194 1626 1255 remotis.»
1644 1193 1736 1272 Cujus

125 1283 702 1362 partimmelioribusaodoetioribus
725 1283 918 1344 obtrectandi
965 1283 1171 1347 incontinenti
1197 1286 1352 1346 rationem
1374 1286 1562 1347 subtexitzu
1585 1286 1736 1348 Animum

142 1374 282 1453 libidine,
306 1377 393 1438 haud
419 1395 520 1455 pauca
538 1377 697 1455 jactarunt
722 1380 791 1437 tum
816 1375 918 1437 aliene
966 1376 1051 1437 enim
1065 1383 1216 1438 creaturae
1235 1377 1407 1454 rationalis,
1420 1378 1534 1457 inquit,
1552 1378 1625 1439 solis
1645 1379 1738 1440 rebus

142 1469 304 1530 communi
329 1469 499 1530 hominum
525 1486 638 1545 sensu3
653 1473 723 1528 tum
744 1484 820 1529 vero
845 1485 919 1530 cum
964 1471 1107 1543 terrenis,
1124 1470 1251 1550 Deoque
1263 1476 1390 1550 propter
1404 1470 1469 1531 sola
1488 1476 1613 1532 terrena
1634 1471 1737 1533 inhae-

143 1559 329 1623 Cbristianae
346 1561 420 1622 fidei
440 1560 620 1622 salubritate
639 1559 811 1640 pugnantia
825 1579 832 1620 :
846 1577 918 1639 quse
965 1577 1045 1635 rere,
1059 1560 1148 1622 valde
1163 1562 1308 1623 vitiosum
1321 1566 1382 1636 est,
1398 1562 1587 1643 puritatique
1607 1563 1738 1625 ooelestis

143 1670 199 1713 nos
221 1652 381 1733 ddnoeps,
397 1658 434 1713 ut
456 1653 663 1727 instituimus,
688 1670 853 1732 exponere,
881 1670 918 1713 ao
965 1651 1056 1731 regni
1083 1652 1272 1732 adipiscendi
1305 1654 1485 1716 necessariae
1514 1672 1554 1715 ex
1586 1655 1737 1717 diametro

143 1744 277 1807 rebrtme
290 1745 488 1809 conabimur.
966 1744 1194 1805 contrarium.»
1247 1743 1248 1746 ’

1006 1836 1049 1895 ΙΙ.
1065 1836 1222 1910 Quocirca,
1236 1844 1272 1900 ut
1281 1837 1347 1915 jam
1362 1844 1433 1899 ante
1455 1837 1646 1918 collegimus,
1665 1858 1736 1902 cunr

966 1928 1069 1988 Deum
1077 1934 1204 2008 propter
1227 1928 1294 1990 sole
1317 1935 1442 1991 terrena
1455 1931 1565 2005 colere,
1583 1932 1671 2011 eique
1685 1932 1737 1992 in·

394 2031 424 2113 C
433 2032 579 2114 ApUT
607 2034 680 2117 IX·
965 2017 1095 2093 harere,
1110 2020 1259 2083 vitiosum
1279 2022 1328 2097 sit,
1354 2029 1385 2082 et
1411 2022 1502 2083 saluti
1532 2023 1737 2103 adipiscenda

964 2112 1155 2173 eontrarium
1171 2132 1179 2172 :
1193 2112 1252 2173 boc
1264 2120 1369 2175 autem
1380 2114 1477 2174 lexce
1486 2113 1617 2195 proteum
1626 2116 1734 2195 egerit,

965 2208 1000 2263 ut
1011 2202 1107 2265 talem
1119 2203 1264 2265 affectum
1275 2206 1293 2265 J
1295 2205 1392 2267 udeeis
1405 2205 1602 2285 ingenerarct
1615 2225 1622 2267 :
1645 2226 1738 2288 appa-

144 2328 172 2383 7.
187 2322 242 2385 Ex
254 2320 341 2384 dictu
362 2320 419 2383 lun
439 2320 611 2384 admovetur
636 2321 816 2383 Anomoom
839 2320 914 2403 dop—
963 2298 1013 2354 ret
1040 2313 1079 2399 5¹
1094 2295 1167 2399 ‚ejus
1177 2297 1344 2401 opinione,
1366 2297 1420 2377 <11¹5
1446 2297 1571 2377 Pf⁰l³ria
1597 2300 1652 2360 illa
1673 2301 1752 2361 ‘¹¹¹⁰'

181 2415 267 2477 moti.
283 2416 316 2475 2.
334 2412 415 2489 Quid
429 2414 468 2474 eit
481 2432 650 2496 rympopa,
666 2421 700 2474 ut
712 2432 862 2495 sponpopo
888 2421 916 2474 et
963 2391 1077 2491 P⁰⁸¹¹¹t3
1091 2387 1124 2447 ¹d
1144 2393 1237 2448 emm
1256 2387 1477 2494 “ffimedum
1490 2407 1568 2495 ⁰⁸⁸⁴?
1583 2392 1667 2471 <1¹¹⁰d
1680 2411 1736 2454 ¹10·

180 2524 247 2587 qne
258 2506 302 2568 ot’s
314 2505 532 2586 reduplicutivi
551 2505 682 2568 termini.
698 2507 729 2567 3.
747 2504 916 2587 Senaeopoe
964 2494 1094 2585 ΜΟ
1108 2497 1179 2584 ⁰⁰¹¹}
1189 2480 1620 2588 ,ffloeoedenhbustneimub
1635 2484 1737 2590 ¹080ss

180 2605 401 2679 mmmmm
416 2605 517 2678 atropos,
531 2596 803 2678 poedmmpquum'
812 2606 838 2657 e,
848 2597 915 2658 Mo,
964 2569 1129 2675 Mosarcem
1143 2577 1289 2677 vitiosum
1316 2590 1410 2676 exse
1433 2573 1575 2677 ahquid,
1588 2594 1624 2636 ac
1646 2577 1738 2638 saluo

181 2690 258 2751 „im
271 2689 323 2752 p„
348 2698 423 2752 ,rap
454 2691 485 2750 4·
515 2687 720 2751 emtam,
732 2689 842 2770 9„stoe
861 2707 916 2769 pe,
963 2667 1155 2765 eontrarium
1177 2681 1314 2742 iussisse.
1345 2664 1577 2742 Eiusdemmodr
1603 2671 1649 2727 est
1675 2668 1735 2729 boc

87 2842 92 2849 .
184 2780 547 2843 cantaminum
570 2782 679 2843 carue.
964 2759 1068 2828 etam,
1092 2755 1131 2816 de
1156 2774 1316 2837 irrasus
1346 2763 1381 2816 ut
1406 2775 1554 2838 uterere
1577 2766 1628 2832 eo,
1653 2759 1737 2838 quod

963 2846 1057 2926 paulo
1069 2852 1142 2908 ante
1156 2847 1296 2908 memini.
1312 2849 1513 2927 Expendatur
1527 2848 1612 2909 enim
1626 2851 1737 2912 modus
1783 2877 1834 2929 ee„
1848 2880 1881 2926 vn

181 2955 207 3015 Ι,
222 2955 401 3017 Remea,
428 2953 463 3014 in
477 2953 596 3034 primi„
621 2971 658 3015 a,
681 2952 857 3014 retrahatur
881 2951 914 3012 in
963 2937 1020 2998 iste
1035 2939 1285 3016 ammoniacum
1298 2940 1331 2999 in
1346 2938 1537 3000 enuntiando
1552 2941 1734 3020 repetimus,
1761 2930 1908 3032 ’ᾓῖξῇξῇ

143 3046 284 3107 medium
298 3051 456 3107 ostentum
478 3044 916 3124 illud‚qeedeupeiiuee1e.
964 3031 1256 3109 etcongeminamus
1268 3030 1397 3110 aliquid,
1422 3047 1517 3111 quem
1540 3030 1735 3113 reduplicati·
1820 3039 1853 3083 or.

142 3138 320 3217 gitaumus,
331 3137 409 3199 etad
422 3137 603 3198 eamluoem
616 3136 828 3212 admoveatur,
844 3152 915 3215 quoe
965 3139 1034 3182 vum
1057 3122 1214 3184 terminum
1237 3123 1470 3184 dialecticorum
1494 3123 1607 3186 scholas
1633 3125 1735 3186 nomi·

143 3248 180 3291 ex
193 3230 337 3311 proxime
361 3228 615 3291 antecedentibus
635 3228 787 3308 eapitibue
800 3227 914 3289 existit,
963 3219 1051 3291 naut,
1066 3220 1102 3275 ut
1115 3219 1188 3275 sunt
1207 3213 1301 3291 domo,
1320 3222 1356 3275 ut
1369 3214 1455 3275 tomo
1465 3234 1478 3283 ,·
1495 3214 1609 3294 album,
1631 3225 1665 3278 ut
1691 3216 1735 3279 ol·

143 3321 187 3383 lii
198 3322 285 3384 enim
302 3321 415 3397 eleriue
428 3320 519 3382 nobie
536 3320 621 3381 illiue
633 3319 863 3400 importunitas,
879 3337 916 3380 ee
965 3305 1045 3381 tum,
1062 3308 1166 3368 etalio
1191 3307 1314 3368 similia.
1330 3308 1375 3368 Ea
1387 3325 1460 3368 cum
1482 3308 1525 3369 sic
1552 3309 1735 3388 efferuntm,

144 3413 258 3475 saleim
268 3412 433 3476 eonetebit,
964 3415 1032 3459 rem
1052 3398 1153 3477 ipsam
1172 3417 1229 3479 per
1251 3416 1284 3460 se
1308 3404 1496 3478 spectatam,
1512 3419 1548 3462 ac
1564 3403 1737 3464 secundum

186 3509 426 3588 «synagogem,
441 3505 486 3566 eit
497 3505 689 3566 Armeeenue
700 3502 707 3537 ¹
714 3550 723 3582 ‚
738 3502 916 3565 eeneidere.
964 3495 1110 3551 naturam
1124 3508 1226 3565 suam,
1243 3490 1462 3571 propriamque
1475 3493 1630 3556 rationem
1643 3494 1737 3574 signi·

143 3604 255 3660 timet
265 3615 468 3679 synagogem,
492 3615 557 3658 een
581 3597 674 3658 fuieee
698 3596 793 3672 eliud,
822 3611 918 3676 quem
965 3581 1075 3659 licant,
1089 3583 1150 3643 boe
1172 3587 1219 3643 est
1244 3581 1415 3645 secundum
1440 3602 1493 3661 en,
1517 3603 1586 3665 quae
1613 3587 1648 3647 in
1670 3588 1737 3667 ejus

143 3693 261 3754 terreni
279 3690 390 3772 pepuli
413 3689 549 3766 terimi,
565 3689 793 3767 hominumque
813 3705 917 3748 ierne.
966 3673 1146 3735 definitione
1169 3680 1341 3755 ponuntur,
1362 3678 1481 3738 caeteris
1505 3678 1651 3740 omnibus
1677 3680 1737 3741 cir-

142 3784 223 3846 liem
244 3783 320 3845 eolis
340 3782 489 3856 terrenis,
514 3787 545 3842 et
565 3780 741 3843 eemeiihue
762 3779 917 3840 ineeben.
965 3768 1256 3848 conscriptisque
1274 3767 1442 3830 adventitia
1465 3776 1548 3846 sunt,
1562 3775 1594 3831 et
1609 3772 1737 3833 adsim·

143 3878 237 3954 tium,
252 3881 284 3938 et
304 3882 431 3956 propter
456 3873 510 3936 ille
532 3874 598 3935 sele
622 3872 793 3934 colentium
817 3887 918 3932 unum
965 3860 1594 3941 plicem,nogermanamilliusnotioncm
1606 3864 1737 3926 minime

144 3970 247 4030 Deum
265 3973 345 4030 :set
354 3965 580 4047 ejusdemmodi
593 3970 720 4042 cetere,
734 3982 805 4044 que
815 3963 918 4043 primo
966 3952 1134 4033 pertinent.
1141 3953 1192 4014 Sic
1202 3952 1297 4013 homo
1306 3953 1518 4014 consideratus
1528 3954 1667 4017 uthomo
1678 3963 1735 4035 est,

144 4061 247 4142 eapite
261 4078 301 4122 ex
315 4060 368 4121 ille
382 4058 537 4139 deseripte
559 4063 634 4119 eunt
649 4077 657 4117 ς
673 4058 707 4118 in
720 4055 835 4136 quihus
847 4072 917 4135 per.
965 4063 1024 4107 nee
1031 4045 1115 4107 dives
1121 4049 1167 4106 est
1173 4050 1227 4105 eut
1237 4064 1244 4104 ε
1253 4063 1383 4125 pauper,
1391 4062 1450 4107 neo
1459 4044 1573 4124 bonus,
1586 4048 1618 4109 id
1627 4050 1738 4110 estvir·

144 4153 252 4232 spicue
270 4152 377 4229 sentit,
392 4155 509 4211 statum
529 4149 632 4231 ipsum
661 4149 845 4230 Synegogae,
861 4148 918 4208 sub
966 4138 1193 4217 mtepreditus,
1203 4138 1396 4199 nutritiosus
1409 4143 1474 4200 est:
1491 4139 1570 4200 nihil
1583 4140 1735 4204 habetde-

144 4245 343 4306 Teetemento
353 4243 453 4304 veteri
463 4260 520 4323 per
534 4258 578 4316 ee,
594 4247 625 4302 et
638 4259 677 4302 ex
696 4240 784 4319 legis,
795 4257 831 4300 ae
845 4240 918 4300 Tee-
966 4230 1072 4309 nique,
1080 4236 1245 4311 praeterea,
1256 4248 1326 4309 qua
1333 4230 1737 4314 hnmanaenatnraepropria

145 4335 278 4399 tumenti
291 4337 405 4397 veteris
418 4334 574 4407 instituto,
588 4333 747 4406 vitiosum,
771 4350 807 4393 ao
830 4331 918 4392 dam-
967 4328 1143 4385 censentur.
1157 4322 1215 4383 Hic
1236 4339 1303 4383 mos
1323 4328 1385 4400 est,
1406 4341 1540 4403 ususque
1563 4327 1737 4388 communis

146 4427 283 4490 nabilem
297 4426 467 4489 exstitisse:
483 4427 558 4505 quia
571 4423 692 4487 carnali
700 4424 724 4501 ²,
739 4423 919 4502 vitiosaeque
966 4415 1125 4494 loquendi,
1141 4416 1180 4475 ad
1194 4433 1288 4495 quem
1298 4432 1407 4476 vocem
1417 4432 1505 4476 suam
1519 4416 1658 4497 dirigunt
1671 4438 1736 4480 non

146 4519 310 4600 cupiditati
327 4516 488 4598 fomentum
501 4536 535 4579 oc
557 4516 716 4598 menmium
730 4514 781 4576 lec
807 4513 860 4575 itta
881 4532 920 4576 er
967 4508 1080 4569 eruditi
1103 4507 1205 4568 solum
1228 4512 1261 4567 et
1282 4506 1473 4588 philosophi;
1488 4509 1542 4570 sed
1564 4510 1659 4572 etiam
1682 4512 1738 4592 qui

145 4615 279 4693 proferro
289 4610 491 4691 promittebat,
518 4609 578 4670 boc
591 4614 637 4669 est
660 4606 873 4688 cupiditatem,
888 4609 921 4668 et
968 4600 1106 4660 humano
1120 4604 1288 4678 utcumque
1303 4598 1396 4660 modo
1409 4599 1552 4681 sapiunt,
1566 4609 1597 4664 et
1615 4603 1738 4666 ridieuti

147 4702 430 4782 concupiscentiam
446 4700 561 4761 malam
582 4699 684 4760 dedita
698 4716 793 4778 opere
805 4715 919 4777 provo·
968 4691 1171 4754 essenolunt.

147 4795 249 4871 cubat,
284 4800 317 4855 et
348 4792 505 4854 incitabat.
543 4791 622 4852 Hinc
638 4812 654 4849 u
672 4807 848 4871 synagogae,
885 4795 922 4850 ut
1009 4786 1066 4845 llI.
1088 4786 1196 4863 Itaque
1209 4784 1362 4863 generalis
1384 4791 1432 4846 est
1454 4784 1584 4849 istarum
1598 4791 1738 4851 enuntia-

147 4903 309 4967 synagoga
334 4890 421 4961 erat,
450 4882 660 4959 consideratae,
689 4887 805 4943 statum
830 4881 920 4941 illum
968 4876 1091 4938 tionum
1104 4876 1223 4955 regula,
1246 4893 1316 4955 quae
1336 4876 1515 4956 hujusmodi
1540 4880 1737 4961 conduplice-

149 4977 290 5047 tenebrae,
306 4981 338 5038 et
350 4974 487 5038 umbem
501 4974 608 5036 mortis
626 4974 774 5054 appellari
792 4972 832 5033 ab
858 4973 921 5033 Au·
969 4972 1088 5031 tionem
1100 4968 1231 5044 habent,
1247 4968 1350 5048 utqui
1364 4986 1490 5030 sensum
1504 4987 1611 5032 earum
1627 4992 1737 5053 capere

149 5070 276 5149 glutino
289 5075 388 5149 putat,
403 5069 449 5128 ita
459 5065 623 5129 scribente.
636 5066 922 5128 Vetuslestamen-
969 5062 1053 5139 velit,
1069 5062 1156 5142 prius
1167 5059 1300 5136 lumini,
1315 5065 1481 5135 utvocant,
1492 5061 1736 5143 simplicisnatu·

150 5168 220 5223 tum
231 5159 398 5238 tenebris⁸,
413 5165 445 5221 et
455 5157 576 5221 umbrae
590 5158 814 5220 mortisdatum
823 5173 916 5219 esse.»
970 5172 1051 5229 ram,
1060 5152 1317 5235 etproprietetem
1326 5151 1489 5232 intelligat.
1500 5155 1580 5228 Quid
1588 5174 1737 5236 rynapopo

150 5253 270 5329 Quibus
282 5252 445 5332 subjungit
471 5251 563 5326 istud,
587 5269 649 5332 quo
663 5249 809 5314 eumdem
830 5248 921 5310 illum
968 5248 1019 5325 sit,
1035 5264 1096 5329 quo
1108 5263 1256 5328 rpuqopo
1272 5250 1327 5324 est,
1341 5264 1380 5307 ex
1391 5263 1558 5326 synagoge
1569 5251 1690 5326 natura,
1706 5252 1738 5311 et

182 5459 192 5503 t
205 5457 268 5504 τοι.
280 5455 318 5508 tll.
331 5456 348 5503 Ι.
359 5455 430 5507 itta
439 5452 520 5500 rad
530 5453 614 5503 u.-a
624 5452 769 5511 tribunat.
777 5453 804 5498 to
815 5454 862 5505 ter,
876 5463 896 5497 o.
908 5448 1035 5498 nstin-t
1048 5447 1104 5495 loco
1113 5447 1153 5494 ott.
