4078 6168
624 310 826 375 VINGENTII
848 308 974 383 LENIS,
998 309 1084 371 CAP.
1107 310 1189 372 xlv.
1408 316 1412 321 ’
1646 311 1704 373 rit

120 494 184 540 eam
215 495 285 539 rem
317 479 498 555 utilissima,
526 479 635 540 callide
661 476 883 539 dissimulando
933 493 1007 537 suos
1024 475 1173 537 altissimo
1187 477 1292 552 modo,
1306 477 1372 539 stne
1386 476 1629 558 imperfectione,
1640 479 1703 557 jus,

117 570 274 649 preteriit.
290 572 410 633 Verum
427 574 571 652 legantur
585 572 713 632 omnino
735 588 805 649 quae
824 569 887 630 illie
936 575 966 630 et
978 569 1146 648 imperium
1161 575 1291 631 exercet.
1308 591 1323 627 a

118 662 225 723 radiis
238 670 326 741 sunt,
335 671 371 726 ut
383 683 421 726 ex
434 665 472 726 iis
485 665 588 727 inanis
599 664 744 726 theriaca
758 667 887 723 conatus
975 662 1082 741 Neque
1095 679 1168 722 vero
1182 661 1309 737 bbere',
1321 663 1381 725 boc
1396 668 1441 724 est
1453 662 1605 725 essentiali
1620 662 1708 724 iiber*-

118 755 269 816 eludstur.
935 761 1004 831 tute,
1020 754 1099 815 solss
1108 771 1157 814 res
1171 758 1286 815 cresim
1299 772 1404 817 amare
1414 758 1513 817 Deum
1523 755 1707 818 Vincentius

153 847 266 926 &quis
275 864 383 911 autem
394 850 535 912 illiusest
548 849 626 911 adeo
638 849 757 921 similis,
765 846 842 909 nihil
850 850 888 907 ut
936 846 1089 922 atiirmat3
1124 847 1296 908 sedetiam
1323 866 1356 908 se
1384 849 1507 929 ipsum;
1543 849 1615 929 quia
1651 849 1708 910 etsi

118 937 260 1002 interesse
269 942 357 1004 dicat
371 943 453 1004 inter
466 961 556 1005 ovem
569 942 722 1022 pabulum
738 944 886 1020 appeten·
936 936 1132 1011 necessarie,
1148 957 1214 999 non
1227 945 1331 1000 tamen
1340 946 1468 1020 cogente
1481 941 1661 1002 necessitate
1674 958 1707 1004 se

118 1036 187 1110 tem,
202 1039 234 1095 et
247 1034 414 1097 hominem
427 1035 599 1099 necessario
607 1037 706 1096 Deum
715 1038 886 1105 amantem,
937 1031 1039 1111 ipsum
1053 1035 1154 1106 smat;
1171 1031 1285 1112 quippe
1294 1032 1430 1095 libertati
1442 1037 1618 1095 evectionem
1631 1034 1709 1095 dun-

119 1124 170 1185 etsi
190 1127 304 1188 neutri
330 1126 458 1189 libertam
474 1128 508 1189 in
531 1128 650 1189 aetioue
672 1125 726 1187 illa
747 1122 889 1189 constet?
937 1129 1023 1184 taxat
1048 1124 1174 1204 opponi,
1207 1142 1272 1185 non
1296 1126 1510 1188 necessitatem
1535 1126 1709 1206 simplicem

118 1216 188 1279 Euae
209 1217 271 1279 tibi
293 1237 320 1282 s.
349 1216 518 1289 Thomas¹,·
544 1218 741 1281 Aristotelem
754 1222 887 1294 secutur,
939 1215 1104 1278 existimat.

118 1307 472 1373 eduntnrs‘uminbrutis
484 1309 612 1389 perinde
624 1315 660 1372 ut
668 1309 891 1372 inhominibus
979 1308 1022 1367 ΙΙ.
1043 1309 1115 1369 lam
1130 1324 1204 1370 vero
1215 1309 1392 1372 essentialem
1416 1308 1503 1372 illam
1527 1308 1706 1383 libertatem,

117 1402 252 1482 manent
267 1423 275 1464 :
292 1422 396 1485 neque
422 1410 529 1466 tamen
551 1410 715 1485 propterea
745 1403 888 1464 eamdem
939 1418 1001 1479 qua
1008 1399 1071 1480 jos,
1088 1406 1118 1462 et
1130 1409 1310 1482 potestatem,
1331 1407 1361 1465 et
1375 1401 1551 1477 dominium,
1568 1410 1599 1465 et
1613 1408 1708 1485 impe-

117 1495 276 1576 utriusque
292 1495 458 1559 oulumuris'
470 1496 624 1559 rationem
634 1514 698 1558 esse
711 1496 821 1556 voluit.
839 1494 890 1556 Sio
939 1493 1088 1569 rz'um‚vel
1096 1494 1282 1575 imperiosam
1290 1497 1560 1579 potestutcnbabct
1567 1498 1710 1558 voluntas

115 1588 279 1650 necessitas
321 1588 394 1652 licet
430 1589 463 1651 in
496 1588 662 1651 amborum
694 1587 889 1649 naturabbus
940 1584 1076 1647 s’nnrtcm
1085 1586 1386 1664 snum,idemceseor
1395 1587 1522 1649 ls'ierom
1534 1584 1708 1666 arbitrium,

116 1682 292 1743 communis
304 1682 380 1743 insit
385 1701 394 1759 ;
410 1700 475 1743 non
494 1680 563 1743 ideo
578 1681 702 1743 nullum
718 1684 764 1744 est
777 1678 890 1761 agendi
938 1676 1091 1739 fusissime
1111 1678 1222 1758 probat
1235 1680 1415 1741 Vincentius
1430 1679 1466 1741 in
1489 1680 1569 1741 libro
1592 1683 1707 1761 primo,

114 1770 168 1835 sub
181 1776 299 1837 eadem
315 1776 499 1839 necessitate
512 1772 686 1837 discrimen.
939 1771 1037 1850 capite
1067 1771 1180 1833 tertio:
1216 1777 1308 1851 atque
1339 1774 1404 1833 haec
1438 1792 1503 1835 esse
1535 1790 1711 1854 synonyma

939 1863 1148 1941 demonstrat,
1166 1863 1350 1940 lr'iertolsm,
1374 1864 1565 1939 volunlatem,
1582 1865 1710 1928 liberem

941 1955 1129 2025 voluntatem,
1142 1954 1265 2017 illerum
1279 1957 1452 2018 arbitrium.
1469 1956 1555 2019 sobi
1567 1959 1711 2021 voluntas

941 2052 998 2121 est,
1017 2048 1062 2108 ait
1075 2048 1276 2124 Vincentius,
1292 2047 1335 2109 ibi
1348 2048 1475 2110 libertas
1491 2066 1499 2110 t
1516 2055 1547 2111 et
1559 2051 1711 2131 quidquid

303 2097 386 2185 CA
401 2097 436 2185 p
453 2096 537 2185 UT
587 2096 725 2185 XIV·
941 2139 982 2201 ab
1010 2158 1057 2215 ea,
1081 2145 1117 2200 ut
1132 2140 1304 2216 voluntate,
1334 2146 1365 2201 et
1392 2143 1529 2222 appetitu
1554 2143 1708 2218 rationali,

941 2231 1091 2310 procedit,
1106 2231 1145 2292 ab
1166 2248 1212 2302 se,
1228 2234 1264 2294 ut
1287 2231 1378 2293 illeso
1403 2234 1545 2313 arbitrio,
1560 2235 1708 2315 procedit,

117 2351 170 2415 lla
187 2348 340 2414 Vincenlii
350 2351 582 2434 opinionesepui
595 2351 744 2433 Spiritum
758 2358 891 2413 mnrium
941 2324 1239 2430 &winheim
1264 2330 1320 2386 0⁸²·
1343 2346 1358 2384 ’³
1385 2330 1424 2388 Ei
1445 2328 1491 2434 5¹¹·
1505 2328 1569 2390 flue
1592 2330 1709 2409 militib

152 2443 312 2524 passas
331 2444 395 2507 uso
417 2444 518 2523 trare,
548 2442 887 2507 crassescens.
945 2417 1033 2478 «Nec
1046 2417 1449 2497 uuuoummoveridebea
1465 2422 1611 2501 mequod
1625 2439 1710 2484 sanc·

152 2535 278 2621 &quo
292 2536 448 2599 mm
461 2535 836 2620 ppmpmpoeoeqmmm,
941 2510 1134 2616 augustinus
1159 2510 1317 2573 interdum
1353 2513 1395 2575 sic
1422 2514 1517 2574 etiam
1550 2515 1709 2620 loquetur,

941 2602 1040 2664 bbere
1058 2604 1230 2680 voluntate,
1254 2611 1309 2666 aut
1328 2604 1427 2666 libero
1448 2606 1616 2667 voluntatis
1629 2608 1712 2668 orbr-

152 2696 274 2759 Verum
283 2696 461 2760 tolerabilia
474 2697 532 2758 ista
546 2697 732 2759 consectaria
744 2700 817 2757 sunt
827 2694 894 2775 opi·
943 2695 1002 2756 trio
1015 2716 1022 2755 :
1048 2693 1121 2775 quis
1136 2697 1340 2757 certissimum
1355 2703 1399 2758 est
1413 2698 1568 2777 omnibus,
1586 2701 1638 2778 qui
1650 2700 1711 2761 lec·
1735 2699 1742 2707 ”

116 2788 216 2851 mnu
229 2789 382 2852 inducite.
400 2789 480 2864 Quid
494 2789 570 2851 iliud
586 2790 668 2869 quod
683 2790 750 2850 sine
762 2789 892 2849 horrore
942 2785 1037 2857 tione,
1059 2790 1089 2844 et
1108 2785 1247 2846 doctrina
1273 2786 1339 2863 ejus
1361 2786 1525 2865 ingenium
1550 2787 1712 2849 subactum

116 2897 154 2943 ue
181 2880 317 2961 eogitari
344 2881 472 2961 quidem
492 2885 602 2960 potest,
633 2886 664 2942 et
686 2880 825 2942 indidem
846 2885 894 2941 est
943 2875 1073 2949 habent,
1090 2878 1273 2956 particulam
1287 2878 1396 2955 istam,
1413 2877 1520 2956 ir'leru,
1538 2888 1592 2940 aut
1606 2878 1711 2952 libero,

116 2978 333 3053 comaquem
359 2974 460 3034 Deum
486 2980 516 3035 ot
540 2991 646 3036 amare
668 2990 701 3035 se
723 2972 837 3047 libere;
863 2978 894 3032 et
943 2988 1008 3030 non
1025 2969 1213 3047 restringere
1229 2970 1440 3039 voluntatem,
1458 2975 1513 3031 aret
1526 2970 1710 3033 arbitrium:

116 3065 223 3127 eadem
232 3065 383 3126 libertate
394 3065 566 3145 producere
577 3065 728 3145 Spiritum
738 3070 890 3137 sanctum,
943 3062 996 3123 sed
1032 3066 1069 3123 ut
1118 3062 1265 3123 dialectici
1298 3062 1489 3142 loqururtur,
1531 3064 1714 3144 particulam

115 3155 304 3236 iusumque
316 3157 461 3219 similiter
474 3163 568 3235 atque
590 3158 625 3219 in
647 3160 765 3219 creatae
782 3156 894 3234 resjus
943 3152 1161 3232 explanantem
1183 3159 1306 3214 tantum
1324 3172 1411 3230 esse;
1436 3160 1467 3215 et
1485 3154 1541 3216 ista
1560 3157 1638 3232 duo,
1666 3176 1715 3219 oo·

115 3265 148 3310 ac
158 3249 364 3311 marineium
377 3248 539 3311 obtinere?
556 3250 598 3310 Ut
609 3249 669 3310 hoc
682 3250 840 3311 decretum
854 3266 893 3309 ax
945 3244 1052 3322 lunius,
1067 3254 1097 3307 et
1110 3245 1243 3308 sulcatus
1266 3244 1375 3318 libero,
1390 3248 1472 3308 inter
1484 3264 1516 3309 sc
1531 3250 1677 3311 converti
1695 3272 1710 3308 s

114 3341 285 3404 &macarii
299 3342 407 3403 Batavi
417 3340 587 3421 disciplina,
603 3341 803 3404 Vinoeutium
816 3341 893 3401 hau·
944 3339 1031 3401 Idem
1054 3345 1085 3399 et
1098 3339 1132 3399 iu
1152 3339 1292 3419 sequenti
1307 3339 1404 3419 capite
1417 3340 1506 3402 dccet
1519 3342 1713 3418 Vincentius,

117 3432 198 3507 usse,
224 3438 264 3494 et
286 3432 323 3493 in
345 3431 488 3494 l'ieriocu
509 3451 564 3495 sue
586 3433 776 3494 ministrasse
799 3448 893 3494 nemo
946 3436 976 3491 et
989 3430 1064 3490 alibi
1078 3431 1202 3510 passim.

117 3524 256 3599 dubitet,
283 3524 461 3603 relegamus
485 3525 540 3586 illa
558 3524 732 3604 paululum,
761 3543 832 3604 quas
856 3526 895 3585 de
986 3522 1716 3604 HocautemetViuoentiimagisterArmeeanus

116 3614 273 3679 libertatis
284 3617 418 3677 essentia
430 3616 547 3677 ibidem
560 3616 714 3696 exposuit.
945 3615 1077 3676 Batavm
1099 3613 1207 3675 iisdem
1228 3615 1292 3676 iere
1305 3616 1408 3677 verbis
1421 3616 1565 3679 affirmat.
1583 3620 1623 3680 Ut
1643 3634 1716 3682 oum

154 3710 248 3771 Hane
273 3708 372 3788 igitur
395 3729 412 3767 a
437 3709 472 3769 in
499 3708 592 3769 modo
615 3710 751 3788 quodem
780 3709 894 3789 agendi
944 3707 988 3768 ita
1003 3705 1138 3783 scribiti,
1158 3708 1269 3787 capud
1284 3708 1492 3787 Augsrstinum
1507 3726 1571 3771 csse
1582 3710 1716 3772 liberum

11 3802 90 3855 Ψ*
118 3801 407 3881 ἠγεμιωῷροείῒαηι
420 3794 616 3875 arbitratur²,
634 3818 696 3880 quo
709 3800 895 3862 voluntasse
945 3799 1130 3866 arbitrium,
1168 3805 1199 3861 et
1228 3818 1293 3860 esse
1320 3800 1458 3879 aliquam
1488 3801 1640 3878 hominis,
1666 3804 1716 3864 vel

119 3892 216 3972 ipsam
230 3897 352 3967 movet,
376 3897 407 3953 et
420 3897 524 3955 autum
537 3911 630 3955 suum
643 3893 703 3954 sibi
716 3894 858 3974 imperat.
877 3914 891 3951 a
946 3891 1056 3971 Angeii
1064 3891 1268 3966 voluntatem,
1277 3908 1331 3952 sen
1339 3892 1529 3966 volitionem,
1541 3910 1597 3972 pro
1605 3892 1716 3956 iisdem

120 3985 218 4059 Quam
236 4006 256 4044 ι
270 3989 453 4065 potestatem
467 3986 640 4061 sublimem,
655 3986 897 4067 etimperiosam
946 4002 1072 4063 prorsus
1105 3989 1308 4062 usurpantur.
1336 3983 1490 4044 Nimirum
1523 3985 1597 4064 quia
1626 3986 1717 4065 juxta

122 4084 242 4153 ruant,
260 4096 324 4157 qna
336 4082 442 4139 aetum
454 4092 547 4139 suurn
560 4077 733 4155 efficiendo,
750 4080 778 4140 ei
795 4079 896 4140 domi·
947 4076 1121 4137 doctrinam
1136 4075 1202 4154 ejus
1216 4074 1407 4155 apertissime
1421 4076 1577 4152 traditam,
1604 4079 1717 4140 volun·

123 4174 226 4248 eamr,
243 4174 278 4231 et
297 4188 318 4229 a
329 4187 362 4231 se
376 4169 460 4231 exire
475 4169 706 4249 quodammodo
720 4170 892 4250 imperat.»
946 4173 1003 4241 tas,
1020 4186 1075 4228 seu
1088 4167 1205 4240 volitio,
1222 4173 1253 4228 et
1263 4167 1361 4229 libero
1373 4168 1518 4229 voluntas
1531 4170 1615 4231 idem
1630 4176 1714 4233 suntr

122 4261 221 4341 itque
246 4260 311 4322 boc
324 4261 358 4321 in
372 4262 434 4323 Deo
446 4280 511 4341 pree
525 4262 645 4323 ceteris
658 4262 758 4325 inesse
769 4263 898 4325 demon·
946 4261 1025 4323 siem
1039 4260 1129 4337 velle,
1142 4266 1174 4320 et
1187 4259 1284 4321 libere
1299 4260 1393 4322 velle:
1410 4266 1441 4327 et
1455 4261 1641 4342 impossibile
1655 4269 1712 4343 est,

123 4357 195 4415 stret
205 4353 311 4434 capite
326 4358 430 4414 sarto:
447 4352 511 4414 imo
528 4371 602 4415 vero
616 4371 655 4415 err
674 4353 897 4434 htsjuspartioi·
948 4359 984 4414 ut
990 4353 1069 4414 veile
1079 4370 1143 4413 non
1153 4353 1194 4413 sit
1203 4352 1350 4415 liberum.
1363 4374 1378 4410 o
1390 4355 1426 4413 Et
1433 4354 1527 4432 paulo
1540 4361 1620 4433 post,
1631 4376 1646 4412 a
1658 4357 1718 4420 hoc

123 4446 249 4524 petione
263 4462 393 4507 manere
406 4445 491 4507 istud
503 4444 537 4506 in
548 4450 704 4508 creaturus
716 4445 848 4521 liberas,
865 4446 898 4506 in
947 4446 1027 4525 ipso,
1047 4464 1109 4525 quo
1124 4445 1235 4505 volunt
1245 4444 1401 4522 homines,
1418 4450 1464 4506 est
1478 4446 1569 4507 etiam
1584 4446 1718 4511 liberum

124 4537 454 4617 ecqueconsistereait
462 4538 630 4617 imaginem
642 4538 706 4600 Dei.
722 4539 900 4617 quahuma·
947 4537 1122 4615 arbitrium,
1138 4538 1209 4617 quia
1220 4536 1346 4599 nonnisi
1359 4534 1456 4599 libere
1468 4537 1589 4600 volunt.
1607 4560 1623 4598 s

124 4647 200 4692 nam
223 4630 400 4711 prasertim
426 4648 524 4709 genus
551 4631 671 4692 censeri
697 4631 784 4692 solet.
819 4631 899 4692 «ot
990 4630 1043 4690 ill.
1067 4631 1163 4691 Porro
1196 4628 1339 4691 turmulis
1375 4631 1521 4710 quadam
1553 4632 1720 4694 locutionis

125 4724 207 4787 mum
221 4721 381 4802 compelli,
398 4728 429 4783 et
442 4721 511 4801 cogi
535 4721 574 4783 ab
599 4721 660 4783 alio
674 4723 713 4784 ad
728 4722 899 4802 agendum,
949 4721 1150 4783 observandas
1162 4727 1245 4795 sunt,
1255 4738 1331 4801 quas
1341 4722 1434 4783 ambo
1448 4723 1492 4783 illi
1501 4720 1718 4803 praescribunt,

126 4814 168 4875 ait
178 4816 376 4890 Viueentius,
395 4812 515 4886 servile,
530 4817 560 4875 et
572 4815 635 4876 Deo
648 4813 898 4894 indignissimum
949 4813 1064 4894 quibus
1078 4812 1182 4875 liberte
1188 4812 1347 4874 voluntatis
1359 4815 1409 4875 vel
1422 4813 1513 4876 liberi
1520 4817 1644 4879 arbitrii
1648 4832 1722 4879 usus

128 4911 191 4966 eat:
214 4906 263 4967 ita
283 4924 325 4968 ea
342 4904 469 4985 propria
489 4908 660 4984 potestate,
682 4903 716 4965 iu
744 4906 900 4967 sadonem
951 4906 1157 4986 exprimitur:
1182 4910 1256 4967 sunt
1283 4911 1389 4966 autem
1413 4906 1475 4984 bea,
1508 4928 1524 4965 a
1549 4907 1664 4969 hebere
1686 4909 1721 4969 in

128 5014 262 5060 mamae
275 4997 380 5080 ipsum
389 4997 552 5074 molinare,
566 4996 697 5059 dominii
707 5014 804 5077 supra
812 5001 901 5060 aetus
950 4995 1132 5077 potestate⁸,
1156 5018 1171 5054 s
1201 5014 1314 5076 nempe
1342 4999 1460 5077 equod
1480 5015 1553 5060 cum
1578 5000 1721 5061 volumus

128 5105 199 5151 suos
211 5090 336 5169 signum
348 5094 406 5160 est,
433 5096 466 5151 et
489 5104 671 5168 supremum
689 5090 752 5150 iius
764 5090 900 5151 maxime
950 5089 1091 5152 facimus.
1108 5110 1123 5147 c
1141 5090 1230 5165 Item,
1251 5089 1366 5168 equod
1379 5090 1405 5150 ai
1418 5090 1486 5150 vult
1501 5090 1589 5165 facit,
1606 5092 1632 5152 si
1657 5109 1722 5151 non

129 5178 227 5242 decet.
240 5183 321 5243 Tum
332 5180 444 5243 eadem
457 5179 581 5258 pagina,
603 5204 617 5233 «
633 5182 722 5257 Deua,
738 5181 851 5260 inquit,
866 5184 899 5241 iu
950 5183 1028 5258 vult,
1044 5199 1108 5242 nou
1118 5180 1225 5242 facit.»
1240 5182 1334 5257 Tum,
1349 5202 1365 5239 o
1376 5180 1409 5241 Si
1419 5182 1577 5242 voluntate
1590 5180 1723 5243 faciendi

128 5273 274 5351 amando,
284 5281 315 5336 et
324 5272 513 5335 volendoest
519 5270 667 5351 suijuris,
680 5277 712 5335 et
723 5273 758 5334 in
771 5273 902 5335 effeetus
951 5275 1125 5354 imperante
1139 5272 1204 5348 ilat,
1229 5273 1310 5334 actio
1325 5273 1377 5335 illa
1393 5273 1486 5333 estin
1500 5277 1605 5333 nostra
1619 5278 1721 5351 potes·

155 5474 167 5517 t
183 5474 210 5519 la
220 5472 239 5526 1,
249 5474 276 5522 lt.
287 5473 395 5523 ιω
408 5472 472 5517 Viuc.
482 5472 499 5517 i.
512 5472 530 5525 1.
540 5484 559 5517 c.
570 5475 656 5520 rra-8
669 5472 732 5520 Vina.
743 5475 759 5520 t.
771 5474 789 5528 1,
800 5487 820 5519 a
835 5475 903 5520 r.-t
915 5474 949 5521 ib.
959 5488 979 5521 c.
990 5486 1039 5521 r.-
1050 5476 1064 5520 5
1077 5475 1138 5521 'lom
1154 5473 1193 5525 lii,
1206 5472 1266 5523 i.Vt,
1277 5484 1297 5517 c·
1311 5482 1334 5523 v,
1348 5471 1478 5516 dett-0
1491 5468 1580 5516 amtt-
1593 5464 1625 5518 ib.
1645 5468 1705 5519 rsit.
