4078 6168
616 281 666 342 DE
686 279 993 357 INCARNATIONE,
1014 280 1089 341 LIB.
1112 280 1135 355 l,
1158 280 1244 342 CAP.
1268 281 1322 341 1V.
1707 288 1765 347 tta

169 447 263 509 batus
282 445 385 527 periit.
406 447 493 507 Anus
520 445 723 526 pecuniarum
742 445 889 507 ¹omnium
909 464 945 510 aa
992 450 1065 506 tura
1077 451 1263 525 serpentem,
1278 465 1298 506 a
1316 464 1378 526 quo
1401 446 1591 508 illuminatos
1614 466 1666 510 eos
1682 468 1764 512 asse-

168 539 325 601 librorum
334 558 462 620 compos
474 538 562 613 iacta,
577 540 767 618 mancipium
787 539 945 600 Persicum
993 544 1079 616 runt,
1096 545 1131 601 ut
1149 540 1332 620 cognitionis
1355 540 1461 602 ocrrlos
1475 542 1641 621 aperirent,
1661 549 1691 603 ct
1710 543 1763 604 bo-

167 633 247 694 emit
269 632 400 694 nomine
423 631 600 693 Cabricum.
625 630 828 713 (Augustinus
847 631 943 693 Urbi·
993 649 1090 707 num,
1132 632 1312 711 malumque
1353 633 1579 711 dignoscerent.
1622 636 1763 714 Eumque

166 742 244 786 cum
256 730 364 799 roeat;
378 724 470 785 credo
484 724 523 785 ab
544 725 660 785 Latinis
678 724 763 784 illius
783 730 873 785 sectae
889 724 942 785 de·
994 724 1149 785 Christum
1170 725 1345 786 novissimis
1364 726 1556 805 temporibus
1579 728 1699 788 venisse
1720 728 1760 788 ad

167 816 252 878 tlexo
265 817 406 878 mosum
415 818 596 877 Muranum
607 813 782 896 vocabulo.)
798 817 829 877 Is
838 817 944 877 Manes
993 817 1132 890 animas,
1159 836 1224 878 non
1247 818 1287 877 ad
1310 836 1460 897 corpora,
1488 818 1672 880 liberandas.
1703 820 1765 880 Nec

166 908 325 989 appellari
357 908 469 970 deinde
500 907 618 983 voluit,
648 926 719 987 quae
750 925 810 968 vox
845 907 945 969 Persis
993 908 1087 969 fuisse
1110 908 1143 969 in
1156 927 1249 970 carne
1263 928 1347 986 vera,
1362 910 1415 972 sed
1429 910 1607 971 simulatam
1630 911 1765 990 speciem

166 1002 284 1076 ὁμιλίαν,
303 1000 336 1061 id
360 1005 405 1061 cst
426 998 633 1061 allocutionem
659 998 827 1079 signiticat3
844 1005 879 1060 ut
901 1000 945 1060 ait
994 1001 1094 1061 tarnis
1118 1001 1312 1062 ludificandis
1338 1002 1485 1063 humanis
1516 1003 1655 1064 sensibus
1687 1022 1765 1082 prae-

167 1092 317 1170 cyrillus.
334 1090 562 1154 νὶίναναίεΙναναην1
578 1091 665 1173 quasi
687 1110 795 1152 manno
816 1089 943 1169 fundat-
992 1092 1108 1169 baisse,
1130 1092 1185 1152 ubi
1202 1112 1267 1154 non
1280 1092 1381 1155 solum
1402 1099 1547 1171 mortem,
1563 1096 1766 1156 verumetiam

167 1191 240 1260 tera,
263 1184 351 1245 hunc
372 1184 574 1246 nominavere
596 1189 700 1264 postea
713 1183 867 1265 discipuli,
890 1184 944 1263 qui
993 1185 1250 1247 resurrectionem
1264 1186 1404 1248 similiter
1422 1187 1641 1249 mentiretur.»

166 1275 265 1356 vulgo
277 1276 469 1337 Manchane
480 1275 540 1337 dici
553 1276 629 1337 solet
637 1276 661 1337 *.
1037 1299 1053 1335 a
1067 1278 1201 1339 Veniens
1223 1278 1336 1355 Filius,
1354 1282 1398 1340 ait
1423 1280 1612 1360 Epiphanius
1635 1280 1670 1340 in
1696 1280 1764 1341 Mn-

207 1370 269 1430 Hic
280 1368 456 1449 praestigiis,
472 1387 509 1429 ac
526 1369 653 1447 magicis
665 1367 784 1428 artibus
797 1367 941 1440 confisus,
993 1367 1171 1431 nicboeorurn
1208 1371 1336 1448 haeresi,
1365 1389 1430 1432 sesa
1468 1371 1698 1434 transformavit
1730 1373 1764 1433 iu

168 1462 340 1524 Persarum
360 1462 442 1541 regis
453 1460 566 1535 filium,
592 1461 648 1540 qui
666 1460 745 1521 sorte
765 1467 832 1522 tum
845 1479 944 1540 oegro·
992 1461 1128 1522 hominis
1142 1463 1286 1542 speciem.
1305 1464 1350 1523 ita
1370 1463 1508 1524 bominis
1531 1465 1639 1525 similis
1660 1464 1762 1526 bomi-

165 1555 267 1630 tabat,
283 1555 458 1616 sanandum
472 1553 616 1634 suscepit.
632 1552 692 1614 Sed
707 1571 743 1614 eo
758 1562 893 1629 mortuo,
911 1553 944 1614 in
993 1554 1085 1614 uibus
1105 1555 1282 1634 apparebat,
1300 1555 1356 1616 etsi
1374 1556 1468 1616 homo
1482 1574 1546 1616 non
1560 1562 1638 1617 esset
1650 1577 1657 1615 :
1671 1563 1764 1636 atque

167 1664 327 1709 carcerem
348 1646 516 1726 conjectus,
531 1646 611 1707 clam
637 1645 768 1724 aufugit,
793 1663 829 1705 ac
854 1644 943 1705 disci·
993 1645 1135 1707 homiues
1157 1653 1267 1708 natum
1294 1647 1382 1709 illum
1407 1666 1516 1709 resera
1542 1648 1760 1727 putabantur>

166 1740 251 1822 pulis
263 1739 369 1800 varias
388 1739 422 1798 in
445 1743 547 1819 partes
573 1737 717 1812 dimissis,
743 1742 777 1797 ut
801 1735 943 1798 baeresim
993 1738 1178 1800 Athanasius
1200 1740 1403 1816 Marcionem,
1423 1745 1455 1801 et
1474 1740 1680 1801 Manicheum
1694 1741 1765 1802 scri·

166 1830 497 1911 mumiongelateque
511 1829 705 1911 dissiparent,
721 1828 834 1909 ipsein
847 1829 944 1891 Meso
993 1828 1039 1891 bit
1056 1832 1232 1892 existimare
1259 1832 1417 1892 Christum
1437 1852 1453 1888 α
1469 1848 1594 1892 carnem
1616 1832 1764 1893 humana

166 1924 315 2004 potamiae
339 1923 418 1984 fines
430 1922 600 1984 contendit.
627 1921 675 1982 Ibi
687 1939 761 1982 vero
776 1921 815 1981 ab
829 1921 944 1982 Arche·
994 1922 1125 1984 similem
1137 1923 1276 1984 attulisse
1291 1923 1328 1984 de
1344 1923 1431 2000 coelo,
1448 1930 1479 1984 et
1499 1925 1642 1985 eamdem
1653 1925 1687 1985 iu
1702 1945 1762 1986 coe·

166 2015 217 2078 lao
227 2015 450 2096 episcopoviro
460 2015 550 2076 docto
563 2019 745 2086 aastrenuo,
758 2014 944 2095 disputando
993 2013 1060 2074 lum
1075 2014 1245 2093 recessisse,
1260 2030 1332 2074 cum
1349 2020 1416 2075 tota
1435 2014 1513 2074 nihil
1533 2015 1592 2074 nisi
1620 2015 1764 2078 divinitas

168 2109 340 2182 condens,
356 2113 387 2168 et
398 2107 521 2186 fugatus
530 2107 554 2183 *,
568 2107 601 2167 in
615 2107 776 2167 Persarum
789 2106 871 2184 regis
883 2123 943 2184 po·
993 2105 1091 2168 essatt
1101 2106 1450 2186 ntQuippe«humanam
1475 2124 1601 2167 carnem
1614 2126 1680 2168 nou
1689 2108 1763 2169 vitio

170 2205 313 2261 testatem
329 2199 540 2278 tacitaeque
558 2197 699 2277 jubente,
715 2197 795 2260 cutis
807 2197 852 2257 illi
873 2198 944 2258 vivo
993 2198 1103 2278 culpae,
1118 2200 1171 2260 sed
1181 2198 1315 2259 naturali
1329 2199 1455 2260 credens
1466 2200 1653 2279 proprietate
1666 2201 1763 2281 pollu-

173 2293 308 2354 dctracta
319 2292 400 2353 est*.
992 2295 1068 2365 tam,
1096 2296 1206 2351 natura
1229 2290 1398 2369 malignam
1416 2290 1475 2350 sibi
1492 2291 1681 2353 mendaciter
1701 2292 1761 2353 fiu-

213 2385 339 2445 lnitinm
363 2382 491 2446 haeresis
512 2382 596 2443 illius
633 2381 673 2442 ad
700 2399 820 2442 annum
851 2381 943 2443 Probi
993 2382 1080 2459 git»
1118 2383 1161 2443 ait
1183 2381 1487 2458 Fulgentius³.1tina
1514 2382 1661 2462 Eulogius
1680 2384 1762 2465 apud

168 2477 366 2557 imperatoris
380 2476 552 2538 secundum
563 2474 748 2535 adscribitur
759 2475 799 2535 ab
810 2474 943 2536 Eusebio
993 2474 1138 2535 Photium
1158 2475 1262 2535 codice
1276 2477 1346 2551 230,
1360 2491 1458 2536 uuam
1479 2475 1513 2534 in
1536 2475 1655 2537 Christo
1671 2483 1762 2538 natu·

168 2570 201 2630 iu
216 2567 379 2631 t'trontco.
405 2569 469 2629 Leo
492 2569 579 2647 Papa
600 2565 729 2627 homilia
750 2567 883 2627 secunda
909 2565 944 2627 de
992 2583 1060 2626 ram
1093 2567 1297 2644 constituisse,
1330 2585 1395 2628 non
1434 2567 1522 2640 duas,
1558 2569 1762 2646 Manicheum

170 2661 338 2723 Pentecoste
353 2677 473 2721 anuum
487 2660 628 2738 designat
650 2658 829 2719 consulibus
843 2657 943 2717 Probo
992 2657 1122 2718 asserir.

168 2758 326 2835 Augusto,
338 2758 370 2813 et
384 2752 512 2813 Paulino
527 2768 603 2813 coss.
618 2750 676 2810 fuit
689 2749 739 2810 hic
754 2768 825 2810 aerae
836 2750 943 2810 Chris·
1032 2749 1114 2811 XIV.
1141 2749 1188 2811 Ad
1209 2747 1290 2812 hanc
1313 2749 1442 2811 classem
1464 2768 1669 2831 φαντασιαστῶν,
1698 2756 1761 2817 sive
1785 2780 1930 2827 paam

168 2847 263 2907 tianae
277 2848 351 2907 277.
366 2846 444 2906 Vide
457 2843 667 2924 Epiphaniam
690 2841 802 2902 baeresi
817 2859 899 2917 axvi,
914 2846 945 2903 et
991 2852 1102 2919 δοκητῶν
1117 2843 1253 2904 revocari
1278 2847 1408 2922 possunt
1431 2842 1532 2921 primo
1560 2846 1615 2923 qni
1640 2848 1761 2908 Christo
1785 2838 1919 2933 ,ffifflmffl

169 2958 240 3019 qnae
254 2939 297 2999 ad
310 2939 396 2999 hunc
419 2937 494 2998 olim
521 2935 737 2997 adnotavimus
761 2932 795 2994 dc
819 2942 945 3014 tempore
992 2952 1098 2996 veram
1109 2935 1224 3013 alioqui
1238 2952 1363 2996 carnem
1374 2934 1535 3011 uibuunt3
1551 2938 1604 2997 sed
1619 2955 1687 2998 eam
1697 2957 1761 3000 non

167 3030 348 3099 notatas,
374 3030 463 3109 cujus
486 3028 577 3090 valde
598 3027 744 3108 perplexa
766 3026 849 3106 apud
862 3026 942 3086 anti-
992 3027 1031 3087 de
1045 3026 1176 3088 muliere
1190 3032 1357 3106 sumptam,
1372 3044 1484 3086 verum
1497 3026 1676 3107 abipsomet
1686 3031 1762 3091 Filio

169 3141 249 3203 quos
263 3122 414 3185 estratio.
992 3119 1050 3179 Dei
1063 3137 1101 3179 ex
1126 3120 1285 3182 elementis
1310 3123 1443 3198 quatuor
1465 3119 1658 3182 confectam&
1675 3123 1763 3195 Quod

44 3210 142 3259 ’Μ
210 3216 301 3276 XIII.
314 3213 559 3277 Manichaeorum
576 3210 751 3283 tabuisset
769 3215 944 3270 commenta
991 3211 1163 3290 Apelleiani
1197 3212 1370 3272 docuerunt
1403 3211 1442 3271 ab
1470 3211 1576 3291 Apelle
1608 3213 1762 3275 nominati
1808 3233 1904 3291 spoia.

60 3282 125 3373 titula
169 3308 354 3389 turpissima
383 3306 513 3386 longum
533 3310 589 3380 est,
618 3322 654 3364 ac
680 3319 943 3382 supervacaneum
992 3302 1154 3364 Marcionis
1163 3302 1326 3382 discipulo,
1342 3302 1380 3362 de
1394 3303 1506 3381 quoita
1515 3304 1758 3367 Tertullianus:

169 3399 315 3462 hocloco
328 3398 482 3478 persequi,
499 3413 571 3458 cum
585 3414 622 3456 ea
632 3394 773 3475 pluribus
793 3393 944 3473 explicata
997 3416 1012 3452 α
1026 3395 1059 3454 Si
1068 3400 1099 3455 et
1112 3392 1228 3473 Apellis
1240 3399 1372 3454 stemma
1383 3395 1612 3458 retractandum
1624 3403 1680 3474 est,
1695 3404 1760 3459 tam

169 3494 232 3554 sint
245 3493 288 3554 ab
306 3491 358 3567 iis,
375 3508 452 3570 quos
465 3507 560 3568 supra
585 3486 765 3562 nominari,
784 3486 942 3565 scriptori·
993 3503 1058 3545 non
1073 3491 1159 3545 vetus
1172 3492 1202 3545 ct
1220 3484 1296 3565 ipse,
1313 3503 1408 3564 quam
1428 3486 1567 3549 Marcion
1588 3488 1758 3567 institutor,

169 3585 230 3647 bus
246 3606 254 3645 :
270 3584 445 3665 prasertim
457 3582 496 3643 ab
514 3580 699 3659 Augustino,
715 3579 770 3659 qui
783 3596 864 3639 unus
891 3578 945 3638 aii·
992 3582 1024 3639 et
1036 3577 1251 3657 praeformator
1262 3577 1328 3656 ejus
1345 3597 1352 3637 :
1369 3577 1423 3639 sed
1436 3578 1540 3659 lapsus
1553 3579 1586 3640 in
1599 3580 1758 3657 feminam,

169 3678 298 3758 quando
312 3675 372 3737 fuit
386 3676 523 3736 illorum.
539 3674 627 3747 Quod
645 3673 833 3751 adpraesens
855 3670 943 3730 insti·
992 3670 1130 3730 desertor
1143 3669 1341 3731 continentia
1360 3670 1592 3746 Marcionensis,
1608 3671 1646 3732 ab
1665 3674 1761 3734 oculis

169 3776 277 3831 tutum
290 3768 414 3844 attinet,
434 3766 618 3829 oGhristum
630 3764 826 3825 affirmabant
838 3763 941 3838 fuisse,
992 3760 1176 3823 sanctissimi
1205 3762 1346 3842 magistri
1379 3763 1598 3825 Alexandriam
1625 3765 1759 3826 secessit.

169 3861 276 3943 inqrdt
288 3857 511 3939 Augustinns’,
527 3875 621 3938 quern
634 3857 708 3918 dicit
726 3861 831 3916 nostra
845 3855 945 3934 Scrip·
992 3855 1069 3916 Inde
1083 3859 1154 3935 post
1175 3872 1275 3917 annos
1300 3873 1455 3934 regressus
1474 3873 1539 3916 nou
1558 3855 1678 3931 melior,
1701 3857 1762 3918 nisi

204 4088 227 4129 α
242 4071 342 4128 Ενιννι.
357 4067 427 4124 brer.
445 4080 518 4121 navt.
533 4065 580 4117 liat
595 4061 671 4118 ἐλθὼν
686 4062 701 4116 t
714 4061 764 4124 υἱὸς
787 4062 942 4135 percmpt-
991 4059 1015 4123 ἐξ
1029 4060 1133 4133 otperoa
1159 4060 1284 4133 ὀφθεῖσαν,
1305 4060 1347 4114 „a
1365 4061 1398 4124 εις
1415 4060 1532 4135 ,cmg
1545 4065 1704 4137 χωρήσων,
1719 4066 1760 4120 m,

169 4174 233 4211 τισιν
257 4153 346 4208 ἐρατὸν
368 4149 401 4213 εἰς
421 4148 551 4221 ἀνθρώπου
573 4141 652 4218 sibor,
681 4146 723 4199 καὶ
754 4144 864 4216 ἐφαίνετο
889 4146 942 4209 τοῖς
990 4146 1093 4214 θεότητα
1107 4146 1166 4214 ὅλην
1181 4141 1267 4199 οὖσαν.

170 4236 351 4312 deificantia
361 4234 495 4306 ἅνθρωπος,
510 4229 542 4304 μὴ
557 4233 593 4284 ὢν
610 4230 746 4302 ἅνθρωπος,
761 4230 803 4283 καὶ
816 4229 840 4282 oi
854 4229 944 4302 ἄνθρω-
1024 4244 1040 4285 o
1058 4230 1178 4287 Mantua.
1201 4230 1232 4286 in
1257 4244 1301 4300 ep.
1317 4227 1360 4284 ad
1382 4229 1574 4302 sathanam
1588 4232 1660 4303 apud
1676 4233 1755 4290 Phot.

170 4342 212 4376 ποι
222 4319 398 4392 tattonem
413 4314 486 4370 aaut
496 4314 662 4387 aserdan.
994 4310 1027 4366 ‘o
1041 4313 1068 4367 at
1082 4317 1126 4366 aa
1139 4312 1219 4366 arato
1234 4312 1313 4382 ,ozac
1327 4311 1379 4375 aaa<
1392 4312 1435 4381 aa
1447 4313 1509 4366 ora
1524 4313 1606 4367 ostra
1622 4314 1646 4369 a
1658 4322 1694 4388 a,
1708 4317 1759 4389 aaa

203 4406 347 4463 trArmn.
373 4399 410 4456 de
436 4398 534 4456 Salui.
561 4396 631 4454 adv.
657 4396 727 4453 Chr.
754 4395 823 4450 ‘AM’
850 4395 939 4468 ὁμοίαν
990 4394 1150 4468 ἐφανέρωσεν,
1175 4394 1204 4449 οὗ
1223 4396 1267 4449 tto
1278 4395 1359 4467 φύσεις
1381 4394 1456 4470 ἔχων,
1479 4396 1544 4450 ἀλλὰ
1559 4398 1616 4470 μίαν
1631 4396 1655 4453 ἔν
1677 4399 1760 4472 ὁρατῷ

170 4492 249 4562 σάρκα
263 4484 415 4557 ἔπιδεδέχθαι
436 4480 461 4544 ἔξ
480 4480 567 4535 ἑαυτοῦ
580 4479 634 4534 καθ’
648 4480 767 4553 ὁμοίωσιν
780 4480 814 4540 ὡς
829 4478 939 4546 ἔθὲλησεν
989 4499 1026 4545 τε,
1038 4481 1078 4533 καὶ
1092 4478 1202 4553 ἀοράτῳ.

203 4682 214 4703 ·
231 4676 301 4731 Aliud
315 4675 384 4739 hujus
402 4670 501 4725 nammis
515 4674 603 4737 ennon
621 4667 755 4734 excogitavit
765 4666 864 4719 Thomas
877 4666 940 4733 Hyde
1021 4667 1029 4685 '
1047 4667 1093 4719 Alii
1105 4667 1170 4719 aliter
1183 4671 1282 4718 narrant
1291 4666 1387 4719 Manetts
1403 4667 1550 4734 supplicium,
1566 4670 1594 4722 de
1609 4685 1667 4737 quo,
1684 4672 1716 4724 uti
1730 4673 1759 4727 de

171 4757 197 4807 ia
222 4756 280 4807 bist.
309 4751 388 4814 Retio.
418 4748 470 4803 Vct.
491 4747 564 4798 Pera.
589 4759 611 4797 e.
636 4756 693 4808 ιιι,
717 4743 836 4810 pictoriam
858 4742 940 4809 quippe
988 4744 1078 4796 acuns
1092 4758 1142 4810 qua
1155 4743 1184 4795 ad
1197 4743 1262 4794 iilum
1276 4747 1393 4809 spectant,
1409 4744 1454 4809 legi
1469 4750 1563 4811 possunt
1576 4758 1657 4812 prater
1675 4748 1757 4815 appel·

171 4836 240 4884 anau
253 4827 384 4882 ancum
396 4824 520 4884 Menatem
530 4826 597 4887 atquc
608 4834 622 4871 a
634 4821 728 4873 Persico
742 4819 853 4871 vombnlo
862 4818 939 4880 itant,
988 4820 1058 4870 latum
1072 4821 1134 4886 Hyde
1147 4819 1170 4869 t.
1186 4818 1291 4870 athanas
1304 4818 1422 4872 Fabricius
1436 4821 1500 4872 adt.
1518 4821 1609 4874 Grata
1631 4824 1676 4875 vot.
1694 4824 1720 4875 V.
1736 4827 1760 4875 et

172 4908 229 4972 qaod
246 4910 283 4959 est
297 4904 379 4971 pictor
391 4899 488 4953 nanas
504 4897 538 4949 ilii
554 4910 637 4949 nomen
650 4896 773 4949 derivatum
784 4895 905 4947 erubunt
988 4895 1012 4946 in
1034 4895 1094 4947 notis
1107 4896 1139 4947 ad
1155 4894 1334 4953 Ptrttaatrtrm3
1351 4894 1389 4947 to.
1413 4895 1592 4962 dhrrstopborus
1612 4898 1715 4951 Wolsins
1728 4899 1758 4950 de

855 4973 882 5025 Z.
988 4971 1171 5024 Monicbetsmo
1193 4973 1250 5021 onte
1263 4969 1421 5032 Montcboeoa,
1446 4976 1469 5022 ct
1482 4972 1573 5024 imarus
1592 4973 1719 5025 Beausobre
1733 4973 1757 5025 in

203 5059 334 5115 ’Archelai
362 5054 483 5123 disputatio
509 5052 587 5104 isthec
626 5065 640 5103 a
665 5049 787 5102 harentia
814 5046 940 5100 Alexandro
989 5047 1046 5099 laist.
1063 5047 1255 5108 Monicboerbmi,
1276 5061 1327 5113 qua
1349 5061 1363 5097 a
1383 5045 1499 5099 catholico
1519 5048 1625 5114 quopiam
1661 5049 1755 5112 reden,

173 5139 284 5204 &capno
302 5134 401 5203 primum
415 5129 530 5194 (1in
541 5128 593 5181 tait.
611 5141 638 5180 ac
652 5127 773 5179 eadsine
786 5139 800 5176 a
813 5124 840 5176 P.
852 5123 940 5177 Mansio
985 5123 1047 5187 iusto
1070 5136 1139 5190 opera
1164 5123 1317 5185 refelleretur,
1341 5122 1383 5173 etsi
1410 5120 1538 5174 mocianus
1561 5124 1584 5172 in
1612 5122 1757 5175 exercitatio·

172 5215 310 5282 iapdmnm
332 5215 420 5262 tomum
439 5205 647 5273 supplementorum
661 5202 815 5254 meraritis
836 5201 940 5254 Veneto·
988 5198 1056 5252 nibus
1074 5199 1253 5264 beonianisjan
1266 5199 1331 5251 illum
1344 5197 1420 5249 maltis
1433 5197 1457 5248 in
1476 5197 1544 5250 rebus
1557 5197 1687 5250 mutuavit.

173 5286 372 5343 caminam
857 5277 883 5328 Z·
1673 5273 1701 5324 Z·

199 5460 281 5516 tlug.
291 5459 309 5503 l.
322 5456 352 5501 de
368 5449 537 5501 limata-b
550 5448 596 5496 Lib.
608 5449 698 5495 delier.
712 5458 732 5493 a.
746 5446 857 5493 atra—8
870 5445 916 5491 bib.
928 5444 976 5493 iad
990 5446 1083 5493 iterim
1093 5444 1189 5491 o.r.-t
1200 5443 1278 5501 Epiph.
1289 5441 1454 5488 Itouraia-tt
1474 5440 1520 5487 tit.
1531 5444 1557 5487 tte
1567 5443 1635 5488 Proea
1648 5456 1724 5491 αυτ.
