4136 6178
576 349 628 409 DE
647 349 747 411 LEGE
766 351 815 411 ET
836 348 995 427 sultis,
1017 349 1130 412 LlBER
1150 349 1177 428 1,
1199 347 1282 410 cAP.
1306 348 1342 408 V.
1719 352 1757 413 13

165 509 241 581 imo,
265 513 301 569 ut
327 507 403 585 dixi,
424 508 669 577 tolerabiliorem
695 515 941 578 convincendam
987 520 1057 576 tum
1075 514 1114 575 ab
1134 513 1319 595 Apolopctici
1339 513 1485 593 scriptore
1508 512 1712 590 manifestius,
1728 520 1760 576 et

165 600 331 675 insaniam,
354 601 501 664 adhibere
526 604 604 665 solet
625 607 825 684 Augustinus,
848 609 889 669 Ut
906 607 941 668 in
988 606 1173 679 distinctius,
1189 623 1284 686 quam
1297 605 1336 676 ab
1350 606 1403 665 illo
1417 605 1483 684 ipso
1496 625 1504 680 3
1527 606 1614 684 cirjus
1633 624 1759 668 causam

167 691 247 752 libro
261 693 315 752 XV
325 698 427 754 comm
440 693 617 770 Faustum,
634 697 753 759 deloeis
766 699 827 760 illis
839 699 942 778 dispu·
987 704 1103 772 tuetur,
1121 699 1269 778 explicata
1280 703 1362 758 sunt.

167 788 249 859 tans,
263 784 377 863 quibus
391 785 452 866 legi
460 786 581 849 deuehi
589 789 724 865 videtur,
733 794 827 870 negat
838 791 871 850 in
881 790 942 851 illis
1029 793 1150 853 Horum
1157 791 1295 871 primum
1305 795 1360 863 est,
1372 786 1645 869 synagogamsiie
1654 793 1759 854 ludes·

169 876 356 955 reprehendi
369 876 489 957 legem:
506 879 613 940 «sicut
627 899 691 942 non
704 882 942 960 reprehenditur
989 898 1081 941 orum
1092 880 1375 958 congregationem,
1389 896 1459 957 quae
1468 878 1525 939 sub
1534 879 1602 957 lege
1615 880 1759 954 Mosaios,

169 967 305 1043 scientia,
322 986 396 1029 cum
409 970 942 1051 dicitur,;scieoliainflel,clmritas
991 975 1022 1032 et
1044 972 1142 1032 veteri
1168 973 1364 1031 Testamento
1389 970 1538 1045 merebat,
1561 973 1761 1049 quantumvis

169 1078 239 1120 vero
262 1059 407 1140 edificet.
431 1083 447 1120 a
472 1064 510 1124 Et
531 1064 626 1144 paulo
645 1070 722 1144 post.
753 1090 767 1119 α
788 1068 881 1145 Ergo·
891 1066 943 1128 lex
988 1061 1051 1141 legi
1066 1065 1305 1124 aclestamento
1313 1062 1365 1123 isti
1373 1080 1413 1123 ex
1424 1063 1490 1140 ejus
1499 1062 1610 1142 spiritu
1619 1063 1758 1137 serviret,

166 1170 292 1232 semper
304 1158 350 1215 ast
363 1153 468 1230 bona;
491 1155 555 1217 sive
580 1155 661 1217 obsit
673 1158 818 1219 inanibus
831 1160 940 1237 gratia,
991 1155 1048 1215 Dei
1072 1155 1240 1215 Ecclesiam
1261 1154 1392 1215 minime
1418 1153 1523 1214 sciisse.
1554 1154 1614 1215 Sed
1641 1155 1761 1215 nubam

167 1242 233 1305 sive
246 1245 345 1324 prosit
370 1247 470 1325 plenis
491 1247 611 1326 gratia;
632 1266 754 1329 semper
773 1260 820 1312 est
832 1250 939 1312 bona:
989 1252 1103 1326 prester
1115 1245 1335 1321 Christianam,
1346 1246 1500 1308 exstitisse
1512 1264 1652 1326 unquam
1662 1248 1762 1309 Eccle

166 1336 250 1398 siem
262 1338 309 1398 sol
323 1355 446 1418 semper
461 1345 506 1400 est
520 1339 634 1413 bonus,
651 1341 723 1421 quia
737 1343 840 1403 omnis
855 1361 941 1405 crea·
989 1338 1068 1398 siam
1085 1358 1092 1399 :
1108 1339 1273 1401 iudaicam
1286 1345 1392 1400 eutem
1404 1383 1412 1411 ,
1425 1358 1461 1398 ac
1474 1346 1611 1400 veterem
1625 1358 1761 1418 synago·

166 1435 239 1489 tura
263 1429 318 1490 Dei
343 1430 428 1492 bona
454 1436 521 1504 est,
551 1432 616 1493 sive
641 1433 817 1495 dolentibus
845 1435 942 1497 oculis
989 1446 1072 1508 gam,
1095 1432 1219 1492 nonnisi
1241 1431 1451 1493 colluvionem
1475 1431 1644 1509 quamdam
1667 1432 1762 1494 fuisse

166 1527 290 1597 noceat,
305 1523 370 1583 sive
383 1541 475 1583 sanos
489 1523 634 1584 mulceat.
650 1546 666 1583 s
682 1526 831 1606 Exspecto
845 1545 942 1605 quam
989 1522 1154 1584 hominnm
1169 1524 1341 1585 cernelium
1355 1542 1393 1585 ex
1409 1540 1523 1602 genere
1537 1541 1594 1584 suo
1605 1525 1760 1604 vitiosam,

167 1631 243 1675 mox
265 1615 316 1675 isti
338 1615 474 1677 frontem
501 1616 687 1695 periricent3
713 1624 745 1679 et
767 1619 940 1697 scientiam,
990 1632 1026 1674 sc
1039 1615 1261 1677 damnabilem.

166 1724 264 1785 quam
279 1707 332 1768 Dei
347 1724 413 1768 esse
426 1725 554 1784 munus,
568 1707 657 1788 impii
667 1710 764 1770 sinlei
777 1710 939 1786 dubitant3
1031 1707 1172 1767 Alterum
1186 1713 1246 1784 est,
1259 1707 1340 1768 solos
1349 1707 1450 1785 justos
1461 1709 1661 1769 etsauctosin
1674 1728 1758 1784 vera,

167 1814 207 1859 ex
221 1799 360 1877 professo
374 1800 481 1860 datam
505 1806 654 1875 asserent,
671 1806 706 1861 ut
719 1801 811 1879 fastu,
831 1809 861 1864 el
875 1803 944 1881 glo·
991 1803 1022 1858 et
1035 1798 1128 1859 unica
1142 1799 1196 1860 Dei
1207 1799 1351 1868 Ecclesia,
1365 1817 1435 1879 quae
1450 1805 1522 1860 ante
1536 1808 1646 1861 natum
1660 1801 1762 1862 Chris-

167 1890 252 1952 riolm
265 1897 361 1953 uenio
374 1891 640 1955 sufflatihomines
651 1893 869 1956 intumescant.
878 1897 943 1956 Aut
990 1893 1060 1949 tum
1084 1892 1211 1966 exstitit,
1237 1892 1476 1970 comprehensos
1502 1890 1594 1952 misse
1613 1912 1620 1951 ε
1637 1910 1675 1953 ex
1697 1911 1760 1972 quo

167 1990 203 2042 nt
216 1983 315 2044 solem
328 2002 348 2044 a
359 1985 423 2045 Deo
436 1989 592 2060 creatum,
608 1990 639 2046 et
653 1985 828 2064 expositum
842 1985 941 2048 oculis
974 1981 1075 2041 ·idem
1085 1981 1238 2061 colligitur
1251 1983 1291 2043 de
1299 1983 1450 2044 hodierna
1462 1983 1635 2043 necessario
1651 2002 1759 2045 conse·

165 2073 323 2136 dicantes
342 2075 496 2157 professo,
517 2076 564 2136 uti
577 2076 658 2138 male
671 2076 711 2137 sit
722 2077 941 2139 contuentibus
992 2090 1101 2152 quens.

164 2167 359 2246 illnmmgris
372 2167 817 2249 luminibus,elsto,inquit⁸,
832 2171 938 2247 modo,
1033 2165 1195 2238 Tertium,
1224 2165 1349 2226 Judaeos
1377 2164 1410 2225 in
1436 2165 1534 2227 veteri
1561 2167 1760 2227 Testamento

165 2259 206 2321 de
218 2259 279 2319 illis
291 2259 424 2339 loquens
439 2260 642 2339 Augustinus,
655 2267 786 2340 possunt
799 2267 831 2322 et
844 2262 941 2323 solem
991 2257 1070 2335 legis
1086 2257 1227 2319 Moesicas
1241 2275 1280 2318 ex
1293 2258 1360 2336 ejus
1372 2258 1568 2337 praescripto,
1585 2263 1617 2319 et
1628 2259 1760 2338 imperio

165 2352 354 2431 vituperare,
376 2351 526 2430 quoniam
549 2351 676 2432 quidam
698 2359 872 2432 peccantes,
891 2353 941 2415 val
990 2354 1144 2428 parentes,
1164 2349 1223 2410 hoc
1243 2356 1289 2410 est
1313 2368 1350 2410 eo
1364 2349 1470 2425 modo,
1485 2356 1516 2411 et
1528 2350 1650 2425 affeetu,
1666 2369 1760 2429 quem

166 2443 270 2505 debita
283 2462 350 2505 non
365 2444 625 2524 reddentes,poni
638 2445 939 2525 ajudieibusjuben-
989 2439 1051 2513 lex,
1065 2445 1209 2502 auctorve
1222 2440 1299 2520 legis
1317 2443 1398 2502 Deus
1414 2447 1519 2521 aperte
1528 2442 1756 2522 praescribebat,
1868 2509 1872 2519 ¹

166 2542 217 2597 tur
230 2536 271 2597 sd
292 2536 435 2597 solem.»
454 2536 517 2596 Gur
541 2536 626 2598 enim
647 2537 750 2617 eloqui
766 2539 839 2599 talis
851 2557 940 2599 vere-
989 2532 1057 2611 ejus
1075 2534 1223 2595 mandata
1243 2539 1410 2610 servantes,
1423 2552 1460 2595 eo
1478 2534 1546 2615 ipso
1561 2553 1711 2614 peccasse,
1729 2542 1761 2598 et

164 2633 270 2711 autur,
294 2628 321 2689 si
335 2628 437 2708 legem
455 2646 493 2689 ee
504 2628 632 2709 professo
646 2629 797 2703 fovendis,
813 2635 844 2692 et
857 2631 939 2691 exei—
989 2624 1198 2686 damnationis
1209 2644 1280 2686 reos
1292 2625 1395 2687 fuisse.

164 2720 268 2781 tendis
301 2720 548 2799 cupiditatibus,
584 2739 622 2782 ac
654 2722 738 2783 vitiis
766 2722 940 2783 inserviisse
1028 2717 1319 2797 Trishaecuuperae
1333 2718 1455 2779 decreta
1472 2720 1757 2801 seetce,quai1107

163 2812 299 2874 docent?
310 2812 395 2873 Mille
418 2817 492 2873 suut
512 2812 552 2873 ad
570 2830 700 2873 manum
723 2814 940 2893 exemplorum
988 2825 1060 2868 rum
1073 2826 1112 2869 ex
1127 2808 1245 2886 placitis
1257 2814 1289 2870 et
1301 2809 1462 2889 principiis
1477 2809 1679 2883 efflorescere,
1695 2830 1758 2890 qus

162 2904 325 2972 similium,
350 2904 464 2983 quibus
489 2903 609 2964 traduci
621 2905 817 2967 Anomorum
839 2924 937 2980 error,
987 2900 1108 2961 disertis
1120 2902 1214 2979 etiam
1226 2900 1362 2973 =verbis,
1378 2920 1414 2962 ae
1437 2901 1597 2961 sententiis
1609 2902 1756 2964 affirmari

163 2995 213 3057 vel
225 2995 329 3075 irangi
346 2995 519 3076 pervicacia
533 2996 636 3074 possit.
986 2989 1020 3051 iu
1034 3008 1144 3052 eorum
1157 2992 1263 3068 libris,
1274 2998 1347 3054 ante
1361 2993 1466 3053 omnia
1480 2992 1757 3055 demonstrandum

987 3089 1058 3144 est:
1079 3084 1214 3145 maxime
1238 3103 1278 3145 ex
1300 3084 1512 3165 Apolopelieo:
1537 3086 1626 3164 eujus
1648 3092 1756 3147 auctor

986 3176 1160 3236 ‹alliditatis
1186 3176 1226 3237 ad
1252 3176 1523 3250 dissimulandum,
1552 3182 1583 3237 et
1609 3180 1754 3240 versutie

987 3266 1092 3328 minus
1105 3268 1219 3330 attulit.

410 3337 592 3420 CAPUT
638 3338 689 3422 V.
1027 3362 1064 3421 II.
1088 3362 1124 3421 ln
1138 3360 1247 3440 primis
1255 3360 1361 3439 igitur,
1372 3378 1563 3440 synagogam
1576 3360 1751 3435 iudaicam,
1780 3391 1802 3435 ς·
1823 3392 1925 3449 sm.

987 3468 1057 3529 quse
1071 3452 1182 3513 Christi
1195 3453 1358 3513 antecessit
1370 3453 1550 3529 adventum,
1566 3458 1598 3514 et
1617 3454 1754 3516 advetus
1788 3457 1914 3544 wlff„-

986 3543 1219 3605 'lestameutum
1242 3544 1402 3624 pertinuit,
1421 3544 1477 3605 Dei
1502 3545 1669 3606 Ecclesiam
1690 3565 1755 3607 non
1823 3551 1880 3648 epp

164 3642 195 3700 l.
219 3638 401 3700 Ammonem
415 3639 634 3721 monicupito
651 3639 812 3720 trimum
825 3638 935 3720 simpil—
985 3634 1091 3711 fuisse,
1120 3637 1207 3697 docet
1233 3634 1440 3717 Apolopeticus
1464 3639 1628 3715 secundus,
1657 3639 1754 3719 capita
1790 3616 1834 3649 ⁰⁰⁰
1874 3617 1916 3649 Μ’

205 3729 295 3792 latim
317 3730 501 3810 refutantem
526 3733 556 3793 2.
583 3731 732 3806 Primum,
753 3750 935 3813 spoapopem
985 3733 1071 3789 sexto
1085 3726 1158 3788 libri
1171 3727 1362 3789 secundizin
1372 3746 1434 3806 quo
1446 3728 1557 3789 nititur
1570 3728 1612 3805 id,
1627 3730 1754 3808 quedin

203 3840 264 3883 neu
276 3822 367 3902 fuisse
380 3841 480 3885 ueram
498 3822 732 3897 solecismos
743 3823 935 3885 colluvionem
986 3820 1131 3882 lemmate
1144 3821 1251 3900 capitis
1260 3819 1558 3900 prefixumlegitur,
1571 3839 1755 3900 «perperam

203 3912 363 3994 qimandam
377 3913 529 3976 dommum
542 3914 710 3977 cemmlium
723 3935 761 3977 cc
774 3934 936 3998 parleremo
986 3913 1026 3974 ab
1046 3914 1129 3974 doct.
1152 3911 1288 3973 Hsherto
1311 3930 1504 3991 synagogam
1522 3930 1595 3973 cum
1620 3913 1755 3974 Ecclesia

203 4001 403 4067 damnabilem
417 4025 425 4081 3
440 4009 471 4067 3.
487 4007 582 4087 Atque
595 4006 937 4088 locnonexeclaetem
985 4004 1134 4066 confundi
1159 4011 1191 4066 et
1229 4005 1420 4065 Testamenti
1453 4004 1565 4065 veteris
1597 4002 1752 4080 alumnos,

202 4114 273 4171 esse,
286 4094 364 4177 qmd
375 4097 452 4159 moli
464 4108 562 4173 essem,
573 4100 623 4160 sed
634 4098 714 4179 quod
725 4118 763 4160 ee
777 4099 847 4180 lepis
858 4118 939 4180 proe·
986 4098 1107 4177 quique
1116 4097 1156 4158 ad
1164 4097 1398 4157 Testamentum
1407 4094 1484 4156 illud
1492 4095 1755 4173 attinebant,cum

204 4188 315 4267 scripto
339 4189 477 4250 viverent.
508 4191 538 4250 l.
567 4189 735 4251 Secundum
760 4202 848 4271 ceput
874 4211 881 4252 :
904 4192 938 4253 in
981 4188 1084 4267 justis,
1100 4194 1130 4248 et
1153 4188 1274 4261 sanctis,
1297 4188 1352 4267 qui
1372 4188 1510 4266 ejusdem
1526 4190 1638 4251 veteris
1653 4191 1757 4252 Testa·

205 4276 340 4340 Ecclesia
366 4286 427 4340 tom
454 4288 605 4362 querente
633 4280 786 4344 Christum
808 4283 935 4356 exstitit,
985 4281 1084 4342 menti
1097 4285 1237 4360 tempore
1255 4280 1412 4354 vivebant,
1428 4285 1460 4340 et
1478 4280 1518 4341 ad
1537 4299 1654 4341 novum
1668 4299 1753 4361 spec-

204 4389 296 4450 quum
316 4389 385 4451 qclae
402 4380 502 4452 postea
527 4379 628 4434 secute
651 4381 703 4449 est,
732 4373 808 4434 solos
829 4374 941 4435 cerueri
985 4373 1104 4449 tabant,
1119 4372 1294 4452 promiscue
1307 4372 1458 4432 haberi.»

196 4460 307 4542 justos.
334 4465 364 4523 5.
391 4463 525 4524 Tertium
547 4473 643 4544 ceput,
668 4463 786 4527 ledeos
804 4484 836 4526 co
861 4467 935 4547 ipso,
1028 4463 1237 4530 Quamobrem
1249 4480 1322 4523 eum
1336 4464 1415 4522 doct.
1433 4461 1587 4523 Habertus
1601 4463 1642 4525 ita
1658 4464 1753 4545 scrip·

203 4552 285 4634 qued
305 4553 368 4634 lcpi
387 4555 631 4636 obtemperarem,
653 4556 743 4619 seclus
765 4557 874 4637 semisse,
904 4575 939 4619 ac
985 4554 1088 4629 sissel3
1116 4554 1327 4633 Augustiuum
1341 4554 1466 4631 sentire,
1482 4575 1497 4612 u
1511 4555 1637 4617 nonnisi
1658 4575 1753 4619 unam

205 4643 422 4708 dumaelmmm
436 4647 586 4709 meruisse.
984 4648 1077 4708 scrisse
1091 4664 1232 4727 unquam
1256 4647 1442 4723 Ecclesiam,
1458 4649 1754 4729 unamquereligio-

449 4812 457 4825 ·
984 4758 1076 4816 nem,
1102 4740 1226 4801 tametsi
1249 4739 1362 4819 triplex
1387 4740 1482 4800 fuerit
1505 4741 1567 4817 lex,
1591 4743 1751 4819 neutralis,

25 4852 133 4901 ιη...
205 4828 232 4888 Ι.
252 4828 353 4909 Atque
367 4836 404 4892 ut
416 4830 580 4904 ordine,ac
592 4831 643 4892 via
652 4831 819 4912 disputatio
830 4837 937 4893 nostra
984 4833 1126 4904 Massica,
1142 4837 1173 4892 et
1187 4831 1394 4911 Evangelica:
1414 4838 1480 4891 lum
1503 4833 1646 4894 eamdem
1660 4835 1755 4896 cccle-

25 4909 139 5017 ,p'ffi
161 4938 292 4982 cursum
304 4923 935 4999 suumteneat;triaconstituamAnomo·
985 4926 1077 5001 siam,
1094 4926 1127 4984 in
1145 4942 1208 5003 qua
1230 4924 1321 4984 hodie
1346 4942 1519 4999 censemur,
1541 4924 1599 4985 suh
1623 4926 1754 4987 Mosaios

161 5013 399 5076 mmdoetrinae
424 5015 543 5095 capita,
568 5017 611 5078 sic
629 5022 792 5095 tamquam
808 5016 937 5095 mystica
984 5014 1752 5096 legevixisse,eteamohservassemcsauctiticasae,

161 5105 309 5185 dogmata
331 5125 339 5167 z
358 5126 431 5187 quae
454 5124 528 5168 eum
547 5107 581 5169 in
601 5108 728 5169 illorum
751 5108 935 5188 patriarche
984 5109 1045 5169 hoc
1058 5113 1104 5168 est
1114 5112 1230 5184 sancte,
1245 5125 1281 5168 sc
1293 5106 1436 5185 religiose
1445 5107 1575 5169 coluisse
1591 5128 1598 5167 :
1614 5108 1754 5170 uadhaec

161 5196 251 5259 libris
262 5199 378 5278 partim
401 5199 518 5260 diserte
531 5200 646 5261 tradita
662 5206 754 5275 sunt;
770 5200 885 5280 partim
897 5219 936 5261 ex
986 5198 1200 5281 Apolopeticus,
1230 5198 1379 5261 verumid
1393 5199 1519 5278 quidem
1533 5200 1656 5275 fatetur,
1668 5200 1754 5279 quod

160 5288 265 5369 derb,
279 5297 420 5372 etaperte
429 5291 538 5372 positis
554 5292 725 5355 necessario
738 5298 932 5373 sequuntur;
983 5310 1023 5354 ex
1033 5290 1209 5373 Augustino
1222 5297 1382 5371 sumptum
1393 5298 1458 5372 est,
1473 5308 1569 5352 unam
1593 5291 1632 5350 ah
1650 5290 1750 5371 initio,

189 5491 200 5536 t
215 5492 268 5548 cap.
280 5492 398 5538 rurs-4
410 5491 470 5548 lug.
481 5494 550 5538 nido
560 5493 692 5541 eleison.
