3994 6164
359 312 421 373 284
862 309 1186 372 runninfflcolsull
1208 309 1426 373 DOGMATUM

361 477 523 557 distinguit
532 478 615 540 idem
629 477 808 557 Fulgentius
816 483 1008 559 acceptiones
1021 475 1082 537 alio
1095 476 1129 536 in
1177 479 1221 536 ita
1239 497 1255 533 a
1268 476 1351 537 solua
1373 475 1467 536 Filius
1490 475 1666 535 incarnatus
1680 472 1729 548 sit,
1745 475 1780 531 ιιι
1790 472 1905 533 inmme-

361 568 472 645 iibro¹,
492 571 546 631 uhi
560 576 591 631 ιι
603 589 623 631 ι
635 588 775 650 persone
797 569 983 651 proprietate
1003 586 1128 629 reusam
1175 568 1294 629 tionem
1308 568 1378 630 Filii
1392 569 1492 641 Pater,
1505 573 1536 627 et
1549 565 1654 640 Filius,
1663 571 1694 627 ιι
1707 563 1829 644 Spiritus
1838 582 1906 624 sane-

360 663 473 740 repetit
486 669 653 743 assumpta
667 663 706 724 ah
720 663 786 724 solo
806 661 908 723 Verbo
926 667 1046 723 ιιιιιιιιι
1069 661 1125 722 ho·
1175 666 1227 721 tus
1240 663 1360 741 operati
1373 661 1475 723 sint.»
1494 660 1574 721 Vide
1584 658 1687 719 'etiam
1705 674 1835 717 sermone
1847 672 1907 717 nnn

361 754 464 815 minis.
1178 752 1214 814 de
1234 752 1330 814 Verbis
1343 752 1465 814 Domini
1478 751 1649 814 seeundum
1663 750 1809 810 ioannem
1821 746 1908 827 ⁸,e1‘ns

402 847 439 908 V.
462 871 476 900 ι
490 848 649 926 Propriam
664 865 737 927 ergo
753 846 893 908 Christus
901 846 1125 925 habet,inquit,
1177 845 1248 906 dem
1274 846 1452 924 Augustini,
1474 851 1505 905 et
1529 843 1690 905 Philonem
1700 839 1875 920 Carpathium
1885 840 1908 900 ia

361 943 392 999 et
402 939 631 1001 humanitatem
644 958 743 1008 suam,
753 958 825 1000 oum
833 939 977 1000 divinitas
990 939 1128 1018 ejusnon
1179 935 1302 999 Cantica
1312 936 1334 998 ⁸.

360 1049 457 1091 unam
478 1037 633 1108 naturam,
658 1033 822 1093 sedunam
843 1031 1000 1092 invenitur
1013 1030 1127 1091 habere
1217 1029 1268 1090 Vl.
1285 1030 1450 1110 liionysius
1463 1029 1497 1090 in
1508 1029 1606 1108 eapite
1624 1027 1757 1089 seeundo
1773 1023 1805 1087 de
1819 1022 1909 1086 Dinnis

360 1141 537 1201 personam.
558 1125 632 1198 Qus
648 1143 779 1204 persona
799 1123 953 1202 unigeniti
969 1123 1035 1197 Dei,
1057 1141 1127 1201 qum
1176 1122 1355 1198 amatarius,
1367 1122 1497 1200 pulchre
1511 1126 1612 1182 totum
1626 1119 1686 1181 hoe
1698 1117 1871 1198 mysterium,
1884 1134 1910 1176 ιι

359 1232 462 1293 neque
478 1215 575 1276 Patris
588 1226 644 1292 ast,
666 1234 768 1296 neque
783 1216 913 1295 Spiritus
935 1217 1043 1290 saneti,
1058 1215 1127 1275 ideo
1176 1213 1280 1275 verhis
1287 1214 1446 1293 exquisitis
1453 1213 1561 1293 aperit,
1567 1230 1637 1292 quse
1645 1207 1911 1290 diligenterexpendi

359 1304 461 1367 ferma
473 1308 590 1368 servilis
604 1327 622 1368 a
636 1307 701 1368 solo
710 1308 920 1386 Fiiioaeeepia
934 1313 1016 1367 reete
1030 1307 1130 1367 aredi·
1173 1307 1264 1385 jubet
1291 1306 1443 1368 Maximus
1470 1307 1633 1384 Interpres.
1662 1305 1736 1364 Nam
1762 1318 1827 1362 enm
1840 1300 1910 1360 deiis

360 1402 423 1473 tur,
437 1398 510 1477 quia
522 1400 690 1461 divinitatis
704 1399 806 1478 ejnset
818 1399 987 1459 earnisuna
997 1417 1128 1479 persona
1180 1404 1294 1477 ageret,
1309 1417 1379 1478 que
1393 1401 1456 1460 Deo
1470 1399 1512 1458 ita
1526 1398 1718 1472 tribuuntur,
1729 1401 1764 1456 ιιι
1776 1393 1872 1474 partin
1881 1392 1909 1453 de

361 1496 417 1561 est,
434 1508 499 1550 non
513 1498 635 1552 natura.
656 1493 694 1551 ln
710 1492 832 1552 Christo
850 1491 935 1552 enim
953 1509 1018 1551 non
1033 1491 1128 1552 altera
1177 1491 1316 1571 personis
1328 1492 1428 1551 tribus
1442 1492 1650 1552 communiter
1664 1489 1809 1562 dieantur,
1823 1484 1910 1566 paru'm

360 1580 531 1642 divinitatis
545 1587 601 1656 est,
618 1583 757 1644 etaltera
770 1583 982 1659 humanitatis
998 1583 1129 1644 seduna
1178 1583 1420 1662 uniuscujusque
1448 1583 1574 1663 propria
1593 1582 1666 1657 sint,
1682 1597 1775 1660 quam
1789 1575 1910 1639 rotatilis

360 1677 406 1733 est
419 1678 539 1734 naturae
552 1674 712 1754 utriusque
726 1692 867 1753 persona.
893 1675 1041 1749 eroeirea
1055 1676 1129 1754 quia
1178 1675 1302 1747 unitam,
1325 1682 1353 1735 et
1375 1674 1544 1735 distinctam
1558 1673 1733 1754 theologiam
1746 1682 1759 1709 ⁶
1777 1692 1783 1730 :
1801 1672 1910 1743 interm

359 1763 571 1843 inseparabilis
582 1772 628 1828 est
641 1768 779 1847 operatio
797 1767 966 1839 Trinitatis,
982 1768 1126 1828 servilem
1179 1785 1250 1846 quae
1265 1767 1406 1829 distinete
1419 1768 1612 1828 affirmantur
1630 1784 1666 1826 ae
1685 1764 1812 1846 proprie,
1826 1779 1910 1823 nume

359 1854 504 1931 formam,
521 1877 615 1937 quam
629 1861 806 1938 unigenitus
822 1862 901 1921 Deus
922 1861 1048 1937 aceepit,
1064 1866 1128 1921 tota
1177 1864 1227 1920 rat
1243 1881 1258 1915 a
1270 1858 1399 1919 bonitati
1414 1865 1656 1920 consentaneam
1677 1858 1808 1918 divinam
1826 1855 1852 1916 in
1870 1871 1911 1913 nos

360 1949 496 2011 Trinitas
509 1951 581 2013 ierit
598 1973 604 2012 :
620 1970 714 2032 quam
728 1960 834 2013 tamen
847 1959 966 2014 eertum
975 1960 1020 2013 est
1034 1972 1052 2013 a
1065 1958 1130 2014 tota
1178 1951 1416 2029 operationem:
1443 1969 1504 2030 qua
1526 1951 1699 2011 seeundum
1719 1966 1774 2009 nos
1794 1965 1828 2008 ex
1846 1946 1911 2006 nobis

360 2040 510 2103 Trinitate
533 2043 656 2118 ιιιιιιιι,
672 2045 725 2105 sed
740 2046 779 2105 ad
793 2045 890 2105 solam
908 2045 975 2104 Filii
990 2045 1045 2106 Dei
1058 2063 1129 2125 per-
1179 2043 1310 2122 integre,
1326 2063 1361 2104 ae
1374 2062 1446 2105 vere
1460 2043 1702 2104 substantiatum
1719 2047 1763 2102 est
1774 2037 1911 2116 supersuit-

360 2133 460 2193 tinere
474 2153 649 2213 personam.
666 2137 772 2216 Neque
788 2138 874 2197 enim
892 2138 972 2198 siout
988 2143 1034 2197 est
1047 2138 1130 2198 inea
1179 2135 1324 2197 stantiaie
1351 2136 1506 2211 Verbnm;
1529 2154 1565 2195 ae
1588 2135 1673 2209 feeit,
1693 2141 1724 2194 et
1747 2148 1856 2214 mnam
1870 2135 1910 2203 ιι

359 2224 454 2284 totius
468 2228 627 2288 Trinitatis
641 2248 705 2289 una
719 2229 868 2308 operatio,
882 2229 926 2289 sie
935 2229 968 2289 in
982 2247 1019 2288 en
1031 2230 1131 2290 Trini-
1180 2246 1385 2308 quarumque
1418 2232 1491 2289 sunt
1524 2227 1658 2299 eximie,
1701 2231 1732 2287 et
1767 2222 1912 2286 excelientia
1964 2302 1965 2305 Ἴ

360 2316 431 2375 tatis
454 2316 612 2379 invenitur
630 2322 804 2381 eommunis
830 2322 978 2400 acceptio.
1008 2322 1130 2383 Etenim
1179 2319 1326 2380 humanae
1340 2322 1373 2382 in
1387 2321 1454 2400 ipso
1461 2320 1514 2380 Dei
1529 2318 1842 2400 operationisiiarum
1849 2314 1912 2375 enin

359 2408 530 2488 proprietas
551 2412 732 2491 personalia,
761 2414 924 2492 quianon
947 2415 1013 2493 ipse
1040 2415 1131 2477 Pater
1181 2430 1283 2490 neque
1307 2413 1410 2488 Pater,
1436 2430 1537 2490 neque
1568 2411 1703 2491 Spiritus
1728 2415 1841 2471 sanetus
1866 2406 1912 2465 ulia

360 2504 416 2573 est,
433 2500 488 2578 qui
502 2501 607 2579 Filius,
630 2523 688 2565 neo
709 2505 840 2584 Spiritus
866 2511 989 2566 sanetus
1009 2513 1054 2567 est
1076 2511 1132 2567 aut
1179 2505 1299 2564 ratione
1315 2504 1466 2583 particeps
1479 2503 1913 2583 iuitzpraeterquamoongmen

359 2590 425 2669 ipse
459 2592 559 2666 Pater,
595 2603 647 2655 aut
680 2596 785 2671 Filius,
821 2597 954 2657 ostendit
974 2599 1131 2676 aliquida
1180 2597 1220 2657 tis
1232 2599 1306 2669 Dea,
1321 2617 1357 2658 aa
1369 2596 1513 2675 benignae
1527 2596 1708 2669 voluntatis,
1724 2602 1755 2656 ιι
1766 2595 1849 2657 totius
1859 2591 1913 2652 emi·

362 2681 463 2752 Patre,
493 2692 524 2746 et
550 2686 637 2763 Filio,
668 2693 699 2748 et
724 2689 842 2767 Spiritu
867 2694 972 2749 saneta
999 2690 1126 2769 laetum,
1179 2693 1293 2763 nentis,
1316 2695 1347 2749 et
1366 2687 1587 2768 inexplicabilis
1615 2689 1731 2749 divina
1751 2681 1913 2767 operationis,
1965 2688 1966 2745 i

362 2775 446 2852 qnod
463 2783 568 2838 tamen
590 2797 609 2839 a
633 2779 697 2840 solo
718 2779 796 2841 Filio
822 2779 1000 2842 inveniatur
1022 2801 1130 2862 aaeep·
1180 2797 1275 2858 quam
1288 2780 1490 2844 immutabilis
1511 2780 1574 2857 iile,
1600 2781 1704 2840 nostri
1723 2779 1814 2839 laetus
1830 2774 1914 2836 similis

363 2874 470 2928 tum.»
1180 2874 1584 2953 egitquatenusiieusest,
1606 2866 1911 2952 adquesierunt.»

403 2960 503 3040 Hujus
511 2963 689 3043 exemplum
696 2966 1129 3047 utrumqueponitejusmodi,
1222 2963 1370 3025 Personas
1396 2981 1465 3024 eoae
1493 2965 1571 3024 duas
1585 2964 1724 3038 Patrem,
1748 2969 1778 3024 et
1795 2961 1915 3040 Spiritum

363 3053 453 3130 quale
468 3055 561 3133 paulo
581 3061 653 3116 ante
677 3056 738 3117 elio
759 3074 797 3117 ex
815 3057 1045 3136 ejusdemliisro
1059 3061 1131 3121 des-
1180 3061 1332 3132 sanetum,
1347 3061 1441 3135 negat
1461 3056 1624 3136 participes
1653 3055 1744 3116 iniisse
1762 3054 1860 3115 divine
1877 3066 1915 3108 se·
1966 3074 1967 3121 ι

363 3145 537 3223 cripsimus,
558 3148 683 3225 quando
708 3148 842 3209 eomedit
874 3148 969 3210 homo
981 3171 989 3226 ;
1015 3158 1046 3212 et
1070 3154 1131 3213 oin
1181 3149 1318 3209 eundum
1341 3147 1502 3208 hominem
1524 3147 1725 3226 operationis,
1751 3163 1836 3226 mam
1849 3146 1916 3202 rorat
1966 3150 1967 3153 ’

363 3235 619 3316 ipsaaeeeptione
633 3239 785 3315 eibornm,
801 3241 1021 3319 qunsolaeara
1034 3246 1132 3323 pasoi-
1181 3247 1331 3323 ἀνθρωπικὴν
1346 3248 1470 3320 ιεουργιαν
1484 3239 1517 3299 in
1540 3239 1665 3299 Christo
1691 3240 1775 3299 :nisi
1794 3241 1916 3317 ιιιιιιιιιιιιε

361 3333 426 3401 tur,
442 3329 546 3390 anima
563 3349 634 3391 eum
655 3349 747 3393 earne
762 3332 878 3411 pariter
898 3340 1054 3413 operatur,
1071 3344 1129 3398 eto.
1181 3332 1340 3399 communi
1366 3333 1425 3391 hoe
1450 3330 1609 3392 voluntate
1636 3331 1832 3392 decreverunt
1845 3325 1914 3387 lieri:

365 3421 547 3482 Communis
564 3423 672 3502 utique
697 3430 743 3485 est
768 3426 916 3504 operatio,
936 3428 989 3487 sed
1008 3447 1073 3490 non
1087 3434 1133 3490 est
1180 3430 1250 3486 tum
1267 3442 1341 3485 vera
1355 3424 1511 3484 aelianum
1537 3423 1678 3499 illarum,
1697 3440 1765 3503 que
1781 3437 1862 3500 supra
1872 3433 1915 3478 m·

364 3513 537 3573 eommunis
564 3516 711 3595 aoeeptio.
735 3537 750 3574 r
784 3516 862 3577 Vide
894 3519 1037 3579 eumdem
1059 3521 1131 3581 Ful·
1180 3523 1260 3578 turre
1278 3521 1403 3596 raptum
1424 3515 1628 3591 mortalisne
1657 3515 1712 3576 Dei
1732 3513 1852 3595 propria
1870 3509 1917 3569 lue

364 3604 504 3681 gentium
520 3605 553 3665 in
562 3606 641 3667 libro
657 3612 762 3669 eontra
780 3608 947 3670 Semnoaem
958 3610 1128 3687 Fastidiose,
1180 3616 1265 3683 runt,
1280 3608 1453 3688 eujusmodi
1479 3610 1569 3669 erant
1591 3615 1746 3688 ιιισημεῖαι,
1770 3605 1859 3667 idest
1876 3599 1917 3659 mi·

364 3694 462 3775 eapite
475 3713 515 3757 ιι.
535 3698 682 3760 Eemdem
701 3700 905 3779 questionem
927 3702 967 3762 ab
985 3704 1130 3766 Nebridio
1180 3700 1294 3763 rorata.

363 3787 422 3848 sibi
432 3791 622 3869 propositam
640 3797 751 3853 ιιιιιιι
778 3794 968 3869 Augustinus
994 3796 1028 3855 in
1051 3796 1132 3876 epis-
1220 3792 1573 3866 utinamutinam
1594 3794 1807 3873 explicandum
1824 3784 1916 3861 astuti
1957 3789 1967 3833 l

341 3917 345 3927 ·
364 3880 426 3941 tola
440 3897 577 3956 ιιιιιιιιι,
592 3890 623 3945 ιι
637 3883 796 3963 ahquanta
810 3890 856 3947 est
878 3886 1037 3948 ohscurior
1050 3889 1131 3950 iliius
1180 3891 1245 3946 tam
1257 3884 1407 3960 Verbum,
1423 3902 1667 3964 qnampersoase
1681 3886 1803 3964 reliqua
1815 3880 1914 3951 aviae,
1932 3854 1967 3952 ,Ἦ

364 3975 531 4053 responsio.
1180 3996 1219 4039 ea
1232 3994 1302 4056 quas
1316 3977 1410 4037 homo
1425 3977 1565 4037 Christus
1590 3978 1715 4057 agebat,
1739 3981 1791 4037 ιιιι
1803 3969 1915 4055 patieba·
1932 3953 1967 4047 ,ii

405 4066 533 4127 Planius
545 4086 617 4129 vero
626 4069 762 4148 idipsum
773 4067 845 4131 iaoit
858 4070 892 4130 in
908 4088 1052 4134 sermone
1070 4079 1133 4135 ter-
1180 4076 1245 4145 tnr,
1260 4073 1325 4129 tam
1340 4068 1455 4143 divina,
1471 4086 1567 4147 qnam
1587 4071 1727 4131 hamana
1743 4062 1917 4130 uommrrnitu
1939 4066 1967 4149 ιι

364 4157 409 4218 tio
432 4156 467 4219 de
496 4158 652 4240 Tempore,
693 4179 729 4221 aa
758 4163 852 4222 variis
880 4163 1133 4226 similitudinibus
1183 4165 1398 4240 operarentur,
1412 4160 1689 4235 eiflaientiatenus,
1702 4157 1870 4237 stultulus
1881 4152 1916 4211 10·
1942 4172 1967 4206 ι*

365 4249 508 4324 ostendit,
539 4270 639 4313 unum
667 4252 784 4332 aliquid
811 4255 974 4335 proprium
1003 4256 1134 4336 alicujus
1183 4253 1238 4333 qui
1247 4253 1357 4325 solent,
1374 4250 1405 4311 in
1418 4270 1628 4332 peaeresausoe
1642 4253 1811 4315 efficientis.
1824 4225 1967 4313 tamti

364 4359 429 4403 esse
443 4361 543 4422 posse,
559 4344 642 4423 quod
655 4347 892 4408 communitera
906 4347 1046 4425 pluribus
1060 4366 1133 4426 aga·
1182 4347 1336 4427 ριιιιιιιιι
1357 4344 1389 4405 id
1412 4344 1506 4407 Verbi
1528 4362 1669 4424 persona
1685 4345 1786 4420 tuiase,
1805 4344 1837 4401 ut
1849 4338 1918 4415 inot-

365 4438 428 4494 tur.
446 4435 511 4508 Quo
531 4454 570 4497 ex
589 4455 732 4498 sermone
753 4438 792 4498 ed
815 4439 957 4500 eamdem
973 4440 1132 4520 explienn-
1182 4458 1252 4501 aere
1264 4440 1351 4519 quasi
1364 4436 1502 4519 sareulis
1515 4454 1620 4515 eausa,
1639 4443 1783 4499 naturam
1798 4431 1917 4529 afflueret,

363 4524 438 4585 dum
466 4529 682 4605 questionem,
712 4530 829 4609 aliquot
855 4530 949 4592 verba
976 4531 1133 4612 deseripsit
1182 4551 1217 4593 ar
1231 4532 1414 4593 terminaret
1431 4536 1641 4609 assumptam
1657 4533 1716 4591 hoo
1732 4535 1786 4603 est,
1800 4525 1919 4587 nidmu

367 4618 474 4678 Petrus
485 4621 624 4681 [tamimn
635 4622 669 4682 in
682 4622 831 4700 opusculo
852 4623 954 4702 primo
970 4623 992 4685 ².
1020 4625 1057 4684 in
1070 4642 1132 4703 quo
1183 4625 1288 4684 Patres
1314 4623 1495 4703 loquuntur,
1511 4623 1684 4704 hypostasis
1701 4626 1778 4684 esset
1798 4621 1918 4680 humus

366 4708 459 4770 etiam
471 4712 592 4791 eopiosa
611 4712 689 4773 iliud
700 4713 1134 4794 adstruit⁸,quemadmodum
1183 4720 1316 4793 naturae,
1331 4734 1370 4777 ex
1385 4732 1448 4795 quo
1467 4715 1583 4777 laetum
1596 4715 1648 4789 sit,
1664 4723 1700 4777 ut
1721 4713 1811 4776 etiam
1822 4706 1918 4777 infimis

404 4917 425 4955 a
444 4901 523 4957 Dion.
540 4902 569 4958 in
586 4903 628 4958 iit.
645 4920 704 4976 cap.
726 4921 745 4961 11
760 4904 797 4962 de
813 4908 879 4963 oia.
901 4922 978 4962 nom.
994 4907 1054 4978 ssepi
1068 4906 1133 4974 ἡνιι·
1184 4925 1251 4979 pere.
1274 4905 1369 4968 τούτοις
1382 4905 1458 4978 pipi
1477 4905 1567 4977 πατὴρ,
1586 4907 1627 4960 καὶ
1645 4906 1675 4959 τι
1690 4907 1783 4975 πνεῦμα
1791 4892 1920 4954 m’niiit‘

368 4984 451 5056 μένης,
466 4986 506 5038 καὶ
520 4986 700 5060 διακικριμένης
714 4990 849 5061 θεολογίας.
1183 4991 1341 5058 κεκοινώνηκε
1354 4988 1439 5062 λόγον·
1456 4989 1476 5043 ιι
1494 4992 1526 5062 μή
1541 5008 1589 5043 που
1606 4989 1643 5052 τις
1653 4989 1712 5060 quiq
1726 4984 1785 5040 κατὰ
1797 4980 1836 5049 τὴν
1849 4973 1920 5049 &itit

404 5067 421 5123 b
440 5068 481 5124 td.
496 5068 731 5141 Διακέκριταιδιτῆς
742 5073 924 5145 ἀγαθοπρεποις
936 5071 968 5133 εἰς
977 5072 1042 5144 ἡμᾶς
1053 5073 1136 5144 denup-
1183 5074 1274 5145 arpenn,
1290 5074 1330 5126 και
1349 5073 1518 5145 φιλάνθρωπον
1540 5072 1666 5144 βούλησιν,
1684 5070 1725 5124 και
1737 5067 1796 5122 κατὰ
1807 5055 1922 5155 ademit,

367 5152 431 5224 νίας,
446 5151 475 5204 τὸ
492 5151 546 5205 καθ’
560 5152 624 5225 ἡμᾶς
639 5152 662 5217 ἐξ
676 5156 747 5229 ἡμῶν
760 5156 858 5224 ὁλικῶς,
884 5154 926 5209 και
939 5154 1035 5224 ἀληθῶς
1049 5155 1136 5208 oteres·
1183 5155 1367 5229 ιπερκειμένην,
1385 5155 1425 5208 καὶ
1447 5154 1552 5228 ἅρῤητον
1577 5149 1711 5228 θεονργιαν,
1735 5153 1763 5220 ἣν
1783 5136 1915 5217 &timui

367 5234 438 5300 θῆναι
451 5235 494 5288 τὸν
507 5235 650 5307 {ratpodum
669 5239 753 5311 λόγον,
778 5239 819 5292 καὶ
833 5239 930 5310 δράσαι,
953 5240 994 5291 καὶ
1012 5240 1095 5293 παθεῖν
1110 5240 1136 5301 ὅς
1184 5241 1246 5313 ὑμᾶς
1259 5239 1389 5313 γεγονὼςὸ
1404 5235 1606 5309 ἂναλλοιωτος,ἧ
1621 5239 1682 5305 θεὸς,
1692 5236 1732 5291 και
1744 5236 1796 5289 Θεοῦ
1808 5232 1878 5300 λόγος·

368 5321 411 5385 τῆς
425 5317 575 5390 deiparentia
589 5320 663 5376 αιίτιιῦ
676 5324 800 5396 θιουργιας
821 5320 886 5377 ἔστιν
901 5320 1007 5396 ἔκκριτοι,
1022 5323 1063 5376 και
1075 5320 1137 5385 iiti-

397 5466 408 5505 1
423 5462 485 5520 Fata.
495 5475 552 5521 resp.
567 5464 620 5510 aad
632 5463 733 5511 Fan-i
744 5464 798 5521 cap.
811 5466 892 5514 ιι.-ι
906 5466 958 5523 Gap.
974 5466 1056 5511 rn-l
1068 5465 1121 5523 Gap.
1137 5474 1165 5511 ιιι
1177 5472 1200 5512 ιι
1212 5477 1259 5521 sea.
1274 5472 1290 5511 t.
1300 5464 1371 5511 1.-5
1385 5464 1442 5511 rati.
1456 5464 1521 5521 carp.
1531 5469 1547 5511 ι
1559 5464 1576 5509 i.
