4072 6164
352 293 413 359 titt
859 286 1184 355 annumerantibus
1204 286 1420 353 muleeat

353 475 426 521 raro
454 473 524 523 cum
548 455 600 518 illa
623 473 723 519 naxus
747 473 812 519 non
838 454 955 519 maeste
976 453 1121 533 peritius
1173 457 1230 525 set,
1258 453 1424 515 addidisset
1443 453 1551 534 utique
1578 456 1647 517 aad
1665 474 1750 519 onem
1773 465 1884 533 natm
1993 486 1994 524 ς

353 549 407 613 scd
434 568 473 615 cx
499 549 596 611 altera
619 565 821 627 consequem,
852 552 884 608 ct
909 545 1121 611 subaudienda
1171 545 1264 607 Verbi
1280 546 1514 623 incarnatam,o
1538 548 1630 609 etiam
1646 548 1763 613 eurem
1781 552 1885 619 beminis
1993 580 1994 615 1

353 640 551 719 relinquitur.
1170 636 1204 699 in
1219 639 1318 699 Deum
1333 644 1524 718 assumptam
1538 659 1551 702 .·
1563 639 1612 701 rel
1629 640 1653 701 si
1671 659 1727 720 quo
1741 641 1792 703 alie
1802 645 1885 706 rube-

394 732 504 797 Simile
531 732 679 812 quiddam
702 731 743 795 ab
767 731 894 792 Rustico
915 735 962 792 ast
979 733 1123 793 notatum
1170 735 1308 793 rumaut
1321 730 1463 807 circuitu,
1477 736 1532 794 aut
1549 733 1731 809 compendio,
1751 735 1887 799 undena
1993 770 1994 783 ι

352 825 494 898 diacono,
524 825 557 885 s'n
581 824 789 906 Disputatioae
802 830 906 887 contre
922 820 1083 904 leoperto
1099 820 1120 884 ¹.
1170 829 1292 883 naturas
1315 821 1481 900 inferioris,
1506 828 1538 886 et
1565 830 1721 904 assumpta
1742 843 1803 889 cum
1824 846 1888 890 assa

352 919 432 981 Nam
452 936 525 978 cum
551 916 689 979 haeretiei
715 916 785 990 isti,
813 916 853 978 ad
880 915 975 976 unius
1002 919 1123 977 natura
1170 920 1274 976 mente
1299 914 1456 977 declarare
1474 916 1582 977 mallet
1597 935 1605 977 ι
1620 916 1890 997 deqnepostecllae
1993 939 1994 977 z

352 1010 584 1091 approbandam
618 1010 736 1085 fidam,
769 1009 908 1087 Gregorii
941 1006 1124 1069 Nazianzeni
1169 1005 1245 1067 illud
1273 1008 1796 1087 preterierimoonsantsneumesss
1809 1012 1888 1091 cyril·

351 1102 455 1165 locum
477 1102 670 1182 objecissent,
695 1103 728 1165 ic
752 1119 814 1180 quo
833 1100 1034 1162 saecundum
1048 1099 1122 1160 sub·
1169 1096 1251 1160 liano
1278 1098 1323 1161 illi
1347 1099 1549 1180 dieto‚llagni
1567 1100 1675 1165 Lectus
1699 1102 1772 1163 istud
1791 1121 1826 1163 ex-
1842 1121 1890 1165 ear·
1993 1132 1994 1159 1

351 1195 497 1259 stantiam
511 1195 711 1274 conjunctam
725 1212 801 1267 esse,
819 1193 1029 1272 conjungique
1042 1191 1121 1252 divi·
1170 1208 1295 1253 monex
1308 1190 1344 1253 de
1358 1190 1536 1267 Nativitats,
1556 1194 1709 1256 «Verbum
1718 1194 1888 1271 mrolaetun,
1993 1214 1994 1251 1

352 1285 481 1350 nitatem
508 1286 541 1348 in
571 1288 689 1349 Christo
718 1287 825 1348 asserit
840 1305 849 1359 ;
876 1302 941 1347 non
963 1291 1068 1347 aulem
1087 1283 1123 1347 in
1169 1300 1252 1345 unrrs
1263 1291 1309 1345 est
1322 1285 1473 1347 Christus.
1488 1308 1504 1345 o
1521 1286 1577 1348 llic
1602 1287 1682 1349 enim
1707 1286 1828 1349 Verbum
1841 1295 1890 1349 tan·

351 1378 430 1459 ipso,
447 1379 578 1440 velutin
592 1378 758 1458 Propheta,
779 1381 939 1458 operatam
960 1375 1053 1439 luisse
1067 1395 1123 1456 per
1170 1393 1264 1455 quam
1272 1377 1441 1457 principale
1450 1385 1636 1441 recensetur.

351 1471 502 1551 gratiem⁰
521 1492 555 1533 :a
573 1490 612 1533 ex
626 1489 688 1551 quo
702 1469 1039 1533 iteratiocinabautun:
1067 1468 1122 1533 esi
1211 1469 1278 1531 Vll.
1293 1470 1464 1550 Utreliqua
1487 1490 1708 1552 persequamur
1724 1471 1892 1535 memorabilis
1958 1494 1961 1502 ·

351 1564 523 1628 metendum
558 1563 764 1625 substantiam
796 1565 829 1623 in
863 1562 986 1623 Christo
1020 1561 1121 1622 unitio
1170 1560 1253 1623 illiue
1288 1562 1397 1641 cyrilli
1419 1564 1591 1637 sententias,
1623 1569 1716 1626 restat
1731 1563 1891 1644 mpendande
1937 1561 1959 1593 '⁸¹

350 1654 429 1717 iacta
454 1663 510 1730 est,
538 1660 658 1717 constat
685 1655 759 1736 quia
790 1673 885 1719 unam
917 1653 1122 1716 substantiam
1169 1653 1259 1717 nobis
1272 1672 1333 1717 vox
1348 1665 1608 1737 unassespsoptsq,
1626 1657 1658 1717 in
1671 1655 1893 1736 quautihtcrsnl·
1916 1658 1953 1709 ι.

349 1748 431 1811 feeit.
447 1749 517 1810 Non
530 1749 615 1811 enim
634 1747 713 1809 dixit
726 1748 939 1809 testimoninm
960 1745 1118 1827 (Gregorii)
1170 1746 1322 1809 madverti
1339 1748 1493 1809 nonnulla
1504 1754 1643 1829 possum,
1663 1749 1713 1810 sed
1728 1747 1797 1811 illud
1810 1746 1891 1827 impii·
1913 1718 1958 1753 ω’

350 1843 521 1905 secundum
533 1842 721 1905 substantiae
736 1841 936 1920 conjunctum
954 1837 1118 1920 (Verbum)
1170 1839 1240 1912 mie,
1255 1839 1358 1901 valere
1371 1840 1454 1902 hane
1467 1841 1507 1902 ad
1518 1842 1612 1903 unius
1625 1841 1658 1903 in
1677 1840 1788 1902 Ghdsto
1802 1846 1893 1901 natum

350 1934 402 1997 sad
417 1936 588 1999 secuudum
602 1934 821 1997 substantiam:
831 1933 1120 2012 substantiautique
1170 1930 1379 2010 suspicionem
1392 1932 1614 2007 amoliendam,
1635 1934 1813 2012 duarumque
1822 1930 1893 1993 stabi·

349 2044 414 2091 una
438 2034 494 2098 est,
516 2035 548 2090 st
568 2046 633 2089 non
647 2028 727 2089 dura
748 2026 942 2101 substantiae,
962 2031 999 2087 ut
1020 2025 1120 2087 dicitis
1169 2023 1305 2086 liendam
1333 2025 1440 2088 fidem.
1472 2027 1582 2088 «llum
1602 2026 1686 2088 enim
1706 2025 1804 2087 hume
1821 2038 1894 2084 unam

348 2137 403 2182 vos
417 2138 424 2185 ι
438 2140 454 2177 a
472 2120 555 2196 huic,
570 2120 712 2200 inquam,
727 2124 913 2198 argumento
928 2117 1069 2179 Rusticus
1078 2117 1122 2179 ita
1171 2115 1339 2178 fflrinitatis
1354 2123 1498 2179 naturam
1511 2117 1606 2180 fuisse
1620 2118 1797 2180 incarnatam
1816 2113 1895 2195 (rede

348 2213 546 2292 respondet:
580 2213 686 2275 eNen
713 2211 787 2272 dicit
813 2229 897 2273 nune
923 2209 1055 2289 qualiter
1082 2210 1122 2270 ad
1170 2213 1243 2269 sunt
1265 2209 1378 2271 Gelasii
1391 2210 1483 2291 Papae
1494 2209 1516 2292 l)
1531 2211 1660 2273 remotis
1673 2206 1893 2289 ambiguitatibus,
1980 2184 1994 2303 Α

317 2309 321 2317 ’
349 2304 482 2369 invicem
499 2305 569 2365 duae
592 2310 712 2366 natiuae
736 2303 957 2365 convenerint:
974 2303 1027 2364 scd
1042 2320 1121 2382 quo·
1170 2301 1266 2362 altera
1293 2303 1362 2378 erit,
1391 2321 1463 2383 qum
1487 2304 1650 2366 incarnata
1675 2311 1728 2375 est,
1750 2302 1831 2363 ntae
1851 2315 1895 2378 que

349 2396 443 2459 modo
457 2414 520 2459 una
540 2400 572 2458 et
591 2397 656 2461 sola
679 2395 785 2458 divina
807 2402 920 2459 natura
932 2393 1122 2457 humanitati
1170 2392 1329 2455 incarnata
1353 2395 1551 2474 perhibetur;
1574 2396 1720 2477 quoniam
1738 2412 1793 2456 non
1815 2392 1896 2454 eadm
1991 2404 1992 2411 ¹

349 2489 549 2551 contemnit:
573 2490 627 2551 ssd
654 2508 719 2550 non
749 2507 766 2550 e
793 2506 942 2550 converso
970 2487 1075 2549 stiam.
1101 2507 1117 2547 e
1170 2486 1229 2549 erit
1249 2492 1360 2547 namra
1379 2487 1511 2564 deitatis,
1533 2507 1606 2568 ques
1624 2491 1770 2550 incarnata
1783 2490 1828 2560 est,
1843 2499 1896 2562 qus

350 2581 470 2661 Quippe
484 2588 519 2643 ut
532 2596 570 2643 ex
578 2582 718 2662 proxime
732 2581 981 2643 antecedentibus
991 2585 1120 2656 constat,
1170 2584 1216 2640 cat
1229 2582 1342 2640 natura
1353 2580 1465 2655 carnis,
1486 2599 1550 2660 qua
1571 2581 1730 2642 incarnata
1741 2577 1893 2649 affirmatum

349 2673 388 2734 de
407 2691 444 2734 eo
465 2688 567 2735 sermo
595 2680 673 2748 erat,
702 2673 786 2752 quod
811 2673 946 2734 haretici
962 2671 1120 2747 dicebant,
1170 2690 1271 2751 neque
1290 2672 1391 2752 seipsa
1417 2678 1530 2734 natura
1560 2673 1684 2735 deitatis
1698 2674 1838 2734 incarnata
1855 2671 1896 2739 est,

349 2765 404 2827 Dei
417 2765 528 2839 filium,
557 2784 630 2827 cum
639 2765 833 2828 humanitate
842 2764 1043 2843 conjunctum
1057 2781 1122 2825 csse
1171 2764 1223 2825 sed
1257 2777 1370 2825 natura
1404 2766 1505 2826 carnis
1540 2764 1699 2828 incarnata
1731 2761 1897 2843 cognesdtnr.

349 2857 414 2921 sola
428 2858 619 2938 operatione,
637 2863 669 2919 ct
688 2856 866 2919 efficientia.
889 2856 990 2930 Quare
1010 2856 1123 2918 modus
1172 2856 1258 2917 Sicut
1271 2857 1482 2937 nequsscipsa
1495 2864 1608 2920 natura
1629 2858 1726 2921 carnis
1746 2850 1898 2917 annates·

349 2957 415 3013 eret
429 2950 641 3030 explicandus,
656 2968 718 3029 quo
732 2947 878 3010 divinitas
891 2966 963 3009 cum
983 2949 1123 3011 humana
1170 2952 1233 3009 tate
1246 2947 1387 3010 sublimis
1403 2968 1411 3009 ι
1427 2949 1500 3028 quia
1514 2956 1544 3011 at
1557 2970 1625 3013 non
1646 2950 1765 3012 aliunde
1777 2944 1898 3015 divinitas,

350 3046 462 3103 natura
475 3043 638 3121 copulatur
652 3064 660 3116 3
675 3060 741 3102 nen
755 3048 861 3103 autem
872 3041 1006 3102 vicissim
1016 3041 1122 3120 is,quo
1171 3058 1265 3120 quam
1280 3040 1420 3103 deutero
1436 3041 1571 3120 Virginis
1580 3042 1689 3105 matris
1701 3043 1839 3103 incarnata
1849 3051 1900 3113 pm

349 3152 422 3197 eum
438 3134 774 3197 illaisteconneetitur.
787 3135 971 3213 Quanquam
985 3134 1122 3195 etunius
1171 3134 1268 3207 cessit,
1290 3139 1321 3194 et
1341 3151 1413 3194 earo
1439 3135 1564 3196 nonnisi
1587 3136 1622 3197 in
1645 3135 1750 3197 iisdem
1769 3126 1900 3192 asorbo

350 3234 380 3291 et
395 3227 533 3306 ejusdcm
559 3227 619 3289 viar
644 3227 806 3289 contraria
832 3232 905 3287 sunt
924 3227 1070 3299 maenas,
1085 3231 1122 3286 ut
1171 3230 1278 3286 sancto
1307 3224 1425 3306 Spiritu
1446 3218 1700 3307 superveniente,
1727 3233 1756 3288 et
1784 3215 1900 3283 ilduini

349 3320 427 3385 ulter
442 3338 586 3382 ascensus
600 3319 651 3396 sit,
670 3319 749 3381 alter
761 3320 942 3395 descensus;
967 3337 1025 3380 nee
1038 3318 1122 3380 idern
1171 3316 1378 3379 obumbrante
1389 3318 1514 3393 virtute,
1531 3327 1578 3381 est
1592 3317 1813 3382 unitadeitatie
1827 3314 1901 3388 Quen

350 3411 388 3475 sit
412 3412 526 3474 Thebis
547 3412 696 3488 Athenas,
715 3417 746 3473 ct
768 3411 897 3473 Athenis
917 3410 1039 3471 Thebas
1052 3410 1119 3486 itio,
1172 3408 1262 3471 motae
1275 3409 1425 3473 memorie
1440 3410 1550 3474 Gelceis'
1564 3412 1660 3493 Popoe
1671 3413 1770 3474 locum
1782 3407 1842 3469 citu
1852 3400 1902 3463 liel-

351 3503 473 3566 tametsi
496 3504 696 3565 intervallum
723 3504 806 3565 idem
832 3505 883 3574 sit,
912 3507 944 3564 et
964 3501 1119 3583 spatium
1170 3502 1294 3581 gentius
1302 3502 1337 3563 in
1348 3493 1901 3587 rapomsoneadqooaionsmseedeo

259 3650 263 3659 .
350 3604 385 3661 ut
398 3595 504 3659 scribit
516 3595 773 3670 Aristotclea¹3sic
786 3595 953 3656 divinitatis
963 3600 994 3655 et
1008 3595 1120 3656 hnma-
1172 3592 1332 3656 Ferroadi.

349 3688 455 3755 nitatis
470 3688 579 3750 cadem
593 3692 639 3749 est
652 3687 771 3764 unitio;
787 3687 840 3748 sed
850 3686 929 3747 ratio
944 3686 1074 3761 diversa,
1085 3691 1122 3748 ut
1213 3686 1264 3748 Sle
1278 3688 1451 3750 Maxentius
1470 3689 1503 3749 in
1525 3688 1632 3752 libello
1649 3696 1748 3751 contre
1766 3679 1899 3764 daphim·

349 3782 393 3843 ait
406 3782 554 3843 Rusticus
567 3779 590 3843 ⁸:
606 3780 746 3860 primum
762 3801 777 3838 u
791 3780 864 3859 quin
878 3778 1011 3839 duarum
1029 3783 1121 3840 natu·
1174 3779 1244 3840 adt
1257 3779 1282 3840 si
1305 3780 1473 3856 voluerint,
1496 3781 1600 3862 lnquit
1610 3782 1633 3861 ⁸,
1660 3783 1767 3851 diacre,
1793 3773 1902 3837 Verbum

349 3892 456 3935 rerum
471 3873 644 3937 unitionem
664 3891 730 3933 non
751 3871 851 3933 anrbae
868 3871 968 3932 lacere
987 3876 1120 3949 nature,
1170 3871 1378 3951 incarnatum,
1404 3875 1468 3936 sive
1488 3892 1586 3936 unam
1609 3882 1751 3936 naturam
1764 3869 1814 3933 nei
1830 3859 1902 3925 Verbi

349 3967 403 4031 sed
417 3966 481 4029 sela
495 3965 651 4029 divinitas.
661 3965 740 4032 Quid
757 3963 843 4026 enim
856 3970 888 4026 et
910 3966 1067 4044 cooperari
1082 3964 1122 4026 ad
1170 3963 1376 4042 incarnatam,
1404 3985 1442 4028 eo
1463 3965 1542 4047 ipso,
1562 3986 1626 4048 quo
1651 3968 1710 4029 hoc
1727 3966 1832 4027 dicunt,
1843 3957 1902 4017 duee

350 4060 525 4123 unitionem
533 4058 751 4121 valuitnatura
759 4063 950 4136 nostroquae
960 4056 1121 4119 inchristo
1171 4058 1279 4136 procul
1291 4058 1386 4119 dubio
1404 4059 1506 4120 dicere
1529 4061 1756 4122 convincuntur
1769 4055 1797 4118 in
1809 4048 1903 4114 Ghndd

349 4159 404 4221 est,
426 4170 497 4232 quea
526 4150 658 4231 sumpsit
685 4149 724 4211 ab
751 4150 818 4230 ipsa
843 4150 985 4211 eruitions
1005 4149 1120 4229 priami·
1171 4156 1307 4224 naturas,
1322 4151 1611 4232 duarumqus,non
1625 4155 1730 4229 unicis,
1746 4146 1903 4211 nominans

348 4243 462 4325 mum?
476 4265 492 4302 r>
525 4243 641 4305 Deinde
668 4242 742 4321 quia
773 4261 876 4305 enon
891 4242 1037 4314 duarum,
1067 4242 1121 4307 sed
1170 4247 1325 4315 terarum,
1339 4243 1572 4322 ejusvidelieet,
1590 4226 1904 4326 quttnennstescstll

348 4338 444 4399 unius
468 4340 588 4399 lantum
617 4333 806 4395 miraculum
830 4333 894 4414 ipsa
906 4334 1006 4395 unitio
1018 4333 1114 4401 luit.»
1171 4334 1390 4411 estVerbillci;
1402 4337 1505 4415 atejus
1515 4337 1707 4417 quoeabipso
1716 4327 1903 4411 temptat

348 4428 461 4493 divinae
492 4428 606 4491 scilicet
642 4445 712 4507 qum
740 4425 933 4502 admirabili,
954 4432 986 4487 st
1023 4426 1117 4486 inusi-
1170 4426 1201 4486 id
1216 4428 1387 4489 ostearnis.
1401 4429 1629 4509 Nonergohoc
1651 4430 1742 4490 nnius
1761 4426 1801 4488 rel
1814 4430 1905 4482 neman

348 4526 411 4582 tata
423 4521 543 4581 ratione
557 4538 630 4581 cum
648 4519 787 4580 humana
812 4518 956 4598 copulata
978 4523 1034 4590 est,
1050 4518 1118 4578 lon·
1171 4523 1227 4592 cst,
1243 4521 1327 4599 qued
1341 4520 1383 4582 sic
1402 4539 1579 4600 expressam
1590 4520 1832 4599 significationem
1845 4509 1904 4570 dut

348 4630 448 4693 geque
475 4612 515 4673 ab
541 4631 579 4674 ea
606 4613 736 4685 diversa,
762 4628 826 4691 qua
852 4628 924 4673 cum
960 4610 1121 4690 Prophetis
1170 4620 1254 4687 rum,
1277 4611 1531 4693 diversarumque
1550 4612 1711 4676 unitarum
1730 4604 1904 4672 decantasti·

347 4705 484 4784 virisque
499 4704 621 4773 sanctis,
632 4721 697 4765 non
707 4704 773 4764 sins
787 4720 897 4764 eorum
907 4700 991 4773 nisu,
1004 4708 1035 4763 ct
1048 4720 1122 4763 coo·
1169 4720 1289 4765 rarum.
1305 4704 1572 4777 Quemadmodum
1586 4723 1660 4767 cum
1678 4703 1786 4766 dieitur
1797 4699 1906 4761 henim

348 4797 507 4877 paratione
520 4795 612 4874 jungi
631 4795 760 4857 solebat.
787 4795 860 4856 Haec
872 4793 937 4856 fere
958 4792 1118 4855 Rusticus.
1170 4800 1294 4870 natura,
1312 4813 1407 4876 mam
1422 4815 1461 4858 ex
1474 4797 1606 4876 duabus,
1622 4816 1679 4859 scu
1692 4795 1789 4879 potius
1800 4792 1829 4853 in
1846 4785 1906 4847 due·

349 4889 437 4964 Quod
459 4889 485 4949 si
506 4888 669 4967 utriusque
686 4893 807 4949 naturas
828 4885 1065 4961 connexionem,
1089 4891 1120 4947 et
1168 4886 1237 4960 bus,
1249 4887 1439 4969 diversisque
1453 4889 1582 4965 natiuis,
1603 4890 1696 4952 idest
1715 4872 1906 4951 ‹umbriani-

348 4981 650 5060 coagmentationem
678 4979 811 5060 Cyrillus
831 4979 984 5059 explicare
1006 4976 1121 5039 voluis-
1169 4996 1242 5056 mae,
1257 4979 1434 5057 subsistere,
1446 4999 1539 5044 nemo
1553 4981 1676 5043 dubitat
1692 5000 1699 5042 :
1718 4977 1769 5042 ssd
1786 4963 1907 5056 quefflfld·

384 5207 405 5247 o
423 5192 550 5257 Nersae.
566 5189 635 5260 eoi
661 5186 703 5244 od
726 5187 840 5248 ermon.
861 5185 893 5241 nt
907 5206 943 5251 τις
966 5188 1000 5252 ὡς
1014 5187 1038 5242 ἐν
1054 5189 1118 5262 lips
1166 5189 1250 5245 etates
1268 5191 1386 5262 συνῆφθαι
1404 5209 1448 5256 τι,
1474 5192 1516 5245 ssi
1536 5191 1715 5260 aeaeae,
1744 5185 1780 5254 ειη
1804 5177 1906 5240 mbas

348 5276 423 5351 vairp,
448 5275 517 5346 λέγοι
534 5271 597 5328 κατὰ
620 5272 692 5346 χάριν
722 5269 887 5345 ἐνηργηκέναι,
910 5269 975 5324 ἀλλὰ
1004 5271 1036 5344 μὴ
1061 5270 1116 5327 κατ’
1165 5273 1305 5347 κρείττονος
1318 5273 1447 5351 ἆνεργιιας.

373 5464 385 5509 l
400 5462 460 5509 lom.
474 5460 502 5507 ll
510 5457 617 5511 mewa
629 5459 699 5505 delet.
712 5458 743 5504 lll
757 5458 823 5514 Pius.
835 5469 855 5504 e.
867 5458 1009 5504 mediol.
1024 5458 1125 5505 sse-t
1138 5459 1210 5508 Gelas
1221 5460 1236 5508 t.
1246 5465 1305 5510 aaut.
1314 5464 1394 5510 dett
1407 5460 1435 5510 lt
1447 5460 1554 5510 etit-t
1567 5462 1631 5509 dom.
1642 5461 1672 5507 tr
1680 5458 1834 5515 uttmr·
1845 5461 1858 5496 ²
