4072 6164
326 299 386 360 tes
827 299 1155 364 THEOIMGICORUM
1175 297 1406 363 DOGMATUM.

325 465 497 546 vituperari
511 465 638 540 debere3
656 466 877 544 quitomuma
894 484 926 527 se
944 466 1093 547 scriptum
1142 467 1256 530 bubilia
1269 468 1339 530 tria.
1355 463 1654 543 Primumest,quod
1666 459 1915 540 (traseaepistola
2030 434 2031 513 i

326 558 365 620 ad
379 557 554 630 Armenios,
570 557 776 619 Orientalibus
786 558 1024 638 approbandum
1034 558 1093 618 mi·
1142 562 1246 622 Procli
1260 559 1300 623 ed
1312 562 1451 620 Armenoc
1462 558 1542 619 nibil
1555 555 1708 636 ejusmodi
1721 552 1912 628 continebat,
2030 538 2031 617 ί

327 650 420 724 serit3
436 667 494 709 nee
517 666 582 709 non
595 649 611 709 J
615 667 746 711 oannem
761 651 990 711 Andocbenum
1003 668 1093 711 accu-
1142 654 1232 734 quale
1246 653 1280 714 in
1292 654 1392 713 tribus
1405 651 1503 712 citatis
1516 669 1535 711 a
1554 647 1713 710 Maxentio
1730 645 1916 724 fragmentis

327 742 458 802 eandum
473 761 480 802 ε
505 742 559 820 qui
586 759 658 801 cum
687 741 806 821 synodo
832 761 888 803 sua
912 742 1030 803 litteras
1053 741 1093 802 ad
1142 746 1275 824 legitur:
1290 744 1441 805 nimirum
1452 743 1511 803 hoc
1523 762 1530 803 :
1547 759 1623 802 uuus
1635 738 1672 801 de
1684 737 1830 799 Triuitote
1841 754 1916 797 eru·

327 833 485 909 Proclum,
500 839 531 895 ct
544 833 584 894 ad
596 833 815 914 imperatores,
834 835 907 896 fidei
920 852 984 895 suae
1003 840 1095 896 testea
1142 835 1263 917 rifixuc,
1288 836 1337 897 vel
1353 853 1455 916 postus
1475 839 1518 895 est
1528 853 1540 894 .·
1560 832 1615 893 sed
1632 832 1693 892 hoc
1706 828 1820 901 solum,
1835 846 1918 889 torm

326 925 559 1004 allegavit⁶.Hic
565 925 616 986 ille
626 926 712 986 locus
718 928 814 1004 estin
821 946 914 1008 quem
920 927 1091 999 Liberatus,
1143 928 1179 990 de
1192 928 1342 990 Trinitote
1355 929 1524 989 incarnatus
1536 932 1587 985 cst.
1603 924 1710 984 Testes
1725 926 1800 982 sunt
1815 919 1917 998 hujus

327 1023 359 1080 et
371 1018 536 1078 Facundus
549 1017 682 1096 digitum
698 1018 885 1081 intendunt:
902 1019 955 1079 ubi
970 1020 1094 1081 Chalce-
1143 1022 1188 1081 rei
1211 1021 1375 1099 Dionysius
1391 1020 1540 1097 Exiguus,
1563 1015 1663 1096 quiin
1676 1012 1860 1094 praefatione
1873 1011 1917 1072 nd
2030 1044 2031 1103 y

327 1110 472 1171 donensis
505 1110 660 1188 synodus,
702 1112 858 1189 probatis,
899 1111 1094 1190 laudatisque
1143 1113 1304 1192 epistolam
1323 1111 1425 1173 Procli
1444 1111 1554 1171 Latine
1570 1125 1634 1167 asc
1653 1105 1824 1177 redditam,
1840 1120 1918 1164 eum
2030 1140 2031 1175 ς

327 1202 437 1278 Procli,
446 1207 478 1262 et
486 1202 615 1262 loannis
625 1202 771 1281 epistolis,
781 1203 866 1283 quod
876 1204 909 1264 in
919 1203 979 1263 illis
991 1204 1094 1265 Procli
1143 1205 1281 1283 ejusdem
1289 1204 1459 1265 seribende
1470 1202 1634 1272 rationem,
1646 1203 1677 1259 et
1690 1201 1919 1275 argumentum
2030 1262 2031 1273 ς

328 1291 560 1366 continebatur,
578 1299 682 1354 ratum
699 1295 842 1355 habuisse
855 1295 994 1356 videtur:
1011 1296 1094 1375 quod
1143 1297 1285 1377 explicat,
1301 1296 1401 1357 nihilo
1421 1295 1492 1375 plus
1507 1293 1542 1353 in
1557 1310 1594 1353 ea
1614 1290 1724 1351 docere
1743 1287 1919 1349 instituisse

328 1384 499 1463 cujusmodi
526 1384 575 1452 sit,
603 1385 696 1465 petilo
721 1391 791 1465 post
815 1386 995 1449 viderimus.
1023 1388 1096 1448 lam
1143 1389 1232 1449 illum
1253 1387 1376 1464 asserit,
1403 1403 1499 1466 quam
1516 1406 1532 1443 ιι
1551 1383 1709 1444 Christum
1729 1379 1917 1455 Dominum,
2030 1430 2031 1433 ,

328 1494 423 1554 supra
457 1475 664 1553 monuimus¹,
696 1477 855 1556 epistolam
886 1477 995 1552 Procli,
1032 1479 1095 1541 sive
1144 1487 1174 1542 et
1188 1482 1220 1541 in
1231 1480 1382 1559 principio
1393 1479 1528 1540 Verbum
1542 1474 1626 1555 apud
1637 1476 1748 1548 Deum,
1759 1488 1864 1532 unum
1878 1471 1919 1532 de

327 1574 448 1629 tomum
471 1566 510 1628 od
534 1569 687 1645 Armenes,
710 1569 764 1648 qui
780 1571 888 1631 Graece
914 1576 960 1632 est
981 1570 1093 1648 editus,
1145 1572 1295 1633 Trinitate
1310 1589 1386 1644 esse,
1403 1576 1434 1633 et
1446 1588 1504 1650 pro
1522 1567 1621 1630 salute
1640 1571 1747 1626 nostm
1765 1562 1919 1624 eumdem
2030 1592 2031 1651 ν

327 1660 644 1722 nonnullosmutilam
655 1662 848 1723 existimare:
864 1663 947 1742 quod
961 1663 1096 1724 citantur
1144 1682 1253 1726 verum
1273 1663 1433 1726 hominem
1451 1663 1566 1724 haum
1580 1676 1680 1721 unum
1696 1656 1849 1718 mansisse
1863 1656 1919 1716 m-

327 1753 430 1814 exillo
442 1753 587 1831 quedam
609 1773 628 1814 a
647 1754 815 1829 Maxentio,
839 1747 909 1834 que
930 1756 1043 1816 absunt
1056 1756 1095 1816 ab
1143 1756 1236 1832 lium,
1251 1775 1309 1818 nee
1323 1761 1466 1838 quartam
1481 1756 1513 1815 in
1529 1752 1682 1814 'trinitate
1696 1749 1830 1811 crevisse
1843 1766 1919 1828 per·
2030 1756 2031 1805 1

326 1845 461 1924 vulgatis
481 1845 668 1906 editionibus
689 1845 779 1906 istius
804 1847 898 1907 tomi:
923 1847 987 1908 imo
1002 1847 1095 1908 etiam
1145 1866 1262 1910 sonam.
1296 1871 1308 1907 ι
1339 1850 1498 1928 Nusquam
1529 1851 1634 1907 autem
1667 1841 1919 1905 enuntiationem
2030 1834 2031 1925 ί

325 1937 365 1998 ab
392 1938 500 1998 Latina
522 1938 776 2016 interpretatione
801 1938 941 2018 Dionysii
967 1939 1093 2018 Exiguit
1144 1940 1224 2002 hane
1242 1939 1404 2002 attribuit:
1433 1938 1529 2002 Unum
1553 1936 1589 1998 dc
1614 1934 1762 1997 Trriu‘tetr
1779 1951 1917 2015 μωοωνι,
2030 1932 2031 1953 ²

326 2031 380 2110 qui
390 2030 493 2091 Procli
507 2030 668 2110 epistolam
687 2030 797 2091 Latine
808 2030 910 2091 vertit.
925 2029 1094 2109 Utrobique
1144 2032 1193 2092 vel
1214 2031 1394 2112 euersum
1411 2048 1477 2093 esse.
1501 2029 1608 2092 Differt
1625 2033 1731 2091 autem
1748 2027 1817 2088 hec
1833 2043 1918 2086 non-

326 2123 411 2185 enim
433 2123 535 2184 solum
557 2123 618 2184 hoc
638 2122 770 2201 legitur:
805 2122 938 2183 «Deum
965 2123 1095 2184 verbum
1144 2124 1224 2185 nihil
1251 2124 1458 2205 asuperiore,
1486 2141 1549 2203 qua
1570 2121 1726 2182 dicimus:
1755 2118 1860 2182 Unum
1882 2117 1919 2179 de
2030 2108 2031 2127 ¹

325 2233 425 2276 unum
452 2233 490 2276 ex
517 2215 668 2275 Trinitate
700 2213 922 2276 incarnatuml.
953 2235 969 2271 u
1002 2215 1095 2294 Apud
1147 2215 1295 2279 Triartetc
1309 2218 1497 2279 incausatum
1515 2214 1631 2295 sur'sse:
1648 2218 1685 2274 ut
1701 2212 1793 2273 initio
1808 2211 1920 2291 capitis
2030 2194 2031 2251 ί

325 2308 516 2369 Maxentium
527 2324 602 2367 vero
616 2306 676 2366 alia
690 2308 753 2366 duo
768 2306 836 2368 loca
854 2307 992 2386 ejusdem
1016 2307 1094 2368 tomi
1144 2309 1352 2371 muoedenus
1374 2308 1660 2370 animadvertimus.
1687 2305 1750 2367 Sed
1774 2310 1807 2365 ct
1826 2304 1918 2365 libe-
2030 2310 2031 2393 ξ

325 2399 479 2478 descripta
491 2397 721 2478 reperiuntur⁸,
736 2399 769 2458 in
784 2398 899 2478 quibus
920 2421 936 2457 ιι
960 2417 1043 2459 unus
1056 2400 1094 2460 de
1143 2405 1228 2461 retus
1251 2401 1398 2462 diaconus
1421 2402 1454 2461 in
1475 2399 1630 2462 Breviorii
1657 2398 1757 2478 eapite
1779 2396 1917 2473 decimo,
2030 2410 2031 2449 ὲ

324 2491 475 2553 Trinitate
485 2489 650 2551 crucifixus
660 2507 765 2566 carne,
780 2496 812 2550 et
824 2508 932 2570 passus
943 2512 956 2548 ν
969 2490 1092 2552 dicitur.
1144 2510 1245 2553 unum
1269 2493 1350 2554 istud
1373 2494 1407 2554 in
1430 2492 1558 2573 epistola
1575 2509 1632 2553 sua
1650 2488 1690 2551 ad
1705 2490 1850 2551 Ammoi
1861 2508 1919 2569 po·
2030 2488 2031 2527 Τ

325 2583 500 2658 Quinetiam
517 2584 654 2644 loannes
680 2583 834 2643 secundus
854 2583 888 2643 in
913 2582 1041 2662 epistola
1056 2580 1096 2643 od
1144 2585 1240 2645 suissc
1263 2584 1407 2646 Proclum
1430 2584 1581 2659 adstruit3
1597 2602 1687 2643 ouum
1710 2579 1748 2642 de
1766 2581 1920 2642 Trriritote
2030 2574 2031 2653 Q

326 2675 477 2738 Senatores
502 2675 649 2736 eumdem
663 2674 763 2735 Procli
782 2673 885 2735 locum
906 2693 944 2735 ex
966 2675 1095 2754 epistola
1146 2675 1362 2738 incarnatum:
1385 2694 1450 2737 non
1477 2674 1647 2737 emissurus
1670 2674 1790 2753 utique,
1821 2673 1921 2735 cruci·
2030 2700 2031 2707 ι

324 2766 364 2828 od
376 2765 573 2829 Occidcntolcc
594 2767 708 2839 citavit,
734 2783 828 2845 quem
847 2766 1020 2827 Maxentius
1046 2785 1093 2829 se·
1144 2767 1241 2844 finum
1253 2786 1428 2849 pessumque
1439 2786 1507 2841 esce,
1525 2769 1550 2828 si
1561 2767 1621 2829 hoc
1629 2769 1664 2827 in
1672 2766 1920 2847 epistolaProcli
2030 2768 2031 2777 ³

325 2861 427 2923 cundo
436 2860 505 2921 loco
519 2859 631 2940 posuit.
647 2859 781 2939 cyrillus
794 2877 918 2938 quoque
931 2858 988 2919 sub
999 2858 1095 2920 finem
1143 2860 1286 2939 legisset:
1302 2878 1374 2921 cum
1388 2878 1444 2939 per
1465 2861 1549 2921 idem
1561 2865 1686 2938 tempus
1699 2858 1834 2937 insignis
1848 2876 1919 2920 ver·
2030 2886 2031 2899 ν

325 2952 474 3035 epistolae,
499 2952 547 3013 vel
569 2956 720 3014 tractatus
746 2952 783 3011 de
812 2949 967 3034 Symbola,
992 2951 1095 3012 locum
1143 2957 1263 3013 seretur
1273 2952 1356 3013 inter
1372 2951 1545 3014 catholicos
1553 2969 1589 3012 ea
1603 2950 1871 3019 derecontentio,
1885 2957 1921 3011 ut
2030 2958 2031 3003 ί

325 3046 422 3106 alium
458 3043 558 3105 Procli
593 3043 926 3121 Constantinopolitani
960 3042 1096 3123 episcopi
1144 3043 1179 3104 in
1193 3044 1303 3104 eodem
1314 3043 1475 3106 Breviarr'o
1485 3044 1585 3123 capite
1593 3043 1738 3104 vicesimo
1751 3042 1917 3104 testatur⁸z
2030 3052 2031 3123 1

324 3138 427 3198 adhuc
440 3135 613 3216 superstitis
623 3135 730 3195 laudat
744 3153 782 3196 cx
796 3135 925 3214 epistole
937 3133 978 3196 osi
992 3134 1097 3197 Orr'en-
1145 3134 1200 3195 ubi
1214 3141 1244 3197 et
1258 3137 1370 3196 Itomae
1380 3152 1452 3197 cum
1464 3141 1555 3211 esset,
1570 3136 1588 3196 J
1591 3152 1727 3197 oannem
1734 3133 1920 3214 Pontificem
2030 3126 2031 3179 1

327 3228 409 3292 tates.
426 3229 503 3295 Qum
517 3227 625 3288 omnia
637 3227 736 3287 Procli
756 3244 887 3307 operum
901 3227 1000 3288 editor
1013 3226 1096 3306 frag-
1146 3245 1218 3288 vere
1231 3227 1310 3288 illud
1323 3227 1466 3306 usurpari
1481 3228 1651 3289 decrevisse
1662 3234 1778 3290 narrat.
2030 3264 2031 3267 =

326 3325 510 3383 mentaessc
525 3325 614 3400 putat
636 3318 731 3380 unius
749 3319 924 3399 scriptaad
947 3321 1098 3381 Armenoc
1185 3320 1224 3381 V.
1248 3318 1390 3380 Alterum
1412 3325 1633 3399 argumentum
1654 3327 1719 3397 est,
1740 3321 1828 3400 quod
1852 3327 1921 3402 post
2030 3320 2031 3393 ί

326 3413 483 3494 epistolem
507 3430 620 3492 nempe
648 3411 709 3472 tria
730 3411 800 3484 illa,
830 3429 901 3490 quar
924 3411 1097 3472 Maxentius
1146 3428 1245 3472 annos
1261 3411 1326 3472 fere
1345 3410 1582 3491 quinquaginta,
1603 3430 1699 3491 quam
1720 3410 1761 3472 od
1775 3413 1921 3475 Armenoc
2030 3406 2031 3423 ¹

327 3504 428 3579 affert,
443 3523 478 3564 ac
488 3504 674 3566 nominatim
685 3503 823 3583 epistole
836 3502 932 3563 Procli
944 3501 984 3564 ud
993 3504 1098 3564 Amne·
1148 3503 1261 3582 scripta
1273 3503 1326 3564 illa
1339 3505 1439 3565 Procli
1452 3504 1555 3565 luerat
1569 3504 1709 3583 epistola,
1722 3521 1797 3565 mm
1811 3506 1921 3566 Petrus
2030 3548 2031 3597 t

326 3615 378 3657 aaa
392 3595 700 3676 assignat;equibus
725 3595 852 3656 secrmdi
876 3600 996 3674 partem
1010 3595 1098 3656 citari
1148 3594 1235 3655 ittllo
1258 3595 1448 3670 Anfloehire,
1477 3595 1567 3674 cujus
1590 3596 1805 3675 episcopatum
1830 3598 1920 3658 inra-
2030 3600 2031 3665 j

329 3688 464 3749 diximus
482 3688 522 3748 ab
541 3689 662 3749 loanne
685 3688 783 3767 Papa,
806 3687 861 3767 qui
874 3687 1008 3749 alterum
1021 3704 1099 3766 prae·
1147 3692 1239 3763 serat,
1263 3686 1341 3747 illud
1364 3705 1421 3766 pro
1444 3687 1591 3748 concione
1614 3688 1748 3764 dixisset,
1772 3707 1869 3751 umor.
1885 3688 1921 3751 dr

327 3779 529 3841 terceloeum
542 3779 647 3853 refert,
663 3779 902 3859 sedutrumque
914 3797 953 3840 ex
971 3778 1100 3859 epistole
1152 3778 1300 3840 Trinitate
1315 3797 1434 3860 possum
1455 3798 1523 3853 erce,
1546 3781 1655 3859 ingens
1672 3779 1732 3840 hoc
1744 3781 1856 3842 audito
1867 3788 1919 3842 tu-

329 3872 369 3934 nd
385 3871 592 3934 Occidentoles.
607 3873 653 3932 lta
666 3871 804 3952 quinque
825 3871 1000 3951 fragmenta
1017 3870 1100 3932 illius
1148 3870 1265 3931 multus
1284 3875 1331 3931 cst
1349 3877 1540 3940 consecutus,
1563 3877 1595 3931 et
1613 3890 1651 3933 eo
1667 3873 1796 3934 nomine
1809 3874 1922 3934 acriter

329 3965 467 4045 epistole
480 3965 520 4025 ad
540 3966 694 4026 Armenes
708 3963 748 4025 ab
769 3964 901 4043 vulgatis
915 3964 1028 4025 Graecis
1045 3963 1102 4024 ab·
1148 3962 1188 4023 ab
1199 3963 1339 4024 Romano
1350 3963 1495 4044 pontifice
1504 3963 1603 4025 Felice
1613 3965 1705 4025 tertio
1713 3966 1923 4044 reprehensus

330 4076 407 4131 esse,
422 4074 479 4118 nec
502 4075 566 4117 non
593 4056 633 4117 ab
659 4056 770 4118 Latina
797 4056 939 4117 versione
963 4055 1102 4136 Dionysii
1149 4059 1215 4116 est:
1238 4071 1311 4116 cnm
1331 4064 1437 4116 tamen
1456 4055 1554 4117 Procli
1573 4054 1614 4117 nd
1631 4057 1771 4118 Anneuoo
1792 4057 1923 4138 epistola

330 4149 452 4228 Exigui,
465 4147 601 4210 affirmat
612 4148 660 4210 vir
672 4149 820 4227 eruditus,
830 4149 887 4227 qni
896 4148 994 4210 Procli
1007 4166 1103 4228 opera
1149 4165 1205 4228 per
1218 4147 1396 4209 universam
1411 4147 1576 4209 Ecclesiam
1594 4155 1720 4229 recepta
1736 4151 1857 4229 passim
1878 4150 1922 4211 le·
2030 4170 2031 4225 3

333 4242 466 4321 collegit.
1151 4244 1293 4318 geretur,
1319 4240 1493 4318 presertim
1514 4239 1733 4317 Alexandrini,
1755 4246 1789 4302 et
1813 4242 1922 4303 Antio·
2030 4238 2031 4307 fi

372 4336 423 4397 lv.
447 4338 511 4413 Ego
522 4354 596 4396 vero
609 4335 763 4412 integram
771 4333 863 4395 hodie
875 4331 976 4393 Procli
990 4331 1029 4392 ad
1043 4332 1101 4393 llr·
1151 4331 1252 4398 cheni,
1273 4330 1468 4411 aliorumque
1481 4331 1652 4411 praesulum
1666 4333 1868 4403 auctoritate,
1888 4351 1922 4395 ac
2030 4338 2031 4387 ἑ

332 4445 441 4489 menos
454 4428 616 4508 epistolam
625 4432 746 4488 exstare
760 4426 911 4487 arbitror:
928 4430 959 4486 ct
973 4441 1043 4503 quae
1057 4423 1102 4484 illi
1152 4422 1375 4503 subscriptione
1386 4422 1483 4484 robur
1494 4425 1624 4505 adepta3
1640 4430 1671 4488 et
1686 4425 1771 4504 quod
1789 4426 1922 4506 amplius

332 4520 437 4581 deesse
450 4521 629 4595 ereduntur,
644 4537 709 4579 non
722 4519 761 4579 ad
770 4518 855 4578 illam
866 4516 1031 4597 pertinere,
1049 4516 1102 4576 sed
1154 4521 1210 4583 est,
1232 4515 1272 4575 ab
1296 4515 1537 4578 Chalcedonensi
1555 4522 1622 4578 tota
1644 4518 1765 4598 synodo
1791 4518 1830 4579 in
1849 4517 1923 4580 rela-

333 4611 374 4671 ad
395 4612 499 4685 aliam,
524 4630 619 4691 quam
641 4612 683 4673 od
707 4608 870 4672 Orr‘eatoter
897 4607 1099 4669 elucubravit.
1153 4607 1238 4668 tione
1261 4605 1301 4666 ad
1323 4608 1513 4669 Marcianum
1538 4611 1764 4690 imperatorem
1786 4609 1920 4673 nudata.

335 4703 429 4783 Cujus
441 4721 518 4765 meae
538 4703 693 4783 opinionis
711 4702 811 4764 habeo
829 4705 1014 4781 argumenta
1026 4716 1102 4779 pro·
1154 4699 1288 4773 Quinam
1302 4717 1375 4780 ergo
1388 4701 1495 4763 Petrus
1507 4701 1560 4764 ille
1575 4703 1740 4784 cnapheus
1750 4708 1873 4765 tantam
1886 4719 1924 4763 ex
2030 4706 2031 4731 ³

372 4914 393 4953 a
411 4896 497 4954 Cone.
511 4895 604 4952 Chalc.
620 4893 714 4951 Alloo.
733 4892 823 4965 Οίμὴν
836 4891 901 4946 ἀλλὰ
914 4893 955 4946 καί
968 4894 1011 4947 τὸν
1027 4894 1102 4965 μέγαν
1153 4890 1217 4955 τδδίς
1238 4891 1414 4965 ἐνδεικνύμενος
1427 4897 1470 4962 τῆς
1495 4892 1567 4966 ἑῴας,
1593 4895 1627 4959 ὡς
1649 4893 1676 4948 br
1689 4898 1921 4969 μιᾶςγλοίττηςτῷ

336 4986 367 5056 τῇ
388 4981 448 5054 αὐτῇ
471 4998 508 5042 τις
527 4980 555 5032 ἂν
583 4978 695 5050 Πρόκλος
721 4976 848 5049 mpliciter
871 4979 960 5049 γραφῇ,
982 4975 1024 5029 τδν
1044 4976 1105 5048 πρὸς
1153 4975 1214 5048 duim
1235 4976 1351 5048 Πρόκλῳ,
1365 4977 1406 5030 καί
1419 4982 1456 5050 τῷ
1474 4982 1517 5045 τῆς
1530 4977 1673 5051 οἰκουμένης
1686 4978 1717 5034 τδι
1740 4984 1854 5055 σκῆκτμο
1871 4981 1920 5035 διί-

341 5065 482 5139 Ἀρμενίους
495 5065 571 5135 τόμον
585 5064 637 5123 τοῖς
650 5065 694 5129 τῆς
706 5058 826 5128 ἀνατολῆς
840 5058 873 5121 τίς
888 5053 1028 5132 συμφωνίας
1041 5058 1103 5113 ἀτό-
1152 5077 1223 5113 ποντι
1236 5058 1280 5126 τὴν
1295 5059 1431 5131 ὁμολογίαν
1446 5058 1571 5135 ἐξέπεμψε.

337 5148 407 5210 δειξιν
431 5145 618 5218 διαπέμψαντα,
643 5143 786 5210 κοινωνήσει
807 5143 833 5197 tl
859 5147 903 5210 τῆς
923 5140 1011 5205 αἰτίας,
1036 5139 1104 5195 mit
1188 5141 1320 5197 anoct.
1335 5140 1377 5198 ad
1393 5146 1475 5198 Arm.
1498 5144 1753 5201 comitarier.
1779 5144 1920 5219 Ἀλλ’ὁμα·

337 5231 411 5303 σοφδς
429 5234 472 5298 τῆς
489 5228 635 5302 ’λντιοχίων
660 5225 788 5294 Ἰωάννης,
810 5226 838 5287 δς
849 5230 898 5280 τῶν
913 5224 1040 5296 tripertitis
1060 5222 1112 5290 τὰς
1151 5224 1282 5296 λογοΰντις
1304 5224 1345 5280 τδν
1366 5225 1420 5280 θεὸν
1443 5226 1518 5300 λόγον
1541 5227 1584 5283 τίν
1603 5228 1646 5282 ἕνα
1658 5232 1703 5297 τῆς
1715 5231 1814 5302 τριάδος
1835 5248 1920 5302 neap

337 5313 461 5386 λοιδορίας
475 5309 707 5383 ἀποσειόμενος,καί
717 5312 760 5376 τῆς
776 5307 951 5376 ’λιιοοτολικῆς
960 5309 1062 5379 διδαχῆς
1074 5307 1104 5362 τδ
1151 5307 1254 5361 κώαθαι.

367 5464 429 5521 itt
442 5475 491 5519 cap.
505 5459 687 5509 enlm-illex.
699 5461 724 5505 tu
735 5460 795 5513 Prot.
811 5473 827 5505 ι.
842 5460 1024 5506 1veur.ur.-
1037 5462 1050 5502 t
1062 5458 1117 5503 'ilie
1126 5469 1176 5514 que
1189 5458 1225 5504 itt.
1241 5459 1257 5511 l,
1271 5472 1292 5506 c.
1305 5472 1368 5514 ιιιιι,
1381 5473 1458 5521 ματος.
1471 5461 1590 5521 tacdpdt.
