4036 6162
526 305 577 370 aa
598 304 901 384 amanuncus,
922 307 999 384 aaa,
1021 306 1061 381 11,
1083 305 1168 369 cle.
1191 309 1230 368 v.
1612 310 1672 373 aaa

95 465 178 528 rinos
203 484 313 530 omnes
344 467 548 551 proprietates
578 471 612 533 in
643 471 857 534 incarnatione
906 470 1073 550 majestatis
1100 470 1246 548 occuluit,
1273 477 1305 533 et
1328 471 1541 535 infirmitatem
1559 480 1672 536 nostra

95 559 311 623 incredibiliter
323 561 461 623 eminere
482 562 537 629 ait,
562 582 598 624 ac
622 564 854 642 splendescere:
906 561 1091 623 humilitatis
1110 562 1248 642 objecit:
1282 565 1453 645 meritoque
1467 565 1609 627 omnium
1621 567 1673 629 ille

95 653 259 730 prasertim
281 653 464 731 bonitatem,
485 655 649 732 justitiam,
673 656 855 736 potentiam.
907 655 1101 734 captivorum
1109 655 1213 715 amisit
1225 656 1416 731 servitutem,
1431 657 1509 717 dum
1526 657 1674 719 nihilsibi

99 744 295 824 «Tanquam
321 745 441 821 bonus,
468 746 587 826 inquit,
615 747 858 808 misericordiam
906 745 1046 807 debentis
1056 747 1251 825 persequitur
1269 745 1498 809 libertatem.»
1523 749 1675 810 Eusebius

95 834 309 916 capitejnsqai
322 838 472 899 ceciderat
486 857 493 897 z
509 843 541 899 et
551 844 702 918 tanquam
723 839 856 919 sapiens,
906 837 970 913 ille,
986 838 1041 917 qui
1058 838 1237 899 Emissenus
1249 856 1413 919 perperam
1434 840 1624 915 nominatur,
1640 841 1675 903 in

95 944 155 987 non
164 927 287 1007 ignorat
299 930 466 992 revocandi
476 931 616 992 modum.
634 932 729 991 Porro
738 930 858 1010 sapien·
906 927 1035 990 bomilia
1053 935 1138 991 sexta
1151 928 1186 990 de
1206 929 1351 992 Poacdatc
1364 949 1488 993 causam
1502 931 1672 1011 explicans,

98 1018 143 1079 tia
155 1021 319 1100 proprium
332 1026 379 1083 est
387 1022 463 1101 justi
476 1021 642 1101 judicium.
659 1023 757 1083 Nemo
772 1022 857 1084 enim
906 1038 961 1081 cur
974 1039 1039 1082 non
1050 1021 1131 1083 Deus
1142 1022 1292 1100 potentia,
1307 1027 1339 1082 et
1350 1023 1464 1084 virtute
1480 1042 1537 1085 sua
1559 1027 1673 1103 potius,

61 1136 68 1147 ·
95 1110 272 1191 insipientiae
305 1131 413 1175 veram
436 1112 589 1192 justitiam
622 1114 808 1176 adscribatss.
837 1134 853 1171 o
907 1130 1002 1191 quam
1025 1113 1201 1175 humilitate
1223 1114 1379 1175 mnndum
1401 1116 1577 1191 redemerit,
1605 1135 1675 1178 eam

95 1202 158 1263 llos
188 1206 455 1283 quemadmodum
484 1205 621 1285 justitia,
648 1210 680 1267 et
707 1204 858 1285 sapientia
906 1205 1073 1284 exjustitia
1092 1206 1290 1286 potissimum
1306 1208 1439 1286 repetit;
1465 1229 1480 1266 ιι
1494 1207 1677 1270 Peoeaverat

96 1311 159 1355 snas
178 1302 284 1375 partes
300 1296 446 1370 obierint,
463 1296 615 1378 explicare
635 1297 746 1377 pergit.
762 1297 859 1357 Nimi·
906 1297 991 1358 enim
1004 1296 1123 1377 primus
1135 1298 1230 1358 homo
1243 1289 1301 1360 su'o
1312 1298 1399 1369 vitio,
1415 1305 1446 1360 et
1458 1299 1676 1361 inobedientiae

96 1403 158 1447 rum
172 1387 254 1467 quod
269 1406 340 1449 eam
360 1388 513 1449 rationem
527 1388 674 1464 tenuerit,
685 1394 721 1449 ut
734 1406 799 1449 non
810 1392 857 1468 ty·
906 1386 1004 1467 lapsu,
1018 1394 1050 1450 et
1062 1392 1196 1469 propria
1210 1390 1378 1452 voluntatis
1391 1390 1527 1471 impulsu
1544 1413 1551 1451 ι
1567 1392 1675 1454 seduc-

96 1478 221 1556 rannice,
236 1498 274 1541 ac
285 1499 343 1561 pro
357 1486 506 1560 potestate
523 1499 589 1548 sua,
606 1480 732 1560 solaque
751 1486 857 1541 aueto-
905 1485 957 1542 tus
970 1500 989 1541 a
1002 1481 1138 1558 diabolo,
1147 1501 1213 1544 non
1224 1489 1361 1559 coactus,
1376 1489 1434 1545 etc.
1451 1483 1591 1545 Gonditio
1601 1503 1676 1563 ergo

96 1569 261 1646 atrianos
280 1572 413 1651 imperio
427 1571 538 1651 acjuri
552 1572 740 1634 dominantis
757 1574 857 1651 eripe·
906 1571 1056 1650 bumana,
1076 1591 1146 1652 quae
1168 1592 1223 1654 per
1247 1580 1406 1655 peccatum
1431 1576 1523 1652 primi
1541 1576 1677 1637 hominis

96 1667 153 1721 ret:
165 1680 200 1723 ac
208 1663 304 1742 jastae
319 1663 516 1739 defensionis,
536 1671 566 1725 et
580 1664 711 1742 querela
723 1664 859 1724 occasio·
907 1663 1070 1725 tenebatur
1081 1665 1299 1742 obnoxia,non
1313 1667 1444 1745 imperio
1452 1671 1516 1727 erat
1528 1668 1674 1742 eruenda,

96 1770 160 1813 nem
178 1753 318 1834 aliquam
344 1754 374 1816 ei
400 1755 604 1835 relinqueret3
624 1755 678 1834 qui
701 1755 858 1833 voluptate
906 1755 959 1816 sed
972 1756 1082 1836 pretio.
1107 1756 1211 1817 Potuit
1231 1762 1335 1818 autem
1360 1758 1453 1818 Filius
1475 1758 1530 1819 Dei
1556 1759 1677 1820 hostem

97 1842 221 1906 illectum
232 1844 396 1906 bominem
415 1846 448 1905 in
472 1846 651 1907 servitutem
666 1863 758 1921 suam
772 1848 858 1908 rede
906 1845 1037 1908 humani
1047 1847 1170 1926 generis
1179 1854 1210 1908 et
1224 1849 1257 1908 in
1271 1849 1354 1910 coelis
1370 1849 1500 1929 positus,
1516 1856 1596 1911 nutu
1610 1852 1676 1931 ipso

97 1942 183 2012 gerat.
224 1937 497 2011 Quemadmodum
539 1939 564 1999 si
599 1939 668 2019 quis
702 1937 858 2018 ingenuus
907 1939 1151 2000 suadivinitatis
1170 1939 1296 2002 elidere.
1323 1940 1385 2000 Sed
1407 1958 1447 2001 ne
1466 1941 1542 2018 quid
1555 1942 1627 2018 tale,
1642 1949 1678 2002 ut

97 2035 194 2106 sponte
207 2049 240 2091 se
253 2030 344 2091 alteri
357 2030 530 2092 vendiderit
538 2029 574 2091 tit
588 2032 654 2110 ejus
666 2048 783 2099 servus,
801 2050 859 2093 neo
907 2031 1049 2110 superius
1061 2031 1208 2107 diximus,
1233 2031 1374 2093 diabolus
1392 2031 1543 2110 conqueri
1563 2041 1676 2112 posset,

97 2119 265 2200 riseipaum
279 2121 362 2183 illius
380 2123 524 2203 potestati
541 2123 732 2196 subtrahere,
749 2129 803 2184 aut
818 2123 857 2184 ab
907 2122 1021 2201 placuit
1038 2124 1100 2184 Deo
1122 2123 1295 2184 secundum
1313 2123 1468 2203 justitiam
1494 2141 1593 2199 suam,
1620 2144 1678 2204 pro

97 2210 153 2272 alio
165 2213 255 2275 eximi
267 2218 369 2293 potest
384 2233 391 2274 :
408 2214 460 2275 sed
481 2214 619 2294 sipretio
638 2215 792 2276 redimere
814 2215 859 2294 ip
907 2213 1045 2275 humano
1065 2233 1179 2294 genere
1200 2214 1312 2276 offerre
1331 2215 1491 2276 hominem
1505 2233 1632 2294 purum,
1647 2224 1679 2278 et

97 2321 165 2363 snm
177 2305 280 2385 aliquis
293 2305 379 2381 velit,
395 2305 482 2366 nulla
503 2306 572 2385 lege
592 2306 784 2386 prohibetur.
808 2307 859 2368 Sic
907 2306 1184 2366 immaculatum.»

98 2412 169 2473 ergo
181 2403 338 2476 postquam
350 2397 432 2458 ultro
439 2397 643 2460 nosservituti
657 2397 859 2459 crudelissimi
950 2397 1001 2458 Sic
1014 2397 1205 2476 Augustinus
1219 2398 1252 2458 iu
1260 2396 1341 2458 libro
1356 2398 1424 2459 Xlll
1451 2397 1486 2459 de
1513 2397 1673 2475 Trim'tcte,

98 2485 187 2549 bostis
198 2489 383 2565 addiximus,
398 2490 485 2550 venit
505 2489 560 2551 Dei
575 2490 682 2568 Filius,
698 2490 763 2551 sola
785 2490 860 2551 duc·
908 2489 1139 2551 ubideratione
1158 2489 1210 2549 illa
1221 2490 1403 2550 restituendi
1420 2508 1476 2570 per
1492 2491 1680 2551 lnoamatio·

98 2584 143 2638 tus
161 2579 308 2658 bonitate,
331 2600 368 2642 ae
391 2581 603 2643 misericordia
619 2601 626 2642 :
643 2587 675 2642 et
687 2600 745 2661 pro
769 2581 861 2643 nobis
907 2597 981 2641 nem
988 2580 1125 2641 hominis
1136 2580 1292 2642 uberrime
1307 2580 1454 2660 disputat,
1470 2600 1680 2661 eamqueoon-

99 2671 222 2748 pretirrm
243 2672 398 2751 ejusmodi
424 2672 587 2753 persolvit,
614 2674 697 2754 quod
723 2673 860 2734 nefarius
909 2677 1071 2750 gruentem
1095 2690 1160 2751 pra
1182 2672 1313 2746 caeteris,
1333 2679 1364 2733 et
1380 2673 1571 2752 aptissimam
1587 2673 1680 2734 faisse

98 2760 272 2842 illeemptor
285 2783 383 2845 quam
404 2765 539 2826 maxime
561 2770 693 2845 optaret.
714 2764 774 2838 Qui
787 2782 860 2825 eum
909 2763 1109 2832 demonstrat,
1149 2764 1320 2837 «Quadam
1340 2761 1409 2823 aitl
1426 2764 1550 2842 justitia
1572 2765 1629 2824 Dei
1645 2764 1680 2825 in

99 2856 338 2933 superbissimus,
363 2862 395 2918 et
428 2857 610 2918 dominandi
642 2856 859 2938 cupidissimus
909 2861 1093 2934 potestatem
1102 2854 1216 2916 diaboli
1229 2855 1681 2933 traditumessegenushuma-

99 2955 166 3008 acet
187 2949 334 3010 eumsibi
347 2948 498 3028 subjicere
517 2949 713 3029 potissimum
732 2953 860 3028 cuperet
909 2965 1020 3020 num,
1057 2952 1180 3027 peccato
1215 2946 1309 3024 primi
1342 2946 1479 3007 hominis
1513 2947 1546 3005 in
1573 2964 1682 3008 omnes

100 3057 182 3118 quem
207 3041 362 3117 omnium,
378 3042 431 3121 qui
446 3059 586 3121 unquam
596 3041 791 3117 exstitissent,
802 3040 860 3101 ho·
910 3040 1073 3118 utriusque
1098 3055 1188 3100 sexus
1208 3037 1430 3099 commixtione
1451 3043 1611 3100 nascentes
1622 3039 1682 3100 ori·

101 3132 212 3194 minam
225 3133 526 3214 praestantissimum,
539 3133 654 3195 exeita
668 3132 861 3212 ejas‚etmi·
909 3130 1055 3209 ginaliter
1080 3135 1273 3203 transeunte,
1299 3133 1332 3190 et
1362 3135 1529 3209 parentum
1563 3131 1680 3210 primo-

16 3236 18 3239 ·
101 3225 200 3286 mamis
207 3225 379 3303 judicabat.
621 3286 625 3293 ,
909 3240 982 3282 rum
1001 3221 1104 3283 debito
1124 3222 1285 3283 universos
1307 3227 1446 3301 posteros
1479 3222 1676 3302 obligante.»

16 3330 18 3341 ·
96 3330 101 3341 ·
135 3317 168 3378 X.
186 3317 416 3397 allenitigitur
429 3316 464 3378 in
473 3316 557 3379 bunc
571 3317 727 3378 mundum
753 3315 861 3389 dives,
910 3311 1064 3373 Proinde⁸
1082 3334 1098 3371 ιι
1115 3314 1185 3373 Non
1210 3312 1353 3373 diabolus
1366 3314 1505 3392 potentia
1524 3314 1605 3391 Dei,
1629 3314 1682 3375 sed

102 3410 184 3488 atque
198 3409 375 3471 misericors
387 3409 560 3488 negotiator
574 3408 656 3486 coeli,
676 3416 707 3470 et
719 3426 859 3469 commu·
906 3404 1026 3484 justitia
1045 3404 1238 3484 superandus
1264 3403 1332 3463 fuit.
1355 3404 1434 3464 Nam
1447 3404 1524 3483 quid
1538 3405 1682 3485 omnipo-

102 3499 207 3563 tatione
221 3500 359 3562 mirabili
365 3500 434 3561 iniit
446 3501 669 3562 commercium
683 3500 827 3577 salutm,
844 3519 857 3557 ν
909 3501 995 3556 tente
1009 3495 1164 3576 potentius
1177 3494 1193 3555 t
1204 3496 1268 3554 Aut
1281 3494 1369 3573 cujus
1382 3501 1532 3556 creaturae
1548 3503 1684 3575 potestas

104 3591 139 3651 ait
161 3611 243 3654 sanc.
258 3592 358 3661 Leo¹‚
391 3593 521 3653 «tostus
543 3592 671 3653 enimet
688 3592 862 3652 misericors
911 3588 1054 3667 potestati
1080 3586 1225 3648 creatoris
1259 3585 1432 3666 comparari
1463 3587 1592 3666 potest?
1621 3588 1683 3650 Sed

105 3682 175 3746 Dens
186 3704 251 3746 non
263 3685 307 3746 sic
318 3684 434 3763 injuria
451 3702 517 3746 suaa
530 3683 697 3745 voluntatis
717 3688 763 3744 est
775 3700 859 3758 usus,
911 3697 983 3740 oum
997 3678 1137 3739 diabulau
1146 3677 1221 3738 vitio
1238 3678 1445 3758 perversitatis
1458 3696 1523 3740 suae
1534 3679 1631 3740 lactus
1644 3679 1686 3739 sit

105 3777 181 3837 atad
193 3777 424 3858 reparationem
451 3781 615 3852 nostram,
637 3775 736 3837 solam
752 3780 863 3854 poten·
911 3777 1031 3833 amator
1042 3771 1199 3852 potentia
1215 3776 1246 3830 et
1256 3771 1404 3847 desertor,
1428 3777 1685 3851 oppugnatorque

106 3867 378 3949 tiembenignitatis
394 3866 582 3931 exerceret’.
597 3867 657 3928 Sed
671 3867 862 3946 quiaconse·
908 3863 1047 3942 justitiae,
1063 3869 1121 3925 eto.
1146 3862 1263 3941 placuit
1282 3863 1357 3937 Deo,
1376 3869 1413 3922 ut
1434 3869 1563 3941 propter
1575 3879 1685 3922 eruen-

106 3976 193 4037 qnens
205 3958 461 4036 inerat,uttomo
473 3959 584 4039 faciens
595 3966 864 4040 praeemantur
912 3956 989 4017 dum
1015 3955 1177 4017 hominem
1210 3954 1248 4015 de
1280 3953 1394 4014 diaboli
1426 3958 1588 4033 potestate,
1618 3971 1685 4015 non

106 4053 287 4134 ιιιιιριοσαιὶ
297 4052 323 4126 ⁸,
338 4055 381 4114 sio
402 4053 559 4114 medicina
572 4051 674 4131 aegris,
696 4051 739 4113 sic
750 4068 862 4112 recon-
912 4046 1053 4127 potentia
1064 4046 1225 4119 diabolus,
1249 4044 1303 4106 sed
1318 4044 1439 4123 justitia
1461 4046 1682 4121 vinearetum»

107 4142 209 4205 datio
222 4146 294 4219 reis,
311 4145 354 4208 sic
365 4143 539 4225 redemptio
554 4150 600 4205 est
614 4141 753 4222 impensa
766 4141 863 4222 capti·
914 4144 972 4201 ete.
992 4160 1008 4196 ι
1023 4138 1098 4211 Quae
1111 4141 1158 4198 est
1171 4137 1267 4215 igitur
1277 4136 1397 4214 justitia
1405 4133 1429 4214 ⁷,
1444 4155 1507 4216 qua
1525 4139 1625 4198 vietus
1639 4141 1687 4197 est

108 4234 157 4311 ris,
171 4243 205 4297 nt
217 4236 591 4315 condemnationisjustae
604 4234 768 4309 sententia,
780 4234 865 4313 justo
914 4228 1078 4293 diabolus?
1092 4230 1166 4302 Quae
1187 4228 1248 4288 nisi
1262 4227 1384 4306 justitia
1401 4229 1475 4289 lesu
1494 4228 1687 4289 Christi‘lEt

109 4324 269 4391 liberatoris
310 4348 404 4410 opere
430 4328 612 4389 solveretur.
637 4328 718 4387 Nam
754 4326 779 4386 si
806 4344 863 4405 pro
916 4320 1073 4404 quomodo
1097 4322 1196 4383 victus
1211 4319 1289 4380 est?
1312 4319 1392 4393 Quia
1410 4338 1483 4381 cum
1502 4320 1535 4380 in
1558 4337 1595 4380 eo
1609 4317 1689 4379 nibil

110 4421 311 4495 peecatoribus
343 4420 407 4482 sola
420 4439 453 4481 se
474 4423 646 4498 opponeret
664 4417 772 4490 deitas,
800 4435 865 4477 uon
913 4418 1014 4475 morte
1028 4411 1159 4491 dignam
1170 4409 1335 4487 inveniret,
1347 4410 1457 4471 occidit
1472 4428 1545 4472 eum
1568 4414 1687 4471 minen.

110 4512 165 4571 am
188 4513 267 4574 ratio
300 4512 459 4574 diabolum
490 4510 650 4585 vinceret,
686 4525 782 4588 quam
809 4526 867 4587 po-
915 4507 953 4567 Et
964 4504 1073 4582 utique
1083 4504 1204 4583 justum
1218 4507 1264 4563 est
1278 4506 1315 4562 ut
1331 4500 1498 4580 debitores,
1513 4520 1592 4582 quos
1601 4509 1688 4563 tene-

113 4604 201 4664 tesan
217 4626 234 4663 a
915 4595 1077 4673 bat,liberi
1087 4593 1690 4674 dimittantur‚ineumcredentes‚quem

145 4695 292 4762 Quocirca
309 4719 324 4749 ι
335 4691 472 4755 sonanti
487 4690 611 4754 diabolo
621 4690 793 4771 potentiam
803 4707 867 4752 snae
917 4689 982 4750 sine
995 4687 1060 4748 ullo
1081 4686 1184 4748 debito
1197 4684 1351 4747 cecidit.»

143 4874 762 4949 αῦιιῦ.Ντεε.10111.11.Οὖκοΰνὼςᾶγαθδς
784 4869 868 4929 οἶκτον
918 4875 1046 4947 τυραννικῇ
1069 4888 1116 4926 τινι
1137 4871 1273 4945 χρήσασθαι
1295 4868 1360 4925 κατὰ
1380 4874 1425 4925 τοῦ
1450 4873 1598 4947 κατέχοντος
1625 4874 1693 4948 ἡμᾶς

114 4962 219 5036 lucidata
233 4970 278 5021 toti
291 4964 498 5024 διαπεπτωπότος·
518 4963 560 5015 aul
578 4961 612 5024 ὣς
631 4961 706 5031 σορὸς
720 4959 764 5012 aba
787 4958 876 5031 ἂγνοεῖ
919 4955 1060 5028 αὖθιντεῑᾳ,
1087 4955 1148 5028 μηδὲ
1166 4960 1204 5027 τῷ
1226 4956 1334 5027 περιόντι
1351 4957 1395 5022 τῆς
1409 4955 1535 5028 δυνάμεως
1549 4955 1695 5028 ἁρπάσαντα

116 5047 153 5100 νῦν
165 5052 249 5120 τρόπον
258 5053 304 5117 τῆς
314 5047 473 5108 ἀνωιλίσιως.
498 5039 583 5116 σοφίας
600 5041 623 5096 δ’
642 5044 671 5096 ἅν
687 5039 724 5110 εἴη
744 5042 784 5096 καὶ
797 5040 813 5109 ἡ
827 5047 871 5094 τοῦ
920 5044 964 5095 τοῦ
973 5042 1131 5111 κρατοῦντος,
1145 5039 1287 5092 καταλιπεῖν
1301 5056 1357 5092 τινα
1369 5038 1532 5111 ὃικαιολιγίαν
1550 5038 1586 5106 (l.
1602 5042 1693 5093 δικαιο-

116 5131 295 5205 hamatae.
305 5122 334 5185 od
344 5129 392 5202 γὰρ
405 5129 434 5182 ἄν
449 5147 485 5192 τις
498 5125 621 5199 ἃρροσΰνῃ
631 5125 675 5192 τὴν
689 5123 766 5192 ἀληθῆ
780 5126 873 5177 ducto·
921 5121 1022 5194 λογίας)
1037 5121 1149 5194 ἀφορμὴν
1170 5124 1207 5194 τῷ
1226 5119 1259 5173 δι’
1277 5119 1367 5189 ἡδονῆς
1384 5121 1635 5194 καταδουλευσαμίνῳ
1649 5122 1692 5176 τὸν

117 5212 183 5281 &aar
195 5215 345 5287 xpootrlusu
362 5212 387 5266 τί
408 5205 452 5266 οὖν
469 5208 603 5270 lambaese
616 5208 644 5263 ab
666 5207 772 5274 δίκαιον,
786 5206 815 5261 τὸ
839 5204 873 5278 μὴ
908 5204 1060 5278 ’ἄνθρωπον

143 5366 152 5409 l
167 5365 257 5413 bermar.
266 5379 294 5412 ur
304 5366 332 5412 rte
342 5363 453 5413 Pasa-2
465 5363 497 5409 lb.
508 5373 550 5409 aar.
563 5360 635 5408 r.-³
645 5362 708 5408 door.
717 5371 794 5406 ura·
806 5357 916 5405 1111111.
927 5371 984 5407 aa·
998 5358 1012 5403 5
1023 5355 1171 5414 rogaturo
1183 5356 1244 5403 Τήν.
1258 5367 1278 5402 a.
1289 5355 1376 5405 anet
1386 5354 1446 5401 llus.
1454 5355 1549 5399 1111--1
1560 5355 1668 5404 nuans.

264 5446 342 5508 Tou.
364 5444 404 5506 V.
1555 5437 1595 5497 19
