4072 6164
851 264 1193 326 ‚THEOLOGIGORUM
1219 263 1438 325 DOGMATUM

1180 431 1289 505 stituit,
1310 431 1444 491 alterum
1463 429 1496 489 in
1516 429 1665 490 continua
1676 429 1841 507 quantitate,
1852 428 1912 489 alte·

1180 541 1252 583 rum
1266 523 1300 583 in
1313 522 1441 583 discreta
1455 520 1478 581 ⁶.
1497 543 1509 578 ι
1527 523 1711 600 Quanquam
1729 520 1754 580 si
1770 519 1846 598 loqui
1856 540 1914 599 pro·

1179 615 1247 693 prie
1261 614 1417 684 volumus,
1426 612 1681 691 ucgatbinarium
1691 612 1914 690 continuaquan·

1180 706 1275 766 titatis
1296 707 1330 766 in
1353 704 1475 765 Christo
1495 704 1599 765 locum
1613 702 1736 764 habere.
1756 703 1914 764 Continuus

1182 797 1267 858 enim
1281 797 1405 873 dicitur,
1420 797 1508 875 cujus
1520 801 1622 876 partes
1643 793 1796 855 communi
1809 794 1915 853 termino

1181 889 1385 968 copulantur:
1414 906 1481 948 non
1506 892 1636 967 possunt
1660 890 1761 946 autem
1781 892 1870 963 partes
1890 885 1915 944 ia

1182 980 1343 1041 divinitate
1356 980 1497 1060 reperiri,
1508 997 1578 1059 quae
1587 996 1661 1040 cum
1674 993 1796 1056 corpore
1808 976 1915 1037 termino

1181 1072 1285 1151 aliquo
1312 1072 1517 1149 copulentur:
1546 1073 1584 1131 Et
1604 1088 1679 1131 vero
1706 1069 1870 1130 continuum
1890 1068 1916 1128 in

1181 1164 1254 1224 solis
1263 1163 1531 1242 magnitudinibus
1546 1163 1692 1223 cernitur.
1707 1161 1801 1233 Quare
1813 1160 1917 1220 &meta

1182 1257 1338 1335 quantitas
1361 1262 1407 1317 est
1428 1255 1625 1316 attribuenda
1644 1252 1773 1315 Christo.
1795 1252 1917 1312 aliisue

1181 1354 1250 1409 tum
1277 1354 1381 1409 autem
1404 1349 1519 1409 dicitur
1545 1366 1610 1407 non
1630 1345 1709 1406 illud
1733 1344 1835 1418 solum,
1854 1345 1916 1419 quod
1992 1368 1993 1419 ι

1182 1458 1308 1519 prorsus
1329 1447 1375 1500 est
1401 1440 1559 1500 divisum:
1584 1438 1637 1499 sed
1661 1437 1736 1498 illud
1758 1436 1917 1514 etiamquod

1182 1532 1225 1593 sie
1239 1533 1362 1593 unitum
1377 1537 1432 1607 eat,
1449 1538 1484 1592 ut
1497 1549 1586 1592 suam
1601 1530 1767 1610 quamdam
1782 1529 1915 1596 rationem,
1992 1524 1993 1599 ι

1182 1643 1245 1704 qua
1254 1624 1463 1703 distinguitur,
1477 1629 1578 1684 servet
1592 1632 1614 1683 ⁰.
1630 1643 1646 1680 ν
1992 1618 1993 1697 g

1222 1718 1263 1776 ll.
1274 1715 1375 1777 Venio
1390 1735 1475 1776 nuuc
1492 1715 1529 1776 ad
1543 1716 1699 1776 loannem
1718 1715 1916 1785 Damascenun,
1961 1712 1993 1783 tul

1183 1808 1236 1885 qui
1252 1808 1347 1882 illam,
1373 1808 1421 1868 uti
1444 1808 1519 1882 dixi,
1541 1806 1748 1887 questionem
1766 1809 1916 1885 pertractat;
1934 1786 1993 1847 'mi

591 691 797 776 CAPUT
850 689 898 769 V.
1014 808 1020 817 ι

366 978 525 1061 Appendie
535 975 728 1040 antecedentia
737 975 918 1056 questionis,
933 980 1035 1032 utrum
1045 978 1133 1031 nctu-

406 1091 451 1133 ree
460 1073 493 1133 in
502 1068 736 1131 Cbristodueeud
745 1068 941 1149 quantitatem
950 1064 1130 1138 continuam,

405 1184 444 1225 an
458 1162 659 1225 addiscentem
681 1162 860 1241 reserantur.
882 1162 910 1219 l.
936 1156 1055 1218 Leontii
1070 1173 1133 1216 sen·

405 1257 509 1317 tentia.
520 1257 551 1316 h.
570 1257 643 1315 Tum
656 1251 836 1315 Damascene'.
849 1254 878 1313 3.
894 1248 1007 1311 Basilii
1020 1246 1132 1308 dictum

406 1367 437 1409 eo
453 1348 610 1428 pertinens.
628 1348 656 1407 l.
680 1345 755 1406 Item
779 1341 941 1404 ammonii.
969 1339 1007 1399 In
1027 1337 1133 1419 quibus

404 1436 894 1520 prepositaqueastiodisceptatur.

193 1646 227 1691 ιι
254 1653 340 1690 natura
404 1624 428 1683 l.
453 1622 552 1701 Hujus
570 1620 750 1700 questionis
768 1619 934 1699 appendix,
959 1623 990 1678 et
1010 1632 1131 1677 consec-

194 1700 226 1796 ,ξι
240 1699 339 1807 {miii
364 1715 443 1775 turia
456 1720 501 1775 est
512 1713 608 1774 altera
621 1713 684 1789 illa,
709 1730 804 1791 quam
825 1713 843 1772 i
847 1728 963 1771 oannes
976 1711 1134 1770 Damasce-

203 1812 333 1905 ωῐξῗῇξξω
365 1826 424 1868 uus
437 1805 593 1886 proponit,
609 1823 648 1867 ex
661 1823 760 1884 eoquo
773 1802 916 1866 describit
930 1800 1131 1880 Euthymius;

248 1921 287 1956 aur

206 1965 323 2009 discretam

205 2019 331 2063 rotarentur

216 4216 312 4261 litterata

208 4270 324 4324 quantitas

190 4322 330 4367 attribuenda

221 4376 305 4420 Christo

203 4441 229 4473 ax
239 4427 322 4472 leontii

201 4481 320 4526 mntaatta.

365 1905 472 1960 utrum
505 1904 688 1959 naturarum
720 1898 854 1958 duarum
887 1893 1061 1955 numeratio
1094 1892 1134 1952 ad

365 1991 568 2070 quantitatem
590 1990 757 2050 continuam
781 1987 944 2058 celeratur,
961 2005 1002 2046 au
1016 1985 1056 2045 ad
1070 1982 1132 2044 dis-

363 2092 483 2146 cretam.
500 2084 600 2148 Quam
616 2081 742 2161 quidem
755 2097 797 2141 ne
810 2078 904 2140 verbo
920 2078 1044 2157 quidem
1059 2075 1133 2137 atti-

363 2175 486 2252 gissem,
520 2173 700 2234 veritusne
728 2171 820 2233 nimis
847 2171 939 2231 anaia
966 2176 997 2230 et
1024 2173 1133 2246 arguta

363 2267 522 2339 videatur,
539 2284 596 2326 nee
611 2270 676 2325 tam
694 2263 825 2324 difficilis
840 2263 880 2323 ad
900 2260 1128 2340 explicandum,

363 2374 458 2436 quam
472 2356 590 2419 inutilis
604 2362 635 2416 et
644 2356 740 2415 otiosa
754 2377 762 2429 ς
784 2354 844 2414 nisi
852 2354 969 2431 jactare
983 2371 1014 2413 se
1024 2355 1057 2412 in
1071 2353 1131 2412 ista

363 2448 571 2509 controversia
589 2447 753 2527 primarios
771 2447 947 2506 Graecorum
970 2445 1130 2520 theologos

363 2541 657 2614 animadverterem
681 2538 885 2617 quamobrem
908 2555 966 2597 nec
986 2537 1054 2609 ista,
1076 2554 1129 2596 cu-

358 2632 557 2711 jusquemodi
568 2637 624 2703 est,
636 2631 696 2691 fuit
705 2630 875 2691 omittenda
888 2649 895 2688 :
909 2647 967 2690 nec
980 2634 1085 2688 tamen
1098 2627 1133 2686 in

362 2725 493 2804 longum
502 2723 702 2804 producenda
712 2721 889 2802 disputatio.

404 2818 464 2879 Sed
478 2822 646 2896 antequam
660 2834 729 2895 quae
748 2814 787 2875 de
800 2832 837 2874 eu
859 2830 893 2872 re
910 2812 1046 2872 ioannes
1069 2812 1132 2871 Da·

363 2927 525 2970 masoenus
539 2909 691 2988 exposuit,
721 2923 893 2987 proponam
922 2905 954 2963 in
981 2904 1129 2978 mediam,

362 3002 485 3061 Leontii
500 3002 638 3080 primum
652 3000 775 3072 eruditi,
791 3017 826 3058 ac
840 2997 940 3056 multo
951 2996 1133 3074 antiquioris

362 3093 500 3170 theologi
524 3091 725 3169 expendenda
748 3090 827 3149 ratio
847 3094 903 3163 est,
933 3088 993 3154 Qui
1007 3088 1039 3149 in
1051 3087 1131 3147 libro

362 3181 397 3243 de
410 3182 516 3257 Sectis,
532 3183 652 3243 actione
671 3181 813 3261 septima,
832 3186 940 3241 contra
951 3178 1133 3241 Hoesitentes

362 3274 572 3354 Eutychianos
591 3279 719 3335 naturas
733 3273 810 3333 duas
826 3289 1038 3351 propugnans,
1063 3271 1131 3330 illo·

361 3384 433 3426 rum
448 3384 507 3426 usu
521 3368 689 3426 contritum
704 3364 803 3437 affert,
820 3382 856 3423 ac
878 3362 1017 3423 dissolvit
1038 3381 1131 3440 argu·

362 3464 528 3533 mantum,
553 3457 679 3536 quodsi
703 3457 781 3517 duas
805 3456 839 3515 in
864 3454 985 3515 Christo
1008 3460 1134 3514 naturas

361 3551 517 3629 ponimus,
538 3550 597 3610 hoc
624 3554 669 3609 est
691 3548 724 3607 in
742 3565 910 3608 numerum
934 3545 1130 3623 includimus,

362 3658 553 3720 consequens
564 3641 603 3700 sit
617 3658 725 3701 earum
740 3639 860 3698 divisio.
873 3638 912 3697 Et
921 3643 956 3697 ιιι
970 3637 1132 3715 majorevi

361 3731 662 3811 argumentationem
675 3748 764 3791 suam
775 3730 917 3803 instruat,
941 3728 1132 3789 mentionem

363 3824 463 3903 injicit
485 3824 635 3893 ‹liseretaa
660 3840 753 3902 quam
787 3827 910 3893 vocant,
940 3821 1131 3899 quantitatis.

361 3916 484 3977 Etenim
498 3915 600 3976 omnis
613 3932 775 3990 numerus,
792 3912 904 3991 inquit,
918 3913 958 3973 ad
969 3912 1132 3989 dissectam

361 4008 567 4086 quantitatem
588 4007 731 4082 retertur,
755 4023 825 4085 quae
839 4004 918 4064 nihil
930 4003 970 4064 ab
984 4004 1132 4065 divisione

362 4100 548 4178 discrepata

402 4191 578 4269 Respondet
587 4188 660 4249 huic
673 4189 836 4265 Leontius;
854 4190 923 4250 Nou
933 4207 1061 4250 omnem
1070 4207 1131 4249 nu·

361 4299 487 4342 merum
500 4282 638 4342 discretae
652 4299 716 4342 esse
730 4280 920 4360 quantitatis,
937 4280 990 4341 sed
1003 4282 1042 4342 de
1056 4300 1130 4341 con-

360 4374 455 4434 tinuis
471 4372 565 4434 etiam
584 4373 748 4451 usurpari:
765 4378 800 4432 ut
818 4391 889 4433 eum
904 4372 1025 4451 lignum
1041 4374 1130 4451 quin·

360 4464 555 4543 quecubitale
580 4463 721 4524 dicitur:
748 4469 780 4525 et
801 4464 979 4527 Aristoteles
1005 4471 1129 4545 tempus

360 4556 470 4616 definit
483 4574 652 4616 numerum
666 4561 770 4617 motus
787 4576 794 4617 ι
810 4556 894 4636 quod
908 4556 1015 4635 utique
1029 4557 1126 4618 couti-

360 4666 459 4708 nuum
473 4655 528 4708 cst.
543 4649 642 4722 Quare
660 4669 675 4706 ι
693 4648 848 4727 duplicem
868 4666 1037 4710 numerum
1057 4668 1128 4711 con-

396 4818 417 4857 (ι
436 4803 568 4859 Leontius
581 4801 618 4858 tie
626 4805 715 4860 Sectis
726 4811 781 4860 ael.
792 4820 840 4861 vll.
852 4804 932 4857 Εἰδύο
944 4804 1024 4876 φύσεις
1032 4804 1128 4876 λέγετε,

359 4885 476 4958 διαίρεσιν
494 4884 611 4956 εἰσάγιιι.
634 4885 733 4958 ἀριθμὸν
750 4887 798 4959 γὰρ
812 4886 958 4959 εἰσάγετε,δ
982 4887 1007 4940 δέ
1031 4886 1130 4959 ἀριθμὸς

360 4963 404 5022 aab
418 4970 577 5041 διωρισμένου
592 4966 643 5022 tad
657 4974 745 5023 ποσοῦ.

394 5051 530 5107 dheoui.
551 5050 619 5106 ibid.
640 5052 725 5113 Διιτδς
748 5047 790 5105 οὖν
811 5052 825 5105 ὁ
846 5052 945 5124 ἀριθμὸς
956 5052 1017 5127 ,καὶ
1033 5050 1071 5106 ἔπι
1086 5058 1129 5106 τοῦ

363 5134 533 5206 διωρισμένου,
546 5134 587 5186 καὶ
597 5131 636 5186 ἐπὶ
645 5138 689 5187 τοῦ
704 5139 820 5205 συνεχοῦς
832 5135 966 5207 λεγομένου
976 5128 1064 5187 ιιοσοῖι.

396 5233 411 5271 ο
429 5216 499 5272 ibid.
526 5215 593 5268 Ἀλλ’
607 5215 646 5270 tat
662 5221 705 5271 τοῦ
719 5218 879 5289 διωρισμένου
893 5222 971 5271 ποσοῦ
985 5219 1039 5270 δέον
1052 5236 1129 5289 napa-

360 5299 493 5371 λαμὸάνειν
510 5298 612 5353 έντανδα
626 5299 667 5353 τδν
681 5299 793 5373 ἀριθμόν.
812 5300 978 5371 διωρισμένων
992 5301 1039 5372 γάρ
1064 5298 1128 5354 ἔστιν

362 5380 391 5435 οὗ
404 5382 501 5444 πάντως
515 5383 543 5436 rb
557 5381 663 5444 καθάπαξ
680 5383 839 5455 διῃρημένον,
858 5382 923 5435 ἀλλὰ
934 5383 975 5435 nal
986 5382 1128 5456 ἡνωμένον,

1184 1900 1317 1980 indeque
1344 1901 1531 1980 Euthymius
1555 1898 1746 1977 exscripsit:
1780 1902 1808 1957 et
1834 1895 1919 1973 adjecit
1992 1940 1993 1969 ,

1182 1993 1299 2071 aliqua,
1324 2011 1394 2072 quaa
1417 1993 1452 2052 in
1474 1991 1607 2069 vulgatis
1622 1986 1919 2050 Damascenioditioni·
1992 1988 1993 2043 ι

1183 2083 1520 2163 busnoncomparent.
1549 2103 1565 2139 ιι
1588 2081 1678 2155 Quod
1701 2080 1815 2159 siquis,
1831 2077 1917 2156 nequit,
1992 2096 1993 2151 ξ

1182 2176 1354 2255 interroget
1382 2176 1420 2237 de
1455 2174 1582 2236 Domini
1616 2173 1748 2249 naturis,
1780 2177 1871 2232 uuum
1890 2168 1919 2228 ad
1992 2216 1993 2255 3

1184 2268 1389 2347 quantitatem
1417 2266 1608 2341 continuam,
1646 2284 1688 2325 an
1719 2264 1758 2324 ud
1789 2263 1918 2323 discretam
1992 2270 1993 2273 ’

1182 2361 1376 2434 referantur3
1393 2359 1532 2420 dicemus
1551 2354 1918 2439 (hacteuusinGraecoEu

1181 2452 1306 2531 thymii,
1343 2451 1428 2529 quod
1461 2450 1544 2530 apud
1579 2450 1799 2509 Damascenum
1827 2447 1917 2505 deest:
1992 2452 1993 2527 †

1183 2548 1293 2604 caetera
1307 2543 1392 2621 apud
1406 2542 1492 2602 huno
1504 2540 1664 2621 leguntur)
1688 2546 1807 2600 naturas
1823 2533 1918 2597 bomin
1992 2580 1993 2609 ,

1182 2653 1240 2696 nec
1257 2652 1358 2695 unum
1381 2651 1446 2694 esse
1472 2651 1594 2712 eorpus,
1628 2651 1730 2712 neque
1759 2627 1919 2709 superficiem
1992 2616 1993 2683 i

1182 2744 1289 2803 unam,
1312 2743 1414 2804 neque
1434 2725 1561 2798 lineam,
1584 2744 1690 2804 neque
1709 2724 1815 2796 ιοιιιιιι,
1840 2736 1918 2798 nequ
1992 2712 1993 2741 ;

1181 2825 1321 2898 tempus3
1338 2824 1373 2878 ιιι
1382 2817 1439 2878 sub
1453 2816 1627 2896 quantitate
1638 2817 1782 2877 continua
1795 2828 1917 2891 repomu·
1992 2798 1993 2827 ¹

1181 2916 1243 2971 tur.
1261 2911 1334 2970 Haec
1348 2908 1652 2987 enimsuut,quaain
1669 2908 1830 2987 quantitate
1842 2900 1919 2963 conti·
1992 2896 1993 2945 i

1182 3020 1246 3063 nua
1258 3006 1475 3062 numerantur.
1492 3001 1587 3060 Porro
1602 3006 1725 3062 natura
1744 2998 1804 3058 istae
1819 2990 1918 3054 Domini

1182 3094 1257 3155 eitra
1271 3093 1483 3154 confersionem
1497 3091 1605 3167 ullam,
1631 3090 1787 3171 hypostasi
1798 3084 1917 3167 oopalm-
1992 3094 1993 3159 t

1181 3195 1255 3246 tur:
1288 3185 1469 3245 dividuntur
1495 3189 1600 3244 autem
1619 3183 1749 3243 indivise
1769 3181 1879 3247 ratione,
1891 3192 1918 3233 ιο
1992 3176 1993 3239 Ῐ

1182 3270 1916 3355 mododifferentiae.auricilloquidemmodoquo
1992 3318 1993 3359 ρ

1182 3369 1344 3441 uniuntur,
1365 3369 1547 3446 neutiquam
1561 3364 1839 3428 numerantur.Non
1853 3357 1917 3420 erim

1183 3460 1363 3540 hypostases
1388 3460 1465 3520 duas
1499 3460 1630 3521 dicimus
1665 3457 1782 3529 Christi,
1807 3452 1849 3514 rel
1870 3449 1916 3509 duo
1992 3510 1993 3519 2

1181 3552 1267 3613 hunc
1278 3570 1343 3612 esse
1353 3551 1523 3631 hypostasi.
1531 3553 1690 3624 Quatenus
1703 3555 1801 3611 autem
1814 3541 1916 3605 indivise

1181 3644 1372 3711 dividuntur,
1393 3649 1609 3705 numerantur.
1633 3643 1717 3704 Sunt
1734 3640 1812 3702 enim
1824 3639 1916 3697 natura

1181 3736 1252 3797 duae
1276 3735 1408 3811 ratione,
1436 3754 1472 3795 aa
1497 3736 1590 3796 modo
1609 3733 1796 3795 differentia.
1820 3723 1915 3788 Etenim

1181 3826 1339 3906 hypostasi
1354 3826 1538 3903 conjunctu,
1554 3827 1632 3888 etin
1647 3845 1680 3888 se
1694 3831 1797 3887 mutuo
1812 3818 1916 3881 existen·

1181 3924 1238 3996 tes,
1255 3918 1334 3978 citra
1347 3918 1560 3979 contusionem
1576 3918 1740 3978 uniuntur.
1752 3938 1766 3974 ν
1783 3919 1835 3975 etc.

1225 4010 1353 4089 «Igitur
1369 4010 1433 4072 solo
1447 4010 1628 4071 differentia
1650 4010 1742 4070 modo
1764 4002 1914 4069 nummata,
1992 4062 1993 4067 ,

1181 4102 1238 4162 sub
1273 4102 1477 4180 quantitatem
1512 4102 1676 4163 discretam
1709 4096 1912 4162 revocabuntur.

1180 4193 1260 4255 Fieri
1274 4197 1358 4255 euim
1367 4212 1431 4255 uon
1447 4199 1557 4272 potest,
1574 4200 1608 4255 ut
1626 4213 1698 4273 quaa
1712 4180 1913 4253 nullareditie·
1992 4208 1993 4261 y

1179 4292 1264 4359 runt,
1281 4291 1488 4347 numerentur
1504 4306 1511 4346 :
1527 4287 1581 4347 sed
1594 4305 1657 4364 qua
1671 4285 1784 4345 ratione
1796 4274 1915 4339 differunt
1992 4304 1993 4309 ν

1179 4378 1285 4439 eadem
1318 4384 1535 4453 numerantur,
1565 4384 1622 4439 etc.
1649 4378 1749 4451 Quare
1773 4362 1914 4433 diliermtit

1178 4475 1325 4530 causaest
1339 4468 1495 4531 numeni.
1513 4491 1528 4529 ν

1218 4563 1372 4623 Hactenus
1408 4563 1544 4623 ioannes
1580 4562 1805 4622 Damascenus:
1844 4547 1912 4626 cujus
1992 4548 1993 4629 3

1178 4651 1282 4728 rerba,
1306 4653 1449 4732 quamvis
1469 4652 1566 4732 'paulo
1587 4651 1738 4729 longiora,
1759 4647 1805 4708 hic
1823 4636 1911 4704 daci·
1992 4642 1993 4685 3

1177 4806 1241 4873 πλὴν
1256 4807 1298 4862 τδν
1316 4806 1406 4861 οἰκεῖον
1420 4808 1496 4879 λόγον
1508 4807 1689 4878 διακρινόμενον
1708 4801 1861 4861 ἀνιοσώζονιι,
1871 4789 1910 4845 idi·
1992 4786 1993 4817 i

1179 4888 1318 4953 ἀποσῶζον.

1213 4971 1235 5028 d
1255 4973 1370 5028 baalac.
1383 4971 1430 5028 lib.
1447 4973 1493 5043 lV,
1509 4987 1569 5043 eap.
1587 4987 1614 5027 rx
1628 4970 1665 5027 de
1678 4968 1755 5034 Fide,
1768 4960 1834 5036 apud
1846 4950 1909 5014 curt.

1178 5055 1329 5126 Panaptte
1349 5071 1406 5125 par.
1431 5054 1464 5118 ll,
1486 5054 1528 5108 tit.
1549 5055 1605 5111 xv.
1627 5052 1657 5108 Et
1675 5053 1702 5107 δέ
1721 5070 1756 5113 τις
1778 5046 1863 5117 ἐρωτῶν
1882 5032 1910 5097 tii

1178 5138 1232 5209 περὶ
1246 5145 1295 5192 τῶν
1308 5142 1351 5191 τοῦ
1363 5137 1453 5209 Κυρίου
1468 5136 1573 5208 ρέσεων,
1595 5135 1616 5189 tl
1636 5136 1683 5190 tao
1706 5134 1735 5189 ιδ
1753 5124 1840 5200 συνεχές
1851 5115 1910 5175 Μ

1178 5219 1344 5293 διαφέροιντο,
1361 5220 1439 5287 ἢδιιδ
1456 5220 1485 5273 ab
1500 5221 1669 5291 διωρισμένον·
1689 5216 1783 5289 έρσιμιν
1796 5212 1829 5263 δτι
1841 5202 1863 5257 ti
1876 5217 1910 5253 tw

1179 5303 1270 5375 Κυρίου
1284 5304 1365 5373 φύσεις
1378 5302 1435 5356 οὔτε
1454 5302 1479 5354 ἓν
1495 5303 1569 5373 σῶμά
1582 5300 1652 5369 εἰσιν,
1676 5298 1729 5354 οὔτι
1746 5293 1856 5365 ἐπιφάνεια
1867 5277 1908 5355 pia,

1178 5384 1233 5439 οὔτε
1247 5384 1359 5459 γραμμὴ,
1375 5385 1403 5438 οὗ
1416 5387 1501 5449 τόπος,
1516 5383 1545 5437 οὗ
1559 5385 1660 5457 χρόνος,
1673 5384 1714 5439 ἵνα
1731 5377 1777 5434 tra
1791 5376 1817 5430 ab
1833 5360 1909 5436 mittit
