4078 6168
303 260 342 321 96
865 251 1067 315 ELENCHUS
1092 248 1308 313 THERIACAE

299 422 463 504 participes
487 424 666 500 sententia,
700 427 793 503 atque
821 421 880 481 lruc
913 438 952 481 ex
978 423 1065 499 parte
1115 416 1196 477 Tum
1211 415 1288 477 iilud
1303 416 1431 496 insuper
1443 413 1613 491 obtinetur,
1628 429 1766 475 amorem
1780 411 1883 489 illum,

299 516 465 578 catholicos
478 534 543 578 esse
570 515 796 596 pronuntiarit,
814 512 891 593 quid
904 511 988 572 aliud
1005 509 1066 570 nisi
1115 526 1177 588 quo
1204 507 1255 569 vel
1279 509 1365 569 Deus
1391 513 1476 569 amat
1496 526 1539 585 se,
1563 506 1613 568 vel
1631 506 1671 568 ab
1688 504 1825 584 Angelis,
1847 521 1885 564 ao

298 608 384 683 caeci,
406 628 442 670 ac
468 609 560 669 stulte
582 608 753 689 pervicaces
779 622 896 678 sumus,
925 603 983 663 nisi
1006 602 1067 662 hoc
1114 599 1233 661 sanetis
1261 599 1417 679 diligitur,
1453 598 1595 679 quamvis
1628 616 1667 658 ex
1699 596 1827 667 intima,
1852 600 1887 655 et

299 700 505 780 agnoscimus,
521 701 728 780 Augustinum
741 698 831 759 liberi
844 695 965 758 arbibii
977 699 1066 755 natu·
1115 691 1243 752 ardente
1251 691 1410 753 voluntate
1423 691 1644 773 proficiscatur,
1661 689 1730 749 ideo
1741 706 1807 748 non
1817 705 1886 748 esse

298 810 379 869 ram,
402 793 585 869 essentiam,
604 812 641 853 ao
654 792 814 853 notionem
828 805 954 869 prorsus
968 803 1065 847 unam
1114 781 1259 862 liberum,
1275 783 1360 863 quod
1372 783 1453 845 felici
1480 784 1616 863 quadum
1638 781 1816 843 necessitate
1841 778 1885 840 ab

299 884 501 963 eamdemque
515 901 589 946 cum
601 883 771 962 Pelagianis
780 880 988 948 haereticisme
1001 882 1067 939 tota
1115 875 1177 936 illis
1206 875 1419 957 exprimatur,
1442 894 1500 937 nec
1526 873 1567 937 ab‘
1592 894 1630 937 eo
1657 874 1816 952 integrum
1843 871 1887 932 sit

298 976 432 1037 Ecclesia
444 976 595 1049 catholica
609 974 772 1037 statuisse?
796 974 857 1035 Sed
869 973 929 1033 hoc
942 969 1065 1032 validis·
1116 966 1274 1030 desistere.

299 1067 431 1142 simum,
461 1073 492 1129 et
518 1067 668 1128 invictum
695 1066 818 1146 penitius
844 1068 1066 1144 argumentum

299 1158 420 1239 plenius
446 1159 652 1220 instruximus
678 1158 712 1218 in
737 1158 839 1238 primo
865 1154 900 1217 de
931 1153 1067 1216 Arbitrio

300 1248 404 1325 libero,
420 1250 519 1330 capite
538 1249 673 1312 secundo
692 1258 723 1311 et
735 1249 836 1310 tertio.
854 1249 970 1308 Contra
982 1244 1067 1326 quod

298 1340 378 1401 nibil
397 1341 513 1402 mutire
535 1349 581 1403 est
599 1359 693 1403 ausus
705 1339 845 1419 magistri
868 1338 916 1399 sui
930 1338 1068 1399 desertor
1342 1287 1541 1373 CAPUT
1602 1287 1652 1369 V·

299 1450 335 1494 uo
351 1433 568 1512 praevaricator
581 1433 764 1495 Vincentius
783 1431 1009 1506 Amusicanus,
1035 1427 1068 1488 id

299 1524 570 1603 mmmmm
586 1544 622 1587 ⁸⁰
636 1523 954 1589 mmmmm
977 1525 1067 1581 ⁸⁰&ae
1119 1565 1148 1625 t.
1165 1560 1262 1624 Furat
1289 1559 1436 1646 Veitcerttii
1454 1560 1661 1644 tberiacopoloe
1686 1563 1719 1623 in
1741 1561 1891 1624 libertatis

300 1621 458 1697 patmum·
1159 1640 1307 1703 maabulo.
1332 1643 1363 1702 2.
1379 1640 1480 1706 Huius
1494 1642 1569 1703 uocis
1583 1642 1724 1724 ambigua
1742 1644 1838 1715 aetio,
1850 1661 1890 1704 oc

341 1709 391 1769 Ν·
414 1706 573 1812 Ρῡθῐΐθῑῦξ)
593 1705 667 1768 hUiss
689 1706 748 1786 ipsi
773 1704 879 1766 libflsae
903 1704 1069 1766 *muniatis
1159 1751 1237 1795 ueroe
1251 1732 1397 1795 libertatis
1404 1734 1573 1814 proprietas
1582 1737 1728 1816 exposita.
1745 1733 1891 1796 eteberi

301 1799 444 1863 formulae
454 1800 493 1861 ab
508 1799 687 1873 ΑΠΒῖθῖθῙθι
704 1818 740 1860 ²²0
755 1816 839 1859 ⁵³¹¹&
854 1798 984 1872 Th⁰m³³
1001 1801 1071 1877 1³⁰⁸t
1158 1826 1286 1887 arbitrii
1295 1825 1468 1887 vmobulom
1481 1825 1521 1887 od
1529 1828 1697 1889 mandam
1707 1827 1888 1889 calumniam

300 1894 455 2000 ioannem
475 1894 716 1997 Damflsoessulssa
738 1896 925 1970 caet‘imque
949 1891 1069 1994 Gfae⁰⁰⁵
1160 1916 1371 1999 usurpandum,
1400 1918 1486 2000 cujas
1515 1925 1592 1981 notoe
1618 1918 1783 2000 aliquotea
1805 1938 1886 1980 sanc.

301 2005 337 2047 ac
344 1986 469 2047 Latmos
478 1986 581 2046 Patres
592 1984 724 2058 traditae,
736 1983 924 2063 suffragatur
937 1980 1071 2043 Michael
1161 2009 1270 2072 mom„
1277 2010 1477 2091 pmggppoe,
1491 2013 1522 2071 4,
1537 2011 1680 2073 Mergum
1694 2031 1753 2073 mm
1766 2010 1891 2073 aum

301 2078 393 2140 baius
404 2078 438 2139 in
448 2078 528 2139 libro
538 2075 572 2138 de
583 2076 678 2138 libero
687 2075 816 2139 arbitrio
827 2095 839 2138 .·
852 2076 884 2136 in
894 2093 956 2155 quo
970 2073 1070 2136 multa
1159 2103 1241 2163 ori„-
1264 2122 1353 2184 quam
1361 2120 1462 2165 ms„
1472 2102 1704 2166 pigenarggmq·
1716 2107 1735 2166 3
1757 2104 1892 2186 ΗΜ

301 2170 390 2233 docet
398 2188 526 2250 nupera
539 2169 590 2228 isti
603 2174 706 2244 sectae,
721 2168 770 2231 cui
785 2167 978 2230 occasionem
990 2166 1068 2227 alio-
1161 2150 1289 2273 ‘aude'm’
1302 2203 1331 2255 α
1346 2195 1537 2277 ,imperim
1738 2151 1745 2168 ⁶

303 2260 1068 2342 quiprasbuisseilledicitur,vehementeradversa.

303 2355 344 2416 Ut
353 2372 425 2415 cum
437 2352 471 2414 in
483 2353 580 2433 capite
592 2357 701 2433 quarto
714 2374 725 2409 a
738 2353 930 2413 voluntatem
940 2350 1070 2412 liberam
1160 2355 1185 2415 1.
1194 2355 1253 2428 Qui
1260 2355 1402 2419 delibero
1410 2358 1538 2420 arbitrio
1544 2376 1641 2440 pauca
1649 2356 1891 2420 illusummatim

303 2464 369 2508 esse
380 2445 424 2506 ait
435 2444 630 2506 necessitate:
641 2467 657 2502 u
668 2462 737 2523 quaa
749 2442 819 2504 ideo
832 2442 875 2504 sie
884 2442 1068 2526 appellatur,
1120 2447 1269 2509 haetenus
1282 2450 1506 2528 comprehensa
1519 2451 1648 2531 legerit:
1672 2450 1891 2530 theriacopolas

307 2558 320 2596 a
336 2538 410 2618 quia
421 2536 549 2617 quivult
562 2535 733 2616 quippiam,
748 2535 842 2597 habet
855 2535 890 2595 in
902 2552 958 2596 sua
971 2540 1071 2614 potes·
1120 2545 1201 2600 artes
1214 2559 1249 2601 ac
1257 2540 1381 2603 fraudes
1389 2542 1493 2604 statim
1501 2542 1743 2611 animadvertet:
1756 2560 1813 2603 nec
1821 2542 1891 2621 ejus

303 2630 375 2705 iate,
406 2635 443 2690 ut
463 2629 547 2708 quod
569 2628 637 2688 vult
659 2627 754 2689 etiam
775 2628 870 2708 possit
890 2626 993 2701 nolle3
1016 2630 1071 2686 aut
1120 2632 1260 2693 mendaci
1284 2634 1438 2713 praeconio
1461 2634 1707 2710 circumventus,
1736 2653 1792 2714 pro
1819 2634 1891 2696 the·

304 2731 411 2783 contra
425 2721 509 2802 quod
521 2739 586 2782 non
600 2720 678 2796 vult,
693 2719 782 2781 velle.
799 2719 960 2794 Quomodo
974 2718 1072 2780 libera
1120 2724 1212 2793 riam,
1241 2742 1398 2786 venenum
1412 2725 1469 2786 sibi
1482 2725 1590 2787 induci
1611 2726 1757 2806 patietur.
1784 2726 1888 2801 Certe,

304 2814 462 2875 voluntate
475 2813 543 2874 vult
563 2813 654 2889 Deus,
682 2824 886 2893 quecumque
900 2811 975 2872 foris
996 2828 1070 2890 ope·
1120 2816 1203 2895 quod
1217 2817 1316 2897 capite
1330 2818 1465 2879 secundo
1488 2818 1674 2898 premonui,
1701 2823 1890 2898 perpetuum

304 2912 410 2967 ratur:
428 2911 463 2966 ut
489 2923 586 2966 novas
607 2904 773 2966 hominum
787 2904 905 2965 animas
926 2902 1069 2976 condere,
1120 2908 1203 2968 illius
1230 2909 1363 2970 orationi
1377 2908 1500 2986 fucum,
1528 2928 1564 2970 ac
1589 2910 1674 2971 vocis
1701 2909 1891 2971 calumniam

303 2999 373 3079 pios
395 2997 433 3059 de
460 2996 629 3060 tentatione
652 2996 784 3077 eripere,
810 2996 922 3074 impios
949 2993 1072 3056 aeternis
1121 3000 1261 3078 subesse,
1275 3001 1385 3081 idjam
1401 3001 1511 3064 lectori
1534 3020 1597 3062 non
1613 3000 1757 3081 imperito
1769 3001 1891 3082 perspi-

304 3087 1072 3168 cmcintibusreservare.Etsicutapudblatthaeum
1122 3110 1217 3153 enum
1250 3110 1315 3154 esse
1349 3093 1482 3155 confido.
1512 3094 1592 3154 Nam
1619 3110 1693 3155 oum
1722 3094 1760 3154 de
1790 3092 1889 3154 bbere

304 3179 468 3258 legimus¹,
493 3180 595 3260 potuit
623 3179 717 3241 Filius
736 3179 861 3267 Patrem
881 3197 1008 3258 rogare,
1037 3183 1073 3238 ut
1122 3183 1257 3245 hominis
1270 3184 1397 3246 arbitrio
1411 3191 1476 3245 tota
1489 3185 1649 3247 Patavium
1669 3203 1705 3245 ac
1718 3184 1890 3246 Ricardum

305 3273 467 3335 exhiberet
487 3272 545 3333 sibi
566 3273 731 3352 plusquam
755 3271 920 3334 duodecim
934 3271 1072 3351 legiones
1122 3275 1214 3353 inter,
1230 3281 1261 3337 et
1274 3276 1348 3338 novi
1367 3282 1526 3338 auctorem
1549 3276 1704 3356 dogmatis
1716 3282 1891 3338 essetoom·

306 3366 507 3445 angelorum:
533 3365 615 3444 quod
641 3371 747 3425 tamen
768 3383 832 3425 non
854 3365 984 3444 rogavit.
1011 3363 1073 3424 Sed
1123 3374 1206 3428 mota
1220 3368 1363 3447 quaestio,
1378 3374 1503 3430 exortus
1516 3369 1583 3443 iste,
1599 3369 1766 3448 deploratae
1788 3387 1890 3430 causae

307 3459 395 3519 Pater
417 3476 481 3519 non
500 3456 598 3518 libera
615 3457 774 3519 voluntate
788 3457 886 3536 diligit
900 3457 1023 3532 Filium,
1038 3460 1073 3516 ut
1122 3477 1188 3520 nou
1202 3460 1299 3538 magis
1312 3466 1473 3540 patronus,
1498 3478 1594 3540 quam
1612 3460 1837 3540 praevaricator,
1852 3478 1890 3522 ac

306 3550 360 3630 qui
386 3550 474 3611 illum
500 3569 565 3610 non
587 3548 684 3629 possit
708 3568 773 3609 nou
795 3548 933 3628 diligere.
961 3546 1073 3625 Angeii
1123 3551 1273 3631 proditor,
1303 3552 1359 3630 qui
1373 3552 1593 3614 circulatorum
1611 3568 1710 3627 more,
1732 3571 1810 3632 quos
1830 3550 1891 3614 tta·

306 3660 430 3722 quoque
452 3639 550 3702 libera
572 3641 731 3701 voluntate
758 3659 815 3721 pro
839 3640 908 3717 his,
933 3645 987 3701 aut
1012 3639 1073 3699 illis
1124 3643 1215 3704 ribcoe
1228 3643 1411 3705 institutores
1424 3645 1517 3724 vulgo
1530 3645 1709 3713 nominant,
1727 3644 1891 3725 prestigiis

306 3734 487 3795 hominibus
496 3732 579 3813 apud
591 3733 690 3793 Deum
700 3732 913 3794 intercedunt:
927 3732 981 3793 sed
994 3731 1073 3793 felici
1124 3736 1187 3795 suis
1213 3741 1377 3797 conaretur
1403 3736 1541 3799 illudere.
1568 3737 1673 3815 ltaque
1695 3742 1802 3797 contra
1823 3736 1887 3810 illa,

307 3827 441 3906 quadam
464 3825 642 3887 necessitate
661 3824 817 3886 constricti
841 3826 950 3900 Deum,
980 3830 1074 3904 atque
1124 3845 1194 3906 qnae
1206 3827 1245 3888 de
1259 3848 1271 3885 a
1288 3827 1384 3889 libero
1393 3827 1549 3889 arbitrio»
1564 3829 1700 3909 propria,
1715 3832 1747 3888 et
1755 3833 1890 3890 contrac·

303 3917 456 3998 justitiam
475 3916 675 3979 immobiliter
699 3917 878 3997 diligunt»
907 3923 965 3978 etc.
980 3916 1073 3997 paulo
1126 3919 1198 3979 tiori
1210 3919 1337 3981 notione
1346 3925 1480 4000 sumpta,
1491 3918 1583 3981 ambo
1591 3920 1636 3980 illi
1648 3920 1888 4002 disputaverant,

308 4016 389 4090 post,
408 4032 424 4069 a
433 4009 486 4070 sed
496 4010 529 4069 in
539 4027 586 4085 eo,
598 4009 683 4089 quod
695 4009 839 4071 homines
848 4008 906 4070 sibi
916 4009 996 4070 bene
1010 4026 1074 4070 esse
1125 4010 1205 4071 nibil
1219 4011 1276 4072 iste
1290 4012 1407 4091 garrire
1430 4012 1599 4073 admodum
1620 4029 1725 4088 ausus,
1751 4011 1785 4072 in
1801 4012 1891 4074 liber·

308 4101 433 4171 volunt,
462 4100 580 4179 inquit,
607 4108 638 4162 et
665 4101 821 4162 miseriam
845 4100 981 4180 fugiunt,
1009 4119 1074 4162 non
1127 4103 1198 4163 tatis
1224 4103 1352 4183 ancipiti
1375 4103 1525 4166 vocabulo
1551 4105 1700 4165 latebram
1726 4103 1887 4183 quaesivit,

308 4193 466 4256 ducuntur
474 4191 752 4254 liberavoluntate:
766 4192 903 4272 quiahos
911 4193 1076 4254 rationales
1125 4195 1746 4275 convictoeacproiligataerlrmaoauorum
1754 4195 1889 4257 heresis:

309 4290 413 4346 motus
436 4283 606 4347 necesaria
630 4284 775 4358 retinent,
800 4290 856 4346 sut
874 4285 908 4345 in
921 4291 1002 4362 adu,
1022 4290 1077 4346 aut
1126 4292 1180 4347 aut
1188 4286 1327 4365 ejusdcm
1335 4287 1523 4367 aliageneris
1531 4288 1662 4368 arripuit
1670 4292 1893 4369 ἐπαμφοτερίζοντα

309 4378 419 4439 saltem
431 4377 465 4438 in
473 4377 593 4451 habitu,
605 4383 635 4438 et
648 4376 771 4439 vi1tute.
789 4398 801 4434 ι
1126 4384 1157 4440 et
1168 4378 1297 4459 cacapiti
1308 4396 1362 4441 asu
1369 4379 1548 4461 pleramque
1560 4378 1707 4459 solemio,
1722 4378 1762 4440 da
1779 4379 1892 4458 quibus

351 4470 433 4531 Sunt
459 4476 490 4531 et
516 4470 660 4531 alienon
682 4487 793 4550 pauca,
817 4488 887 4550 quaa
909 4467 1025 4531 ibidem
1038 4471 1077 4532 de
1126 4488 1211 4532 mox.

310 4558 408 4621 bbere
426 4560 565 4634 arbitrio,
581 4580 636 4623 seu
648 4562 808 4624 voluntate
825 4561 934 4639 libero,
958 4562 1079 4624 disserb
1167 4562 1307 4624 ILNunc
1318 4562 1731 4637 illudobservarivolumus3
1747 4560 1893 4624 libertatis

312 4651 414 4728 Baius,
429 4657 495 4712 tam
504 4652 702 4727 Calviuianae,
713 4671 808 4734 quam
816 4654 934 4734 iprensi
947 4654 1077 4715 novitati
1127 4671 1255 4731 nomen,
1270 4655 1427 4715 interdum
1438 4653 1531 4716 latius
1540 4653 1693 4735 usurpari.
1706 4659 1741 4713 ut
1750 4652 1834 4715 idem
1842 4655 1891 4732 sit,

311 4744 475 4820 mntraria,
493 4744 585 4804 ethis
608 4750 824 4820 consentanea,
840 4765 910 4825 quas
925 4764 962 4808 ex
976 4747 1078 4808 catha
1127 4744 1392 4815 acceleraturum,
1408 4746 1472 4807 sive
1483 4755 1683 4827 spontaneum.
1703 4747 1751 4806 Ita
1765 4747 1797 4807 S.
1812 4747 1893 4808 Tho·

310 4834 377 4895 licre
390 4834 462 4896 fidei
472 4835 580 4915 regula
592 4835 733 4915 superius
746 4837 886 4917 exposui.
896 4839 1013 4900 Verum
1026 4838 1078 4899 illa
1128 4855 1194 4898 mos
1217 4855 1287 4899 cum
1302 4837 1380 4898 illud
1400 4837 1541 4918 quaerit¹,
1561 4843 1670 4899 utrum
1683 4837 1825 4898 volumtas
1838 4836 1894 4898 ali·

312 4943 383 5005 quae
406 4927 552 4987 adnotavi
575 4928 647 4987 satis
675 4946 740 4989 esse
755 4928 886 4990 debent:
911 4929 1079 5009 exquibus
1129 4929 1263 5009 quidex
1286 4930 1465 4992 necessitate
1485 4936 1619 5011 appetat,
1645 4929 1729 5004 huie,
1752 4929 1835 5008 quod
1861 4928 1896 4989 in

311 5017 445 5079 liberum
460 5017 622 5079 arbitrium
635 5018 812 5097 hujusmodi
823 5039 887 5082 esse
901 5027 1030 5097 constat,
1045 5027 1082 5082 ut
1129 5021 1231 5101 primo
1258 5031 1442 5102 argumento
1464 5027 1675 5103 proposuerat,
1700 5022 1780 5083 nihil
1797 5033 1834 5082 ut
1845 5039 1898 5101 ap

313 5109 343 5171 ei
357 5110 523 5173 necessitas
535 5110 574 5172 ad
597 5128 699 5172 unum
721 5112 930 5174 determinans
942 5114 1081 5195 opposita
1129 5113 1194 5194 peti
1212 5115 1384 5175 necessario
1411 5119 1610 5192 monstraret,
1645 5135 1661 5171 a
1680 5113 1708 5174 si
1720 5111 1838 5192 aliquid
1851 5117 1899 5173 est

313 5202 364 5281 sit,
378 5202 502 5267 tametsi
523 5202 707 5278 voluntaria,
730 5203 822 5267 idest
843 5215 1013 5287 spontanea
1029 5206 1077 5268 sit.
1131 5206 1350 5283 necessarium,
1370 5212 1496 5269 auctora
1517 5203 1720 5287 Augustino⁸‚
1745 5222 1811 5266 non
1832 5221 1899 5267 esse

343 5403 352 5450 t
366 5405 440 5451 tute.
453 5402 564 5450 nvn-t
576 5403 619 5451 lul
627 5417 648 5461 p.
659 5416 681 5462 q.
697 5416 776 5457 amir,
785 5417 806 5451 a.
819 5405 867 5451 t·
878 5406 892 5450 a
905 5404 1010 5455 blatta
1021 5405 1067 5453 cto.
1076 5417 1124 5452 ar.
