4036 6162
368 350 429 414 29⁴
832 415 835 421 Δ
873 349 1196 423 runotocmouutt
1220 349 1439 414 montrum

368 520 422 601 qul
437 518 583 599 perierat,
611 519 856 600 recuperandam
883 520 1024 596 salutem,
1053 521 1138 582 bono
1188 520 1358 582 neeinillis
1367 521 1587 601 quidamque
1595 528 1915 608 prosperaturus,

368 613 440 674 dolo
454 617 617 675 estinan.
634 613 694 674 Sed
718 610 802 675 addit
819 613 924 674 nescio
943 614 1029 694 quid,
1055 612 1138 693 quod
1187 612 1331 692 impediri
1357 618 1458 693 potest
1470 622 1532 675 θ.»
1563 615 1819 689 Quemadmodum
1836 620 1918 699 ignem
1974 624 1975 639 ¹

368 710 522 766 attentum
535 725 571 767 ac
586 711 713 767 cautum
735 705 883 769 lectorem
901 706 1043 786 requirit.
1059 706 1139 767 Nam
1188 723 1312 767 sursum
1326 706 1385 766 niti
1405 724 1499 768 namo
1511 707 1661 769 miratur:
1681 710 1917 776 eumdemrcmsi

367 796 445 858 illud
465 797 631 858 artificium
652 799 859 859 succurrentis
873 798 1005 875 homini,
1021 817 1056 858 ac
1069 816 1138 860 me·
1188 799 1334 860 deorsum
1376 800 1520 878 marium
1558 818 1723 880 corporum
1758 816 1836 865 more
1862 804 1918 868 ferri

368 889 468 950 dentis
484 890 549 966 Dei,
564 890 599 950 in
610 891 810 970 hostisipsius
822 890 1001 966 utilitatem,
1015 895 1047 950 et
1061 891 1142 951 salu·
1188 892 1368 967 videamus,
1396 896 1465 952 tum
1492 891 1527 952 in
1553 892 1783 955 admirationem
1796 897 1918 975 rapimur.
1974 908 1975 911 ’

370 982 568 1043 temrertisse
581 981 687 1043 scribit
703 1001 710 1043 ι
725 982 808 1060 quod
823 983 964 1061 Origenie
978 983 1140 1044 lucernam
1193 1005 1208 1041 ι
1227 984 1277 1045 Sic
1300 1000 1373 1059 crgo
1396 984 1535 1044 divinam
1550 990 1802 1066 praetantemque
1821 989 1883 1065 vim,
1894 1010 1920 1052 se

368 1073 448 1147 olet;
464 1074 518 1153 qui
531 1074 626 1154 longo
639 1074 801 1135 intervallo
822 1075 1019 1137 inventorem
1038 1076 1140 1136 omnis
1188 1077 1372 1153 potestatem
1385 1091 1450 1134 non
1464 1074 1634 1136 cmlestium
1653 1075 1810 1154 globorum
1825 1082 1919 1159 magri·

368 1165 444 1225 mali
474 1166 633 1233 diabolum
662 1167 697 1226 in
722 1166 880 1245 integrum
910 1168 1140 1228 restituendum
1189 1154 1333 1242 tudines,
1361 1183 1427 1226 non
1451 1166 1589 1228 siderum
1603 1167 1792 1247 splendores,
1810 1188 1864 1230 nou
1881 1172 1920 1232 ills
1974 1144 1975 1235 ί

369 1275 433 1316 esse
448 1257 561 1320 docuit.
585 1259 664 1321 Vide
687 1277 756 1338 qum
771 1260 809 1320 de
833 1260 902 1321 loco
924 1260 978 1320 illo
1002 1260 1141 1338 Gregorii
1189 1261 1318 1317 ornatus
1332 1259 1480 1331 universi,
1496 1277 1561 1319 non
1572 1265 1721 1339 perpetua
1733 1278 1830 1323 rerum
1842 1263 1920 1324 admi·
1974 1240 1975 1305 ί

369 1350 510 1429 Nysseni,
526 1351 732 1412 acnonnullis
753 1351 821 1412 aliis
842 1352 978 1413 diximus
999 1351 1034 1412 in
1047 1352 1140 1413 tertio
1189 1350 1329 1411 nistratio
1355 1350 1432 1411 adeo
1457 1350 1669 1428 demonstrat,
1700 1358 1735 1413 ut
1759 1352 1808 1413 ille
1825 1354 1920 1417 Dciad

369 1443 449 1503 libro
463 1440 499 1502 de
512 1442 635 1523 Απρείιέ
646 1442 673 1518 ¹3
689 1443 744 1503 ubi
760 1444 798 1505 dc
818 1444 1006 1524 sempiterna
1028 1445 1141 1507 darno·
1189 1446 1309 1502 naturae
1321 1447 1435 1503 norbae
1449 1442 1693 1505 imbecillitatem
1705 1444 1899 1507 descensiol.»

372 1553 448 1596 num
461 1553 554 1613 poena
566 1535 799 1614 disputavimus.
1229 1533 1295 1594 XX.
1318 1535 1394 1594 lure
1427 1534 1531 1614 itaque
1571 1536 1708 1597 loannes
1746 1537 1920 1600 Damasceuus

201 1618 349 1661 ¹¹¹¹1¹⁰⁸f¹¹⁸·
412 1626 492 1687 XlX.
516 1626 559 1687 lle
582 1626 739 1705 potentia,
764 1627 827 1688 imo
850 1628 889 1688 de
916 1629 1142 1707 omnipotentia
1194 1626 1371 1687 «omnium
1398 1642 1553 1688 novomm
1580 1628 1716 1690 maxime
1737 1625 1844 1691 borum
1863 1630 1921 1691 illud

202 1671 348 1778 ίθίιίθίίίθῘ
373 1718 478 1778 divina
496 1719 676 1799 proximum
696 1725 741 1779 est
767 1727 802 1781 ut
828 1737 973 1798 agamus:
999 1720 1087 1799 cujus
1105 1722 1140 1780 in
1189 1718 1342 1797 appellat:
1365 1719 1450 1797 quod
1471 1720 1574 1782 solum
1595 1739 1715 1782 norum
1728 1727 1771 1782 est
1787 1722 1837 1782 sub
1858 1723 1919 1798 sole;

203 1777 347 1876 uappppqsn.
372 1808 426 1871 illo
454 1811 602 1889 mysterio
625 1812 730 1879 decus,
768 1826 803 1872 ao
830 1814 990 1892 specimen
1021 1816 1137 1887 exstat,
1189 1811 1342 1890 perquod
1356 1810 1479 1872 infinita
1493 1813 1547 1874 Dei
1564 1814 1704 1893 potentia
1726 1813 1870 1875 mannan
1886 1813 1919 1876 it.

372 1909 526 1981 quantum
555 1903 589 1962 in
609 1902 696 1964 nullo
721 1909 904 1965 ceterorum
926 1922 1077 1983 operum:
1106 1912 1142 1965 ut
1191 1903 1270 1976 Quid
1290 1903 1376 1964 enim
1389 1904 1492 1983 majus
1505 1910 1561 1981 est,
1580 1923 1677 1986 qnam
1691 1909 1785 1968 Deum
1794 1906 1921 1968 hominen

371 1994 501 2055 Basilius
514 1995 602 2073 gravi
616 1997 754 2057 oratione
766 1997 923 2075 praedicat
950 1998 1045 2058 «Non
1056 1996 1141 2057 enim
1189 2012 1254 2056 esse
1277 1995 1408 2057 factum⁶
1421 1996 1466 2057 t»
1485 1997 1537 2058 Sic
1557 1999 1752 2078 Augustinus
1769 1998 1879 2079 epistola
1896 2017 1919 2060 ν.

370 2092 531 2167 tantopere
547 2088 671 2161 eoelum,
694 2088 749 2163 ait,
767 2107 824 2150 neo
838 2094 941 2166 terra,
957 2102 1057 2169 neque
1073 2104 1140 2148 ma·
1195 2108 1210 2145 ιι
1222 2088 1300 2162 Quia
1312 2106 1386 2168 ergo
1399 2106 1464 2149 non
1478 2090 1651 2169 oportebat,
1666 2097 1701 2153 ut
1713 2102 1822 2153 novum
1833 2090 1922 2151 buret

371 2180 455 2240 rium
466 2180 775 2256 immensitas,necea
785 2199 855 2261 quae
866 2182 1027 2261 deguntin
1040 2182 1139 2261 aquis,
1191 2181 1356 2256 mundum,
1378 2196 1458 2242 nova
1470 2181 1541 2243 fecit
1558 2182 1735 2246 inmundo.
1752 2184 1842 2245 Homo
1859 2183 1921 2244 auin

372 2272 474 2331 autin
492 2272 582 2332 terris
600 2273 788 2347 animantia,
811 2292 913 2353 neque
932 2275 1059 2353 stirpes,
1084 2290 1142 2335 neo
1191 2273 1229 2334 de
1241 2274 1368 2352 Virgine
1380 2280 1569 2353 procreatus,
1585 2281 1617 2337 ct
1637 2296 1656 2337 a
1677 2277 1803 2338 mortuis
1815 2276 1921 2336 irater·

363 2363 463 2437 'astra
479 2381 538 2424 nec
553 2381 622 2438 aer,
642 2382 828 2426 nccannuse
850 2371 1058 2446 tempestates,
1084 2385 1142 2428 nec
1191 2383 1264 2426 nam
1276 2367 1372 2427 vitam
1386 2366 1600 2442 resuscitatus,
1618 2368 1922 2450 etsupercmloscxal·

372 2454 427 2514 illa
440 2455 614 2516 admirabili
630 2457 777 2518 varietate
792 2457 935 2521 distincta
948 2476 1055 2518 rerum
1068 2459 1140 2519 uni·
1192 2463 1282 2534 tabis,
1311 2461 1466 2539 potentius
1499 2461 1629 2523 fortasse
1663 2479 1741 2541 opus
1768 2466 1823 2538 est,
1851 2476 1922 2540 quan

372 2547 732 2621 versitas,·exrellentem
751 2550 816 2610 vim
841 2551 897 2611 Dei
921 2550 1138 2627 commendat;
1190 2551 1367 2612 muudus.»
1395 2538 1433 2612 Et
1457 2553 1633 2615 Bernardus
1658 2554 1731 2615 forti
1744 2573 1778 2615 ac
1799 2554 1881 2629 ειιινί,
1897 2557 1923 2612 ut

373 2648 526 2719 quantum
549 2641 757 2715 bludunam,
786 2642 923 2720 potuisse
945 2643 1058 2717 Deum,
1086 2642 1141 2722 qui
1189 2643 1286 2718 solet,
1320 2643 1460 2705 oratione
1483 2644 1754 2708 admirabilitatem
1776 2646 1872 2706 divine
1897 2644 1921 2704 io

374 2733 648 2812 comprehendiab
662 2734 749 2795 nullo
764 2739 874 2813 potest,
884 2734 959 2795 citra
968 2734 1141 2813 passionem
1190 2739 1275 2796 tanto
1300 2737 1448 2816 mysterio
1476 2737 1634 2816 potcstatis
1660 2736 1922 2801 illustraturus

373 2825 520 2906 aliquam,
544 2842 600 2906 per
624 2846 749 2888 carnem
768 2840 840 2887 curm
855 2833 955 2888 morte
977 2828 1139 2905 congredir
1190 2845 1295 2906 opera,
1310 2828 1423 2907 inquit,
1439 2835 1501 2890 tres
1515 2830 1668 2892 mixturas
1680 2832 1750 2892 iecit
1765 2831 1923 2909 omnipotens

373 2919 421 2981 uti
447 2919 574 2998 propria
596 2920 738 2999 passione
768 2919 859 2979 nobis
881 2918 1142 2998 impatibilitatem
1189 2918 1243 2979 illa
1266 2921 1410 2998 majestas
1428 2921 1462 2982 in
1485 2924 1699 3002 assumptione
1721 2928 1825 2984 nostra
1837 2920 1921 2996 nmis,

372 3009 584 3072 tribueretl.»
609 3011 670 3078 Qui
695 3010 798 3072 Basilii
824 3011 910 3071 locus
932 3012 967 3071 in
988 3010 1142 3090 Ephesina
1190 3011 1232 3071 ita
1246 3010 1444 3087 singulariter
1461 3014 1628 3089 mirabilia,
1653 3021 1684 3077 et
1703 3013 1923 3077 mirabilitersin·

373 3102 493 3181 synodo
506 3103 651 3163 recitatus
663 3101 734 3164 cst.
1190 3103 1326 3181 galacia,
1346 3105 1539 3167 attalianec
1553 3105 1730 3184 laetasint,
1747 3125 1799 3168 nec
1815 3104 1923 3167 facienda
1974 3116 1975 3119 ’

414 3194 549 3254 Pressius
572 3194 656 3256 idem
682 3194 758 3255 illud
789 3199 916 3271 tractm,
952 3199 983 3255 et
1009 3195 1143 3258 inculcat
1190 3195 1254 3256 sint
1266 3196 1400 3275 amplius
1411 3203 1644 3277 superterram.
1661 3200 1825 3278 conjuncta
1835 3196 1923 3277 quippo

373 3286 540 3365 Gregorius
557 3287 714 3367 Nyssenus
727 3287 761 3347 in
774 3286 852 3347 libro
873 3285 1069 3348 Coteclretr'co:
1085 3289 1141 3349 ubi
1190 3290 1263 3348 sunt
1275 3289 1409 3350 invicem
1423 3291 1503 3351 Deus
1515 3296 1547 3351 et
1560 3291 1791 3371 homo,‚matcr
1801 3297 1829 3352 ct
1841 3290 1921 3364 drgo,

377 3384 549 3440 «naturam
559 3380 805 3459 omnipotentem
815 3379 853 3440 ad
865 3379 1012 3440 humanm
1022 3385 1141 3441 natura
1189 3379 1266 3441 fides
1300 3384 1331 3441 et
1360 3400 1414 3442 cor
1439 3381 1628 3445 humanum.
1659 3382 1848 3445 Admirabiles
1874 3381 1923 3439 iste

373 3470 522 3533 uilitatem
547 3473 683 3552 potuisse
708 3472 911 3548 descendere,
945 3471 1047 3550 malus
1076 3491 1142 3534 esse
1190 3473 1348 3547 mixturas,
1367 3479 1398 3534 et
1417 3474 1503 3535 omui
1518 3475 1671 3538 miraculo
1685 3474 1852 3546 mirabilius,
1863 3488 1921 3551 quo·

371 3563 519 3642 potentias
544 3564 587 3624 ait
616 3568 855 3643 argumentum,
885 3581 980 3643 quam
1001 3564 1142 3642 ingentia
1190 3565 1360 3626 modotam
1375 3566 1507 3642 diversa,
1523 3567 1805 3648 tamqueditisaab
1818 3565 1923 3626 mucan

371 3655 539 3735 qualibet,
574 3674 611 3718 ae
639 3656 792 3736 stupenda
821 3656 981 3718 miracula.
1014 3657 1139 3717 Etenim
1191 3661 1360 3735 potuertmt
1379 3658 1568 3737 conjungi.»
1587 3657 1922 3739 Quassinguladeinceps

370 3766 521 3827 magnum
534 3748 662 3827 aliquid,
677 3752 709 3808 et
723 3747 878 3808 excelsum
888 3747 1045 3808 elaborare
1060 3748 1137 3809 divi·
1188 3747 1373 3827 eleganter,
1409 3751 1594 3831 copioseque
1629 3753 1827 3833 prosequitur.
1857 3746 1923 3807 Hanc

368 3842 630 3922 nampotentiam‚
642 3840 1138 3921 naturaequodammodoconsen·
1185 3839 1287 3920 ipsam
1300 3841 1392 3919 plane
1415 3843 1600 3921 stupendam
1620 3845 1793 3905 mistionem
1807 3837 1923 3922 predicat

367 3938 496 3995 taueum
525 3937 590 4012 est,
620 3938 651 3994 ct
676 3944 884 4012 consequens,
914 3937 972 3993 eto.
996 3932 1038 3993 at
1062 3949 1136 3993 vero
1186 3932 1355 4011 Gregorius
1367 3933 1836 3998 Nazianzenusorationexxm.
1851 3931 1923 3990 uPrt

367 4024 510 4105 delapsus
523 4025 575 4086 ille
594 4025 633 4086 ad
648 4025 680 4085 id
693 4024 779 4103 quod
792 4024 949 4103 abjectum
963 4030 1020 4101 est,
1035 4022 1136 4085 etbu-
1183 4029 1290 4104 pterea
1316 4025 1501 4103 miscentur,
1518 4027 1637 4107 inquit,
1671 4034 1740 4107 qna
1762 4022 1922 4088 mouerint·

271 4161 276 4170 ,
367 4117 457 4195 mile,
472 4117 819 4198 abundantiaquacdam
833 4116 1134 4196 supulcrumque
1183 4121 1322 4195 quanam
1344 4134 1380 4178 ac
1402 4135 1468 4178 uon
1490 4117 1593 4181 solum
1620 4119 1772 4182 nabmmti
1796 4119 1878 4183 Deus,
1899 4114 1922 4171 ei

401 4307 423 4347 a
440 4290 510 4347 lbld.
530 4288 564 4344 Ὃ
589 4289 632 4361 μὲν
651 4289 699 4362 γὰρ
720 4287 759 4343 ἀπὶ
779 4290 897 4362 διαφθορᾷ
917 4294 961 4357 της
979 4288 1072 4361 ρίσεως
1092 4289 1136 4357 τὴν
1185 4307 1259 4357 τητος
1267 4288 1401 4356 καταθῆναι
1410 4287 1519 4362 ίσχθσαι,
1530 4291 1633 4346 πλείονα
1642 4292 1687 4362 τὴν
1697 4290 1810 4353 tassilo
1819 4293 1856 4354 τῆς
1866 4282 1921 4340 doti*

365 4374 459 4444 ἀπάτην
487 4372 627 4447 ἐνήργησεν·
650 4372 664 4427 θ
686 4371 713 4426 δὲ
740 4372 831 4436 δίκαιος
852 4375 902 4445 ἅμα
920 4373 961 4426 καί
977 4370 1074 4444 ἀγαθδς,
1095 4373 1137 4425 καί
1187 4390 1251 4444 μεως
1265 4371 1329 4444 ἔχει,
1345 4372 1360 4439 ἢ
1376 4371 1408 4425 τά
1423 4373 1518 4444 μεγάλα
1531 4392 1569 4439 τε,
1584 4375 1624 4427 καί
1638 4374 1744 4447 θπερρνῆ
1755 4380 1802 4428 τῶν
1814 4369 1921 4442 tmpdrou

364 4459 438 4528 σορὸς
452 4457 491 4511 tet
509 4453 618 4530 σωτηρίᾳ
645 4461 688 4512 τοῦ
711 4457 904 4529 καταρθαρέντος
929 4453 1069 4530 ιῇέπινοίᾳ
1092 4459 1136 4522 τῆς
1185 4459 1239 4509 etc.
1259 4452 1294 4507 ‘il
1323 4452 1349 4507 δί
1367 4456 1427 4527 πρὸς
1455 4455 1484 4509 rb
1504 4458 1619 4511 ταπεινθν
1642 4458 1757 4524 κάθοδος,
1777 4449 1921 4528 repromittit

364 4540 458 4610 ἀπάτης
472 4539 605 4614 ἐχρήσατο.
1185 4533 1236 4590 ἔστι
1248 4539 1291 4603 τῆς
1305 4537 1440 4608 δυνάμεως,
1449 4530 1519 4591 uitta
1528 4536 1552 4591 ἐν
1566 4541 1619 4601 τοῖς
1632 4540 1699 4613 παρὰ
1712 4538 1778 4612 ρθσιν
1790 4533 1920 4607 κυλιομένην·

401 4622 417 4679 θ
437 4620 523 4680 Rasin.
544 4622 592 4679 lib.
609 4612 647 4680 ιίθ
667 4624 717 4696 Sp.
738 4628 850 4679 sanctu.
869 4638 928 4694 cup.
953 4632 1012 4676 rm.
1028 4619 1063 4675 Οὒ
1086 4618 1134 4693 γὰρ
1219 4617 1241 4674 d
1260 4613 1298 4674 lb.
1315 4616 1399 4682 Οθτως
1413 4621 1452 4674 καί
1466 4620 1511 4688 τὴν
1525 4620 1590 4675 θείαν
1602 4636 1640 4688 τι,
1655 4618 1856 4695 καίθπερίχουσαν
1867 4615 1920 4668 stu·

362 4698 480 4760 τσσοῦτον
494 4705 603 4778 οθρανθς,
619 4704 660 4759 καί
674 4709 717 4778 γῆ,
734 4704 818 4759 καὶτὰ
833 4702 920 4778 μεγέθη
935 4711 985 4759 τῶν
1008 4704 1133 4776 πελαγῶν,
1183 4720 1234 4773 μιν,
1257 4694 1301 4755 cdx
1321 4696 1430 4774 οθρανῶν
1446 4702 1544 4776 μεγέθη,
1569 4706 1610 4758 καί
1633 4705 1765 4779 ρωστηρων
1778 4702 1849 4773 adqui,
1860 4694 1892 4751 rui
1908 4693 1919 4762 ί

363 4790 404 4842 καί
417 4788 449 4842 τὰ
461 4788 485 4841 ἐν
495 4788 564 4842 θδασι
579 4789 738 4861 διαιτώμενα,
756 4790 797 4841 καί
816 4786 848 4843 τά
860 4788 967 4893 γερσαῗα
984 4793 1033 4841 τῶν
1051 4788 1132 4851 ζώων,
1183 4788 1226 4838 τοῦ
1241 4782 1331 4846 παντθς
1340 4782 1509 4859 διακόσμησις,
1524 4786 1592 4856 calb
1609 4786 1718 4857 διηνεκὴς
1732 4790 1779 4843 τῶν
1791 4786 1857 4841 ὄντων
1868 4774 1918 4833 νθθ-

362 4872 402 4925 καί
414 4870 486 4943 ρατά,
501 4872 541 4924 καί
563 4870 669 4943 ἀστέρες,
685 4870 699 4925 θ
713 4871 770 4945 ἀὴρ,
793 4872 833 4925 καί
857 4892 929 4943 ωραι,
949 4868 990 4924 καί
1005 4862 1019 4938 ί]
1033 4870 1132 4939 ποικίλη
1182 4868 1258 4939 sopio
1271 4872 1399 4933 τοσοῦτον,
1416 4870 1474 4923 ὅσον
1488 4863 1504 4938 ἢ
1519 4864 1558 4927 inl
1573 4870 1602 4926 τθ
1616 4870 1711 4935 ἀσθενὲς
1726 4868 1856 4942 τῆςφῦσῐως
1864 4860 1918 4933 iifl*

363 4958 406 5008 τοῦ
420 4953 510 5016 παντὸς
523 4956 691 5026 διακόσμησις,
706 4952 736 5008 rb
746 4952 865 5027 θπερθγον
879 4958 921 5021 τῆς
934 4950 1017 5026 ίσχθος
1025 4952 1135 5020 συνίστη·
1183 4952 1360 5023 σνγιιατάθασις
1374 4950 1490 5008 δείκνυσι.

361 5055 410 5101 σιν,
421 5039 480 5091 ὅσον
498 5038 527 5091 τὸ
541 5037 669 5105 δυνηθῆναι
690 5036 731 5090 rba
751 5037 803 5089 bedu
823 5038 866 5090 τὸν
889 5037 1020 5109 ἀγώρητον
1036 5035 1134 5099 ἀπαθῶς
1218 5048 1233 5091 e
1251 5033 1366 5093 Dttttsc.
1382 5034 1429 5091 lib.
1446 5034 1493 5103 ΙΙΙ,
1509 5050 1569 5109 cup.
1586 5054 1604 5093 1.
1629 5032 1675 5092 Καὶ
1689 5028 1825 5092 intractus
1836 5026 1861 5085 ςθ
1872 5024 1918 5080 τάν·

361 5119 402 5174 διὰ
416 5120 503 5193 σαρκὸς
528 5120 695 5187 συνπλαιιῆναι
719 5125 754 5192 τῷ
768 5120 876 5191 θανάτῳ,
890 5120 933 5171 ἵνα
945 5117 1004 5190 ἡμῖν
1018 5118 1055 5190 τῷ
1079 5117 1133 5191 ίδίιρ
1183 5130 1231 5170 τιον
1245 5122 1335 5171 καινῶν
1351 5121 1505 5186 καινότατον,
1523 5119 1552 5175 ‘cb
1570 5123 1645 5193 μόνον
1657 5121 1738 5175 καινὸν
1751 5114 1795 5173 tat
1805 5112 1841 5171 tbi
1853 5113 1916 5180 θλίῦί·

361 5204 430 5257 πάθει
439 5203 483 5272 τὴν
499 5198 613 5257 ἀπάθειαν
623 5202 765 5276 χαρίζηται.
886 5250 895 5271 ,
1181 5194 1214 5253 δι’
1228 5192 1256 5255 od
1270 5198 1286 5267 θ
1301 5201 1398 5275 ἄπειρος
1419 5207 1463 5258 τοῦ
1485 5202 1539 5257 θεοῦ
1560 5200 1714 5276 ἐμφανίζεται
1735 5189 1917 5274 strepentis

397 5298 412 5342 θ
431 5286 519 5342 Girsu.
536 5286 617 5345 Nisa.
637 5301 698 5358 cup.
714 5302 778 5341 xxiv
794 5286 887 5341 Galeo-
902 5280 1006 5355 Πρῶτον
1026 5282 1068 5356 μὲν
1089 5274 1132 5335 οὖν
1183 5284 1267 5353 μεῖζον
1280 5286 1323 5340 τοῦ
1337 5286 1447 5357 γενέσθαι
1459 5282 1501 5341 aba
1515 5280 1568 5341 θεδν
1582 5287 1723 5360 ἀνθρωπον;

361 5369 405 5437 τὴν
419 5370 604 5442 παντσδθναμσν
616 5370 686 5442 ρθσιν
701 5370 760 5440 πρδς
779 5369 808 5422 ιδ
826 5367 938 5423 ταπεινθν
954 5370 996 5436 τῆς
1007 5364 1132 5439 ἀνθρωπό-
1644 5378 1648 5387 ’

391 5512 403 5555 1
418 5513 479 5559 'lom
492 5513 529 5568 tv,
538 5515 553 5560 l.
564 5513 595 5560 ΙΙΙ
609 5516 635 5560 ds
646 5518 700 5572 απς.
712 5524 732 5560 t.
747 5513 840 5561 rra-l
854 5512 903 5561 Par.
913 5512 973 5558 1.-s
990 5512 1036 5557 Ser.
1050 5522 1078 5555 ιιι
1091 5511 1118 5556 de
1130 5509 1176 5565 ua.
1187 5509 1236 5557 Not.
1249 5510 1310 5555 Boot.
