4136 6178
560 310 611 370 DE
629 308 731 371 LEGE
751 309 800 370 ΕΤ
820 307 981 382 eunus,
1002 307 1128 369 LIBER
1147 308 1190 383 11,
1213 306 1299 369 CAP.
1321 307 1359 369 X.
1719 308 1760 369 83

172 470 474 551 ritstharjustitim.
493 472 760 546 Quemadmodum
783 470 835 535 ubi
851 472 948 534 semel
996 473 1093 548 tollat,
1110 473 1164 535 sed
1177 476 1343 552 utpremet
1354 475 1488 541 tautum,
1504 490 1546 534 ne
1559 471 1761 535 inaetiouem

172 564 327 643 agitatum
353 569 400 626 est
423 564 523 626 uentis
535 583 633 642 mare,
653 566 747 627 etiam
769 565 830 626 illis
847 565 945 626 inter·
994 567 1123 645 prodeat
1138 586 1146 641 ;
1163 583 1235 627 oum
1259 565 1404 641 interius,
1426 570 1457 627 et
1476 565 1510 625 in
1530 566 1635 626 animo
1653 565 1761 627 eedem

174 655 423 736 quiescentibus,
445 657 537 717 undae
560 662 663 719 tamen
686 658 787 719 adhue
805 655 946 718 tremule
994 657 1119 719 interim
1140 658 1284 719 voluutas
1304 658 1436 730 haereat,
1458 657 1571 735 daltoti,
1586 657 1613 719 si
1631 658 1761 737 impune

173 753 257 821 suut,
271 754 304 810 et
315 766 427 809 earnm
439 769 456 807 ιι
468 754 675 829 postventum
688 768 813 830 quoque
824 748 944 813 voluta·
994 749 1112 827 liceret,
1126 750 1227 830 retpsa
1241 748 1448 829 perpetrandi.

174 841 219 901 tio
231 846 289 916 ast,
303 862 320 899 s
336 845 373 903 nt
387 841 432 902 ait
443 840 590 903 Senees¹.
1036 843 1093 903 tx.
1120 842 1170 904 Sio
1191 842 1225 902 in
1247 841 1328 903 libro
1348 841 1548 920 expositionis
1567 841 1703 921 epistole
1721 839 1762 903 od

20 944 133 988 m
215 931 387 1013 Estiteque
398 933 573 1011 laudabilis,
583 940 614 995 et
626 934 775 996 honestus
788 933 841 996 illa
853 932 945 995 affee-
996 930 1135 1009 Galatea,
1162 933 1200 994 de
1224 937 1357 1013 utroque
1379 932 1477 994 animi
1496 938 1578 994 statu
1596 934 1759 1010 disserens,

2 998 152 1041 buitta

35 1052 117 1095 ..ha
175 1029 227 1085 tus
248 1024 359 1102 animi,
384 1025 483 1105 quiet
505 1044 542 1087 ex
563 1026 675 1088 Christi
696 1027 807 1106 gratia,
821 1044 886 1088 uon
907 1042 946 1086 ex
995 1024 1143 1103 priorem,
1154 1023 1293 1104 quiasub
1305 1023 1373 1102 lege
1382 1030 1506 1086 estante
1519 1025 1763 1105 gratiam,itade·

177 1116 310 1197 propriis
334 1124 457 1179 naturae
483 1117 600 1180 viribus
625 1119 741 1195 oritur;
770 1118 861 1180 etad
885 1117 946 1178 hoe
994 1116 1098 1178 soribit
1114 1136 1121 1177 ι
1138 1117 1262 1197 quando
1276 1118 1457 1197 prohibetur
1470 1117 1608 1198 quidem,
1623 1123 1654 1180 et
1664 1136 1761 1179 oona·

178 1209 287 1283 tendit,
303 1210 385 1290 quod
398 1210 565 1272 honestum
577 1216 633 1289 est,
648 1229 684 1272 ao
696 1211 768 1291 legi,
781 1209 946 1271 voluntati·
994 1212 1047 1269 tur
1059 1227 1078 1268 u
1091 1216 1214 1289 peeoeto
1228 1209 1381 1271 ahstiuere
1398 1228 1442 1286 se,
1456 1210 1509 1272 sed
1522 1210 1674 1272 vineitur:
1690 1210 1763 1290 quie

176 1321 238 1382 que
260 1301 317 1364 Dei
342 1309 583 1365 eonsentaneum
606 1322 613 1363 :
633 1322 692 1365 nee
713 1303 778 1364 ulla
801 1300 947 1383 peceaudi
994 1300 1136 1362 noudum
1150 1302 1303 1382 justitiam
1317 1307 1444 1382 propter
1458 1304 1577 1376 Deum,
1593 1311 1624 1365 et
1638 1309 1763 1383 propter

177 1394 337 1457 voluntate
348 1394 533 1457 maculatur.
549 1397 615 1469 Qua
635 1395 750 1475 triplici
770 1395 947 1457 eonditione
994 1392 1256 1472 ipsamJustitiam
1270 1393 1391 1473 diligit,
1413 1395 1466 1457 sed
1479 1412 1550 1457 eam
1562 1395 1620 1456 sihi
1641 1396 1708 1456 uult
1723 1396 1764 1458 ad

175 1493 284 1549 notata
294 1492 327 1549 et
345 1493 515 1568 perspecta,
531 1487 608 1550 soies
627 1488 682 1567 qui
699 1489 782 1550 inter
800 1488 946 1551 timorem
994 1485 1205 1564 oonquirende
1216 1490 1339 1549 terrena
1358 1486 1484 1549 servies.
1500 1487 1764 1568 Itaqueuhtvide-

174 1574 266 1637 illum
294 1575 450 1651 servilem,
477 1595 513 1639 ee
536 1576 695 1655 vitiosum,
723 1594 818 1657 quem
846 1575 947 1639 amori
994 1576 1038 1636 ris
1051 1595 1089 1641 ex
1103 1578 1163 1639 alis
1182 1583 1270 1658 parta
1292 1578 1403 1657 ipsam,
1419 1596 1458 1641 ex
1481 1578 1541 1639 alia
1565 1579 1764 1641 commodum

171 1666 302 1747 jutitiae
315 1668 446 1749 opponit
463 1668 669 1749 Augustinus,
687 1675 719 1730 et
735 1669 821 1731 hune
842 1669 946 1750 ipsum
994 1670 1176 1750 temporale,
1190 1669 1325 1739 trahitur
1338 1671 1475 1749 pondere
1488 1672 1667 1751 temporalis
1681 1673 1766 1752 eupi-

174 1758 310 1834 intarsit,
327 1778 391 1840 quo
405 1759 526 1838 justitia
545 1767 670 1842 propter
693 1779 726 1823 so
739 1760 878 1841 diligitur
893 1780 901 1822 :
917 1765 948 1822 et
995 1758 1147 1837 ditatiqet
1159 1761 1307 1841 relinquit
1316 1761 1470 1840 justitiam
1485 1780 1595 1842 :quam
1602 1770 1766 1844 propterea

174 1851 543 1915 omneslirmeeanorum
555 1853 689 1915 insultus
702 1852 825 1931 ιιιιιιιοιι,
839 1851 948 1915 debili·
995 1857 1102 1915 tenere
1123 1853 1306 1929 canebatur,
1321 1859 1358 1914 ut
1376 1853 1503 1916 heberet
1522 1854 1611 1934 hlud,
1634 1857 1718 1936 quod
1731 1875 1765 1919 se

173 1944 458 2025 mtosquesonties.
995 1945 1340 2021 nunevidetamittere,
1356 1945 1381 2006 ai
1399 1945 1484 2006 illum
1498 1947 1674 2009 tenuerit.»
1692 1949 1765 2012 Hee

215 2037 308 2098 VIII.
329 2036 455 2101 Etenim
477 2035 561 2117 quod
573 2036 614 2099 ad
635 2036 775 2117 prImum
792 2036 830 2098 de
849 2035 949 2097 tribus
996 2043 1042 2097 est
1062 2036 1211 2112 humanu,
1230 2045 1262 2100 et
1288 2037 1420 2099 earnalis
1439 2038 1580 2117 justitiu;
1606 2058 1669 2119 que
1693 2058 1765 2101 oum

172 2128 300 2205 attinet,
311 2129 380 2208 J'am
404 2129 484 2190 iilud
507 2130 760 2208 praemonuimus,
778 2126 949 2191 motionem
996 2130 1144 2208 peeeandi
1166 2129 1338 2192 deliberata
1363 2129 1530 2208 voluntas,
1559 2137 1591 2194 et
1615 2131 1766 2213 eupiditas

175 2221 266 2283 iilam
288 2220 460 2283 voluntatis
487 2220 598 2283 rudem
623 2227 655 2283 et
677 2221 864 2299 inchoatam,
886 2239 949 2300 que
997 2227 1114 2283 manet.
1130 2220 1276 2301 Sequitur
1289 2222 1397 2283 ultera.
1417 2222 1552 2284 «Tertia
1564 2229 1628 2300 est,
1651 2223 1764 2304 inquit,

175 2311 323 2395 primitus
334 2332 354 2374 e
366 2318 493 2394 peeoato
506 2313 731 2394 resipisoimus,
750 2314 832 2375 etad
847 2314 949 2374 Deum
998 2313 1061 2375 vita
1075 2312 1133 2375 sub
1146 2313 1389 2394 gratie,quando
1399 2313 1478 2375 nihil
1490 2315 1669 2396 temporalis
1680 2335 1765 2378 eom·

176 2405 585 2479 nosoonvertarevolumus,
594 2405 780 2468 siexdiviuo
790 2405 946 2481 iustinotu,
998 2405 1081 2467 modi
1094 2405 1222 2486 justitias
1235 2406 1430 2487 preponitur
1445 2425 1453 2467 ι
1469 2407 1553 2486 quod
1566 2407 1628 2468 nisi
1641 2409 1767 2472 caritate

177 2504 210 2560 st
232 2497 344 2560 Christi
365 2496 511 2577 gratiain
535 2497 624 2559 nohis
643 2497 786 2571 efficitur,
802 2496 949 2578 peeeandi
998 2498 1418 2579 spiriurali,quamli0minus
1427 2499 1570 2580 exemplo
1581 2518 1637 2562 suo
1647 2500 1763 2578 docuit,

177 2591 374 2652 voluntatem
396 2589 572 2665 exe-ludere,
591 2598 623 2650 et
642 2590 766 2651 initium
794 2589 951 2670 quoddam
999 2596 1030 2651 et
1049 2590 1147 2670 gratia
1167 2589 1304 2664 donavit,
1319 2590 1389 2651 lieri
1410 2609 1476 2652 uon
1492 2596 1604 2670 posset.
1621 2614 1636 2651 e
1655 2593 1768 2672 Hujus-

178 2702 246 2745 esse
254 2683 394 2763 justitiae,
413 2683 502 2761 eujus
514 2698 655 2743 umorem
666 2681 697 2742 iu
713 2699 779 2743 sese
793 2681 950 2762 compleo·
999 2683 1085 2744 modi
1098 2690 1218 2745 estnon
1228 2682 1362 2762 perlecta
1372 2682 1649 2745 miumvolurrtatis
1658 2686 1766 2761 motio,

8 2788 145 2845 Ιιιιιιῃε
179 2775 267 2837 titan.
291 2776 389 2838 Nemo
413 2775 500 2837 enim
529 2775 631 2852 justus
658 2792 723 2839 esse
751 2774 858 2854 eupit,
890 2773 951 2836 nisi
1000 2792 1062 2854 qua
1084 2777 1183 2836 Deum
1205 2780 1331 2855 propter
1350 2774 1498 2853 seipsum,
1513 2774 1577 2836 sive
1599 2776 1767 2839 increatam

25 2850 128 2949 ,ὦ
179 2868 299 2940 rolens,
314 2875 347 2929 et
359 2884 469 2928 amans
482 2865 558 2946 ejus,
572 2881 668 2945 quam
683 2865 846 2941 desiderat,
858 2865 950 2944 justi·
999 2865 1767 2948 honitatem,etjustitiemdiligit:sedetIemqua-

182 2960 246 3022 tiss.
262 2960 321 3021 Oui
334 2959 507 3021 eontrarius
519 2964 565 3020 est
581 2957 709 3019 allectus
729 2957 791 3034 ille,
807 2957 862 3036 qui
875 2975 951 3037 pro·
999 2959 1195 3039 lemeumque
1208 2958 1422 3034 honestatem,
1436 2966 1466 3020 et
1475 2958 1637 3037 justitiam,
1650 2959 1710 3020 hoa
1724 2965 1770 3021 est

181 3050 392 3132 prhsuirihus
405 3050 527 3125 nititur,
548 3048 739 3128 etjustitiem
752 3067 818 3110 non
831 3067 902 3129 que
913 3067 953 3110 ex
1000 3050 1122 3112 virtutis
1141 3068 1230 3131 opus,
1250 3049 1449 3129 officiumque
1470 3055 1678 3127 consectatum
1704 3070 1769 3113 non

183 3146 245 3206 Deo
261 3149 319 3221 est,
339 3142 394 3204 sed
417 3160 508 3203 suem
531 3141 734 3222 persequitur.
758 3142 800 3203 Ite
822 3159 885 3221 quo
908 3142 952 3203 ita
1000 3163 1039 3206 ex
1053 3163 1089 3206 eo
1104 3143 1241 3224 proprio,
1260 3143 1428 3222 innatoque
1451 3142 1588 3223 impetu3
1606 3162 1769 3206 verumex

181 3236 290 3298 scribit
301 3234 497 3314 Augmtinus
511 3235 638 3312 :stege
647 3232 863 3313 Deiproposita
871 3234 953 3313 quis
1001 3235 1107 3297 divino
1134 3235 1230 3296 saneti
1258 3234 1390 3314 Spiritus
1416 3234 1583 3311 instinctu,
1611 3240 1704 3315 utrque
1731 3255 1770 3298 ex

184 3328 254 3408 quis
268 3328 432 3402 tumuerIt,
448 3334 480 3387 et
488 3326 552 3387 suis
560 3326 680 3388 viribus
688 3343 758 3387 eam
776 3325 907 3404 implere
920 3344 952 3387 se
1001 3327 1113 3390 Christi
1135 3328 1244 3407 gratia.
1272 3327 1360 3386 Tune
1385 3325 1468 3387 enim
1492 3327 1644 3406 justitiam
1671 3329 1770 3407 ipsam

184 3438 272 3501 posse
285 3420 451 3501 putaverit,
468 3416 950 3498 otleoeritquodlexjabet,non
1002 3425 1128 3500 propter
1153 3437 1186 3480 se
1213 3423 1298 3479 amat
1314 3437 1321 3477 ε
1337 3436 1374 3478 eo
1400 3418 1484 3496 quod
1511 3417 1590 3478 illud
1616 3419 1715 3497 eligit,
1740 3425 1772 3480 et

182 3513 319 3574 amando
327 3512 491 3592 justitiam,
505 3512 558 3575 sed
567 3510 707 3572 timendo
720 3509 864 3590 poenam'
874 3529 882 3585 ;
894 3509 954 3571 thit
1002 3511 1136 3586 affectat,
1147 3510 1231 3589 quod
1241 3510 1325 3570 Deus
1339 3507 1491 3589 praeeipit,
1507 3509 1586 3570 etad
1598 3511 1682 3590 quod
1694 3511 1770 3571 hor-

184 3606 312 3685 quidem
325 3601 668 3681 seeundumjustitiem,
684 3620 754 3682 que
768 3602 952 3681 exlegeest
1000 3608 1086 3664 tetur
1118 3603 1221 3682 ipsum
1244 3606 1338 3679 atque
1365 3601 1478 3662 excitat
1502 3621 1509 3662 ι
1533 3603 1772 3683 neelemporole

183 3697 280 3758 homo
298 3697 366 3758 sine
380 3695 518 3776 querela,
532 3711 597 3755 uon
610 3693 743 3769 iuratur,
760 3712 824 3754 uon
838 3692 955 3755 adulte·
1002 3692 1180 3757 commodum
1187 3692 1319 3775 justitie
1329 3699 1481 3774 anteponi!
1494 3694 1554 3754 isti.
1570 3695 1677 3773 Neque
1687 3697 1772 3755 enim

183 3794 244 3865 rat,
260 3795 320 3851 eto.
339 3789 445 3851 Potest
464 3787 534 3861 hoe,
557 3790 658 3864 potest
678 3784 823 3846 fortassis.
840 3784 954 3846 Unde?
1003 3790 1103 3849 Deum
1116 3786 1272 3848 offendere
1285 3784 1369 3861 vult3
1386 3785 1440 3846 sed
1451 3785 1490 3846 ed
1504 3803 1578 3846 eum
1592 3787 1694 3864 potins
1707 3805 1772 3848 sese

183 3880 311 3941 'timore
326 3898 445 3961 pmnae3
460 3894 639 3958 quanquam
663 3875 717 3956 qni
729 3877 842 3938 tImore
854 3894 956 3956 pmnoe
1003 3885 1202 3956 convertere,
1226 3883 1343 3939 etcum
1355 3876 1409 3937 illo
1424 3877 1458 3937 in
1471 3876 1555 3938 bone
1568 3895 1633 3938 esse
1646 3879 1746 3957 gretia
1761 3898 1769 3940 ι

183 3990 251 4034 uun
264 3971 465 4052 eoncupisoit,
480 3976 557 4050 puto
570 3969 643 4049 quia
661 3966 858 4048 eoneupisott.
879 3970 954 4031 Ter·
1003 3967 1125 4031 tametsi
1136 3967 1278 4029 nondum
1289 3963 1328 4027 ad
1342 3964 1514 4045 perfeetum
1527 3983 1616 4026 amor
1629 3967 1687 4028 iste
1704 3986 1773 4047 per·

186 4081 258 4125 rure
268 4062 388 4143 ingenti
401 4078 573 4137 armorum,
587 4067 680 4140 atque
690 4061 836 4137 telorum,
852 4065 883 4121 et
896 4060 956 4121 air·
1002 4060 1123 4122 venerit
1136 4078 1144 4120 ι
1161 4059 1309 4140 quoniam
1324 4065 1436 4139 prester
1448 4058 1550 4119 Deum
1563 4058 1681 4138 aliquid
1690 4076 1772 4121 oom-

185 4155 361 4219 mmdanus
381 4153 512 4215 iorsitnn
529 4152 750 4228 multitudinis,
763 4152 812 4212 vel
831 4151 954 4213 obviam
1003 4151 1089 4214 modi
1113 4152 1177 4228 sui;
1202 4169 1267 4212 non
1289 4155 1396 4212 temen
1420 4148 1566 4212 adversus
1591 4151 1700 4226 Deum,
1722 4152 1772 4213 vel

186 4248 300 4324 mutis,
314 4246 639 4310 etismleorevooetnr
653 4243 955 4324 epraedatettamen
1003 4262 1096 4322 supra
1109 4245 1219 4321 Deum,
1235 4243 1368 4304 amando
1382 4244 1588 4323 persequitur,
1667 4312 1672 4321 ¹

186 4339 236 4401 leo
249 4338 346 4414 veuit,
361 4339 410 4400 leo
419 4337 504 4399 rodit
518 4354 525 4398 ι
541 4337 678 4415 predam
692 4353 758 4398 non
766 4335 880 4416 rapuit,
890 4353 955 4397 uon
1043 4337 1081 4398 Χ.
1105 4336 1223 4416 Quippe
1237 4335 1319 4396 uliud
1332 4340 1378 4396 est
1390 4335 1693 4396 orleusetinehoatu
1702 4334 1770 4414 jus·
1846 4373 1897 4405 Μ

187 4430 337 4492 malitiam
351 4429 465 4511 posuit
480 4427 515 4489 Si
528 4427 597 4490 talis
608 4446 651 4504 es,
662 4428 764 4489 adhue
774 4426 956 4506 justitiatue
1003 4428 1081 4504 titia,
1090 4428 1154 4489 sive
1160 4427 1283 4488 honesti
1290 4445 1389 4504 amor,
1398 4426 1507 4505 etjusti
1520 4445 1530 4487 .·
1541 4427 1625 4488 aliud
1633 4426 1771 4506 robusta,

187 4529 248 4597 αις
264 4542 326 4604 qne
335 4522 456 4603 justitia
468 4520 525 4583 ubi
537 4520 683 4595 eonsulis,
697 4538 738 4581 ne
747 4521 952 4599 torquearis.»
1005 4526 1097 4600 atque
1113 4519 1246 4600 perlecta
1263 4538 1271 4578 r
1287 4536 1360 4580 aum
1375 4523 1479 4579 tamen
1492 4523 1623 4599 utraque
1632 4518 1728 4598 justa,
1743 4524 1775 4582 et

187 4617 270 4676 'lum
282 4620 395 4678 erstem
401 4613 545 4693 pertexit,
554 4631 623 4692 quse
636 4630 730 4693 supra
739 4612 838 4691 sapite
847 4618 956 4673 oetavo
1005 4613 1136 4674 honeste
1149 4612 1189 4673 sit
1201 4611 1360 4688 voluntas,
1373 4610 1433 4671 hoo
1456 4617 1502 4672 est
1518 4613 1648 4687 oaritas;
1671 4631 1707 4674 ae
1720 4630 1776 4693 per

188 4704 440 4788 dempsimus&
456 4703 561 4767 Deillo
570 4705 667 4784 igitur
675 4704 798 4779 timore,
806 4704 957 4766 etvolun-
1006 4704 1142 4785 priorem
1168 4703 1352 4784 impetretur
1379 4703 1540 4783 posterior.
1566 4706 1660 4766 «Per
1681 4705 1776 4768 fidem

188 4801 261 4861 tatis
282 4799 423 4861 motione
444 4797 583 4877 loquitur
600 4797 801 4875 Augustinus,
818 4814 890 4875 qum
913 4801 959 4857 est
1007 4797 1092 4858 enim
1117 4794 1313 4876 confugimus
1333 4795 1372 4856 ad
1392 4795 1636 4873 misericordiam
1659 4797 1725 4874 Dei,
1740 4803 1778 4857 at

183 4891 306 4971 justitio
325 4900 444 4967 autre,
457 4891 518 4952 hoo
539 4894 586 4951 est
606 4889 754 4963 humens,
770 4894 802 4949 et
824 4888 924 4949 insitis
940 4906 960 4948 a
1008 4886 1061 4949 det
1074 4888 1157 4966 quod
1166 4887 1265 4966 jubet,
1282 4891 1375 4967 atque
1393 4886 1540 4965 inspirata
1553 4888 1661 4968 gratiae
1676 4887 1778 4950 suaui-

190 4989 301 5046 nstura
322 4982 443 5044 uiribus
465 4981 630 5062 aequisita;
646 5000 710 5044 non
728 4985 832 5042 autem
846 4979 961 5042 Christi
1009 4983 1071 5040 tete
1082 4997 1138 5060 per
1153 4979 1305 5059 Spiritum
1320 4984 1462 5040 sanetum
1481 4979 1574 5041 faeiat
1594 4979 1664 5059 plus
1678 4980 1778 5043 deleo-

191 5075 321 5138 sxeitats
335 5074 449 5156 gratia
466 5074 560 5152 Cujm
573 5072 737 5151 tamaris,
752 5079 784 5135 et
796 5072 962 5136 aldoaeitas
1011 5078 1077 5133 ture
1110 5071 1195 5152 quod
1227 5071 1377 5153 praecipit,
1407 5089 1502 5151 quam
1534 5071 1664 5133 delectat
1695 5071 1780 5153 quod

191 5173 369 5248 morunt
381 5164 529 5248 peoaandi
538 5164 757 5245 eonsilium,ao
768 5165 962 5227 uoluntatem
1012 5162 1154 5244 impedit,
1170 5168 1230 5227 ete.
1245 5161 1268 5224 ⁸.
1285 5164 1326 5225 Ut
1340 5163 1445 5225 anima
1459 5168 1576 5234 sanata,
1593 5182 1657 5225 non
1669 5164 1782 5226 timore

218 5394 229 5440 t
244 5397 293 5441 ssa.
304 5394 333 5441 ss
344 5394 381 5440 Bt.
392 5391 444 5438 ottae
457 5401 476 5435 e.
491 5402 508 5435 u
520 5399 543 5436 er
557 5391 583 5437 ds
595 5393 674 5448 noar.
686 5403 730 5438 ou
742 5390 788 5437 Get.
799 5391 814 5436 Ι.
828 5390 857 5447 u,
869 5401 889 5436 e.
904 5399 944 5435 m
954 5389 1006 5446 sur.
1023 5400 1058 5446 sp.
1066 5389 1149 5436 ren-s
1161 5388 1219 5448 sug.
1232 5398 1330 5437 sermm
1340 5388 1367 5435 do
1380 5389 1439 5437 tort.
1451 5389 1522 5445 Λροιι.
1532 5398 1552 5432 e
1560 5387 1640 5437 rte-³
1653 5386 1784 5447 respo.-

191 5459 206 5504 t
216 5459 274 5516 Δις.
282 5458 310 5506 ds
321 5456 385 5515 m.
397 5458 421 5501 st
431 5453 466 5499 ιιι.
477 5464 526 5511 esp.
538 5465 616 5501 mun
