4122 6248
333 412 394 478 678
844 396 1170 469 Tuuotootuuttutt
1191 400 1410 469 uouuirutt

334 598 371 641 aa
395 576 549 657 genitum,
578 590 614 635 sc
640 592 680 634 ne
707 573 807 652 ipsam
834 570 961 652 quidem
989 570 1104 632 Christi
1153 570 1224 631 tissa
1238 586 1385 652 persese,
1406 586 1471 634 non
1484 572 1630 635 deinum.
1655 574 1829 638 Proser-tim
1845 586 1916 635 cum

335 686 461 733 carnem
474 667 602 750 putabat
611 684 650 728 ex
659 666 711 727 ilia
723 668 909 745 susceptam,
919 665 971 725 scd
980 664 1104 726 aliunde
1155 662 1288 742 idipsum
1303 665 1386 744 quod
1400 668 1581 743 generatur,
1597 668 1628 727 ct
1640 667 1848 746 generationis
1857 668 1918 727 tes·-

335 764 451 825 iliutam
462 762 495 822 iu
505 760 571 840 ejus
580 766 727 835 uterum3
744 776 782 819 ex
795 776 858 838 quo
870 757 1105 837 debatutpepe-
1154 755 1258 816 miuus
1272 756 1399 834 dicitur,
1411 776 1511 819 sanum
1524 776 1580 838 per
1593 777 1625 821 sc
1639 777 1704 820 esse
1717 759 1827 821 debeat
1839 776 1846 820 ι
1861 758 1919 820 hoc

335 859 411 918 risse
424 860 547 916 ιιιιιιιιιι
562 853 819 933 qualemcumque
833 852 917 912 huuc
930 850 1102 925 hominem,
1155 853 1273 909 estana
1286 849 1466 925 substantia,
1480 852 1626 928 naturali,
1641 868 1724 927 vera,
1736 854 1920 933 propriaque

336 956 391 1011 aut
422 948 520 1009 Derim
544 945 631 1007 iilam
658 944 877 1019 arbitraretur3
908 961 973 1004 nou
1001 947 1105 1003 autem
1155 941 1287 1002 siodicta
1301 944 1438 1019 unitate3
1453 962 1518 1006 non
1532 958 1644 1027 σχετιιῃ,
1659 963 1695 1005 ιι
1708 942 1920 1025 marcii-quae

336 1059 444 1103 revera
457 1039 612 1119 genuisse.
1155 1053 1220 1095 non
1242 1034 1384 1119 physica,
1406 1040 1443 1098 ut
1461 1042 1583 1106 vocant,
1611 1036 1665 1099 sed
1684 1036 1798 1099 marcii
1815 1036 1922 1099 itidem

377 1134 444 1194 Vii.
461 1132 566 1193 Tertio
580 1130 625 1192 iia
636 1127 879 1191 ratiocinabatur
892 1127 1061 1189 Nestorius.
1074 1127 1107 1187 ui
1157 1126 1316 1191 aiiactionc
1329 1144 1387 1208 per
1399 1146 1443 1208 se,
1459 1148 1495 1190 ac
1509 1128 1623 1192 directe
1636 1130 1830 1210 producitur.
1846 1130 1922 1191 iiiuc

336 1226 432 1288 homo
446 1243 503 1306 par
517 1242 549 1285 se
559 1223 745 1303 proprieque
755 1221 906 1282 duntaxat
917 1225 963 1281 est
972 1222 1105 1299 genitus,
1156 1221 1298 1299 estquod
1312 1220 1399 1283 nuile
1423 1228 1600 1283 sanctorum
1620 1240 1731 1303 parcus
1745 1222 1921 1299 hominum,

338 1338 404 1379 non
417 1323 522 1379 autem
536 1317 634 1385 Deus,
651 1332 712 1395 qrsa
727 1314 812 1375 Deus
826 1316 889 1387 ests
906 1311 1107 1393 nonproprie
1157 1312 1211 1374 Dei
1234 1314 1369 1392 genitrix
1391 1315 1582 1395 appellatur:
1609 1320 1644 1375 ut
1668 1315 1814 1376 adversus
1838 1314 1925 1376 iiiam

228 1470 233 1479 ,
338 1407 715 1491 carpentoractenses
728 1406 877 1482 vocanda,
895 1422 965 1484 quaa
979 1411 1108 1466 eatenus
1157 1405 1290 1466 Nestorii
1331 1406 1556 1487 blasphemiam
1600 1407 1713 1487 excipit
1755 1406 1922 1489 Cyrtiius¹z

339 1501 440 1563 solum
462 1502 562 1562 Deum
577 1500 698 1577 genuit,
717 1498 909 1579 quodhomo
924 1496 987 1576 iile,
1003 1497 1109 1576 quiex
1157 1497 1279 1579 tametsi
1298 1497 1430 1573 divinos,
1450 1518 1486 1561 ac
1505 1500 1567 1562 Deo
1583 1499 1763 1579 coujunctos
1783 1500 1926 1563 homiues

339 1599 615 1671 esnatusest,oum
623 1586 977 1670 Deoconiunctuserad.
991 1588 1109 1650 Idcirco
1158 1588 1350 1671 pepererint,
1387 1590 1481 1653 etiam
1516 1609 1555 1653 ex
1593 1593 1660 1672 ipso
1677 1596 1767 1653 utero
1788 1598 1923 1671 sanctos,

339 1687 439 1747 iteum
453 1684 607 1746 asserebat
625 1691 770 1764 παρελθεῖν,
785 1682 817 1743 id
832 1686 878 1743 est
891 1680 1038 1742 traau's'asc
1053 1699 1110 1761 per
1158 1699 1194 1741 ac
1222 1680 1340 1761 justos:
1376 1689 1411 1744 ιιι
1445 1682 1602 1746 Elisabeth
1624 1684 1777 1746 ioannem
1809 1685 1926 1766 Baptis-

338 1783 464 1840 uterum
475 1776 568 1838 iliius.
1158 1776 1234 1834 tam.

378 1868 590 1931 HaecNestorii
598 1867 827 1948 argumentatio
837 1865 951 1947 duplici
960 1866 1031 1927 labe
1039 1881 1111 1927 con-
1199 1862 1341 1925 Alterum
1358 1864 1492 1926 Nestorii
1505 1865 1657 1945 flagitium
1671 1865 1730 1927 iliis
1746 1868 1780 1927 iu
1793 1866 1925 1942 vehat,

340 1963 488 2024 taminata
498 1966 553 2022 est.
567 1961 672 2021 Prima
686 1966 743 2032 cst,
758 1958 841 2041 quod
856 1974 894 2019 es
907 1976 944 2019 aa
953 1974 1110 2020 venenum
1159 1954 1242 2035 quod
1260 1957 1360 2018 Deum
1382 1958 1526 2019 transisse
1544 1976 1600 2038 per
1617 1958 1750 2020 Mariam
1765 1958 1926 2039 Virginem

339 2052 433 2131 iilius,
448 2071 542 2134 quam
556 2051 780 2129 dissimulabat,
794 2049 933 2126 heresis,
949 2050 1110 2111 manifeste
1158 2047 1242 2118 dicit,
1253 2054 1288 2109 ut
1295 2066 1337 2110 ne
1344 2046 1458 2129 aliquid
1468 2066 1552 2112 exce
1561 2051 1726 2131 sumpsIsse
1736 2051 1924 2129 crederetur,

339 2146 498 2228 proditur:
524 2163 637 2226 nempe
650 2145 825 2205 humanam
837 2150 982 2203 naturam
996 2141 1109 2203 Christi
1158 2140 1241 2218 quod
1255 2140 1313 2201 sibi
1327 2143 1490 2221 proprium
1504 2142 1627 2206 iaceret.
1647 2144 1714 2203 Hoc
1732 2148 1836 2205 autam
1850 2144 1925 2223 quid

339 2256 394 2316 per
416 2257 448 2300 se
473 2238 663 2317 proprioque
689 2237 782 2296 modo
810 2233 985 2310 subsistere,
1001 2238 1031 2294 et
1044 2253 1110 2295 esse
1158 2231 1207 2304 sit,
1220 2248 1346 2311 prorsus
1360 2234 1513 2315 explicare
1524 2252 1617 2296 nemo
1631 2241 1741 2316 potest.
1758 2237 1829 2297 Non
1841 2237 1925 2298 euim

339 2346 515 2410 personam,
540 2328 605 2389 sive
627 2327 829 2409 hypostasim.
859 2348 875 2385 a
894 2326 1061 2402 Nimirum,
1074 2332 1111 2386 ut
1158 2322 1227 2385 loco
1241 2331 1323 2387 certo
1337 2327 1485 2389 definitur
1499 2328 1581 2389 Deus
1593 2346 1600 2389 ε
1614 2345 1672 2390 nec
1685 2344 1723 2390 cx
1735 2346 1800 2389 uno
1813 2329 1927 2389 transit

339 2428 421 2484 recte
447 2427 554 2483 uonna
579 2421 649 2483 ilios
670 2419 807 2499 disputat
819 2418 1019 2496 Maxentius¹,
1043 2419 1110 2480 hoco
1159 2415 1347 2480 insitarum.
1365 2421 1472 2499 Itaque
1489 2420 1572 2499 quod
1589 2421 1722 2501 scripsit,
1745 2420 1840 2482 Deum
1859 2420 1925 2482 Ver·

340 2514 454 2575 erroris
465 2515 571 2590 vaani,
582 2520 613 2575 et
624 2530 689 2573 nou
699 2512 860 2573 abaoausa
874 2516 930 2573 est.
942 2510 1019 2571 Nam
1035 2511 1110 2572 dum
1160 2506 1227 2569 bum
1243 2514 1381 2572 transisse
1389 2528 1443 2592 ριν
1461 2511 1629 2593 Vir-priscas,
1645 2514 1769 2574 nonnisi
1781 2513 1923 2594 figurate,

340 2624 406 2667 non
425 2605 533 2666 valetis
556 2605 730 2666 discernere
750 2604 826 2684 quid
845 2604 927 2665 inter
946 2616 1110 2683 personam
1159 2616 1195 2661 ac
1214 2604 1332 2682 tropice
1357 2605 1554 2684 interpretari
1576 2605 1688 2668 fluebat
1710 2607 1866 2680 Nestorio;
1890 2613 1927 2668 ut

341 2697 392 2775 sit,
409 2702 439 2757 et
452 2701 607 2773 naturam,
629 2696 766 2775 idipsum
788 2695 995 2772 inteiligcntes
1019 2700 1108 2756 natu·
1159 2692 1273 2756 idcirco
1287 2694 1331 2756 ita
1344 2696 1541 2776 loqueretur3
1557 2699 1642 2777 quod
1655 2699 1688 2758 in
1700 2698 1828 2761 homine
1843 2700 1926 2760 Deus

341 2807 409 2851 ram
423 2806 488 2851 essa
506 2789 591 2870 ‹Iuod
607 2795 639 2850 ιι
652 2805 831 2868 personam,
853 2787 917 2848 imo
931 2786 1109 2848 ustilatcnus
1160 2784 1314 2848 habitaret
1347 2794 1459 2849 natura
1497 2790 1643 2869 quidem,
1681 2809 1717 2851 ao
1756 2792 1927 2853 substantia

341 2882 500 2944 credentes
520 2885 667 2943 naturam
686 2897 752 2942 esse
772 2896 861 2961 posse
881 2880 946 2940 sine
966 2896 1108 2959 persona,
1161 2896 1287 2958 prorsus
1301 2880 1402 2942 alieno
1413 2900 1421 2956 ;
1437 2899 1549 2944 rerum
1561 2882 1690 2959 affectu,
1707 2902 1742 2945 ac
1754 2884 1925 2961 voluntate,

341 2973 639 3054 vocabuiapersonae
652 2979 898 3053 naturarumque
910 2972 1109 3047 confunditis,
1159 2978 1214 3032 aut
1228 2972 1408 3034 habitudine
1422 2974 1558 3054 quadam
1574 2975 1724 3055 ejusmodi
1741 2977 1816 3054 alia,
1830 2994 1927 3057 quam
2052 3008 2053 3011 ¹

342 3073 373 3127 et
388 3068 465 3128 duas
485 3067 612 3128 omnino
627 3083 785 3147 personas,
801 3067 880 3126 sicut
893 3066 969 3127 duas
985 3070 1111 3127 naturas
1161 3070 1245 3143 χσισιν
1269 3068 1390 3140 vocant,
1420 3064 1561 3143 copulato
1600 3080 1703 3127 sacram
1729 3072 1822 3147 atqsm
1853 3084 1926 3128 oan-

342 3158 437 3221 unius
458 3157 516 3219 iiiii
538 3159 605 3234 Dei,
622 3158 688 3219 sine
713 3157 808 3218 dubio
829 3157 1011 3239 praedicatis.
1033 3159 1111 3220 Nam
1158 3152 1274 3228 iuncto.
1950 3184 1998 3229 τῃ,
2011 3190 2052 3235 ῃ..

343 3269 415 3312 ιιιιιι
426 3252 526 3312 Deum
535 3249 677 3312 Verbum
689 3255 798 3311 natum
812 3264 851 3311 ex
864 3250 992 3330 Virgine
1004 3264 1112 3311 secun·
1203 3246 1285 3306 Vili.
1296 3248 1411 3321 Quarto
1420 3247 1489 3309 loco
1498 3247 1656 3310 instabant
1664 3246 1802 3310 heretici
1814 3248 1837 3310 ⁸:
1856 3252 1928 3311 siis
1962 3242 2043 3346 ,Ἡ

343 3342 419 3405 dum
428 3341 1111 3421 caruemdicimus,divinitatisejusnaturam
1162 3352 1226 3399 uua
1247 3337 1417 3401 substantia
1437 3338 1578 3418 generari
1598 3341 1774 3402 nullatenus
1793 3330 1928 3423 potuisse

343 3436 499 3497 aesdmatis
518 3453 573 3496 vos
599 3440 706 3496 natam
727 3450 766 3496 ex
785 3434 912 3513 Virgine
930 3434 1108 3515 praedicare.
1162 3428 1347 3492 substautias
1361 3431 1454 3493 duas:
1470 3433 1544 3494 sita
1555 3432 1729 3494 Ferraadus
1742 3432 1926 3513 objicitsibi,

343 3528 460 3589 Verum
474 3526 578 3604 sihoo,
592 3527 676 3608 quod
689 3526 779 3603 absit,
795 3527 971 3588 crederetur
985 3526 1110 3589 anobis.
1162 3540 1197 3583 ac
1221 3523 1324 3584 statim
1338 3525 1519 3604 respondet:
1539 3546 1555 3583 u
1571 3526 1720 3587 veraciter
1731 3526 1791 3588 hoo
1809 3527 1881 3605 dici,
1902 3528 1928 3588 si

344 3638 409 3682 non
419 3639 492 3681 eum
502 3620 806 3682 secundumcaruem
815 3627 925 3681 natum
936 3636 975 3681 ex
983 3620 1113 3700 Virgine
1161 3616 1327 3695 separatim
1340 3622 1500 3696 generatas
1513 3618 1686 3679 audiamus.
1706 3614 1881 3681 Nunorcro
1894 3618 1928 3680 iu
2013 3682 2018 3692 ,

343 3712 1112 3793 iatcremur.RursuscumaDeoVerhosusceptam
1162 3725 1276 3787 magno
1301 3709 1366 3783 iilo,
1390 3715 1421 3770 et
1446 3710 1582 3771 mirabili
1610 3710 1820 3787 Sacramenta,
1845 3712 1927 3792 quod

344 3806 459 3867 auditis
470 3811 615 3866 naturam
629 3804 812 3879 humanam,
829 3820 995 3882 personam
1009 3805 1048 3866 ab
1062 3824 1110 3880 eo,
1163 3801 1395 3862 manifestatum
1408 3808 1454 3863 ast
1464 3802 1498 3863 in
1512 3818 1605 3864 carne
1612 3848 1622 3879 ,
1641 3802 1747 3865 diviua
1760 3804 1928 3865 substantia

344 3898 404 3959 hoc
417 3897 649 3977 asthominem,
671 3902 855 3976 susceptam,
880 3915 944 3958 non
968 3898 1112 3960 eumdem
1163 3894 1333 3955 secundum
1367 3894 1535 3956 humanam
1571 3895 1773 3957 substantiam
1807 3892 1930 3978 proprie

344 3990 460 4052 iactum
482 3989 643 4050 hominem
668 3988 800 4050 creditis.
830 3989 909 4050 Hinc
935 3989 1028 4051 edam
1055 4008 1112 4052 nec
1164 3991 1312 4063 nataest,
1336 3988 1497 4066 quianon
1518 3986 1683 4068 separatim
1706 3994 1779 4049 nata
1793 3994 1857 4065 est3
1873 4006 1930 4050 nac

344 4100 428 4155 rere,
448 4097 506 4142 uec
533 4080 657 4161 proprie
681 4082 715 4142 B.
732 4080 893 4161 Virginem
911 4080 968 4144 Dei
986 4083 1111 4164 acquie-
1164 4078 1391 4141 humanitatem
1417 4079 1541 4159 proprie
1568 4085 1674 4142 natam
1701 4078 1760 4141 sibi
1786 4080 1930 4142 divinitas

344 4174 429 4235 scitis
452 4173 576 4234 credere
603 4172 802 4252 genitricem3
826 4174 900 4254 quia
924 4190 989 4236 non
1015 4178 1112 4238 Deum
1165 4171 1332 4248 adunavit,
1360 4171 1413 4232 sed
1441 4172 1608 4233 adunando
1630 4189 1699 4234 cam
1727 4172 1783 4233 sibi
1808 4174 1931 4253 proprie

343 4266 483 4328 Verbum
503 4265 798 4327 incommutabiliter
814 4283 853 4327 ex
866 4266 933 4345 eius
945 4268 1111 4330 visceribus
1165 4268 1237 4324 nata
1247 4269 1303 4326 est.
1314 4262 1419 4325 Dicam
1427 4262 1528 4325 adhrrc
1538 4264 1663 4345 planius
1672 4282 1729 4349 pro
1742 4270 1835 4346 captu
1847 4264 1933 4326 infir·

343 4358 504 4420 hominem
517 4358 651 4434 factum,
667 4359 719 4419 sed
735 4357 895 4420 hominem
910 4360 972 4421 Deo
987 4360 1111 4423 unitum
1164 4356 1279 4417 mitatis
1302 4372 1392 4430 mea,
1408 4356 1435 4417 si
1455 4361 1613 4419 removeat
1625 4359 1706 4419 licus
1718 4358 1833 4419 venitm
1843 4364 1932 4420 tana

344 4469 431 4512 exoa
444 4450 723 4512 creditisnatum.»
1166 4448 1236 4509 bras
1269 4447 1409 4509 falsitatis
1436 4467 1455 4509 a
1480 4449 1549 4510 luce
1580 4449 1673 4530 hujus
1704 4450 1929 4530 disputationis.

384 4543 507 4604 Etenim
523 4542 682 4619 generatio
694 4558 794 4622 perse
808 4560 843 4603 ac
857 4542 981 4625 proprie
993 4544 1027 4606 iu
1041 4563 1111 4625 per·
1165 4541 1295 4621 Proprie
1317 4545 1363 4601 est
1390 4545 1463 4601 nata
1490 4541 1528 4603 dc
1555 4541 1645 4603 Patra
1668 4541 1811 4603 divinitas
1833 4556 1929 4621 putu,

344 4652 464 4712 sonam,
487 4634 550 4696 sive
566 4635 770 4715 hypostasim,
794 4638 944 4714 unquam
957 4635 991 4696 in
1005 4637 1110 4698 termi-
1166 4635 1288 4713 propria
1303 4637 1349 4695 est
1369 4636 1443 4694 natu
1460 4633 1499 4695 de
1522 4638 1621 4695 matre
1642 4634 1750 4696 eadem
1772 4635 1930 4697 incarnata

343 4726 634 4804 num,desinit;iroc
641 4728 723 4788 estin
731 4730 874 4787 naturam
882 4726 1108 4794 subsistentem.
1163 4726 1317 4788 divinitas.
1342 4726 1381 4786 Et
1399 4724 1460 4787 hac
1478 4727 1570 4787 distat
1588 4726 1671 4788 inter
1685 4727 1779 4788 unius
1797 4727 1854 4788 iiiii
1876 4729 1931 4789 Dei

344 4819 493 4898 itaquesi
515 4820 549 4879 B.
570 4819 664 4899 Virgo
686 4818 848 4881 hominem
865 4819 966 4881 scium
986 4818 1111 4902 proprie
1166 4820 1243 4881 duas
1254 4818 1476 4897 generationes,
1484 4819 1568 4899 quod
1576 4818 1722 4880 indicina
1732 4821 1931 4899 generatione
2048 4868 2049 4871 ι

343 4914 461 4991 genuit,
478 4912 577 4972 Deum
595 4929 668 4972 vero
683 4910 808 4972 nonnisi
821 4918 950 4987 οχετικῶς,
966 4918 1058 4992 atque
1071 4915 1111 4976 ob
1165 4912 1250 4973 uuila
1261 4911 1321 4971 fuit
1331 4911 1518 4988 humanitas,
1533 4911 1567 4971 in
1580 4911 1719 4973 humana
1732 4912 1930 4991 generatione

343 5002 533 5080 unitionem,
549 5022 611 5082 qua
624 5021 696 5064 cum
714 5022 751 5064 eo
765 5002 926 5087 copulatus
939 5009 984 5065 est
998 5005 1108 5085 homo,
1164 5005 1298 5066 adunata
1328 5002 1386 5063 iuit
1418 5003 1605 5065 humanitati
1636 5003 1762 5084 proprie
1792 5005 1930 5065 nasrami

344 5114 437 5177 quam
461 5094 623 5157 Nestorius
651 5101 768 5171 statuta,
793 5113 828 5156 eo
841 5113 947 5156 veram
965 5114 1030 5158 esse
1045 5117 1109 5159 non
1163 5097 1318 5159 divinitas.
1338 5095 1370 5157 Si
1386 5098 1470 5157 enim
1484 5095 1601 5172 dixero,
1616 5094 1777 5159 reidicerc
1790 5092 1927 5171 voluero,

344 5186 554 5265 existimabat,
578 5205 704 5267 prorsus
726 5205 849 5249 necesse
871 5194 918 5249 est
937 5184 1110 5255 humanam
1163 5188 1259 5252 Maria
1272 5206 1394 5268 semper
1406 5188 1501 5265 Virgo
1521 5186 1644 5268 proprie
1657 5187 1766 5269 genuit
1784 5186 1928 5250 humani-

343 5279 477 5359 aiiquam
496 5298 717 5360 personamus
737 5279 789 5342 illa
803 5281 1003 5359 generatione
1017 5283 1109 5343 exsti·
1164 5274 1930 5360 tatem,nonpropricgeuuitdivinitatem:ridebit
2047 5320 2048 5341 2

343 5517 582 5626 adsuffidndddnddd'
595 5520 634 5566 tib.
649 5522 725 5565 iconi.
734 5521 837 5566 dista-d
850 5522 905 5569 uss.
914 5521 961 5567 t-lV
977 5523 1032 5568 uiti.
1046 5525 1088 5569 PP.
1099 5525 1142 5571 toi.
1156 5524 1228 5567 itu-
1241 5524 1255 5567 u
1269 5521 1313 5567 tta.
1328 5523 1336 5566 Ι
1353 5526 1439 5573 muira.
1461 5521 1548 5567 dett.-
1559 5521 1573 5566 d
1586 5519 1654 5581 Cprii.
1665 5519 1775 5567 ibic-⁵
1790 5520 1840 5567 Far.
1853 5532 1888 5579 sp.
1898 5520 1928 5564 d
