4072 6164
526 337 990 413 cannamomum.
1017 335 1067 412 ιν,
1096 335 1268 397 444444.
1358 418 1362 426 Ι
1629 336 1688 397 soc

923 501 1081 563 elaborare
1093 501 1253 578 volumus,
1268 500 1319 561 hic
1334 501 1455 577 integra
1474 497 1690 579 perscribenda

922 599 1005 669 sunt,
1034 593 1118 672 quod
1140 594 1175 654 in
1201 592 1395 654 antecedenti
1422 591 1521 671 capite
1548 591 1688 652 nondum

920 685 1067 758 fecimuS,
1093 690 1124 746 et
1144 685 1216 745 inde
1234 684 1429 765 potissimum
1441 684 1619 763 repetenda,
1636 681 1691 743 ubi

318 747 386 830 CA
399 746 428 828 P
436 745 511 827 UT
556 742 616 825 Vl
625 742 656 824 1·
922 778 1044 859 plenius
1062 782 1208 856 concepta
1222 777 1302 836 mihi
1324 775 1482 850 videntur,
1507 793 1546 835 ex
1563 775 1691 856 epistola

457 878 460 885 ’
922 869 1063 930 videlieet
1088 868 1128 928 ad
1148 868 1295 945 Acacium
1319 867 1547 928 Melitinensem
1570 867 1688 946 episco-

922 979 1014 1040 pum,
1031 961 1064 1020 in
1080 979 1144 1039 qna
1157 960 1201 1021 ita
1214 960 1340 1021 scribit:
1364 980 1376 1016 4
1393 957 1600 1032 Quamobrem
1614 959 1690 1019 dum

107 1046 149 1109 De
169 1066 274 1124 4444444,
308 1052 337 1106 41
364 1040 604 1123 444444444414444
629 1037 875 1100 444141444414444
923 1071 974 1120 03
992 1070 1031 1112 ex
1055 1052 1169 1131 quibus
1192 1069 1275 1111 unus
1299 1057 1355 1123 est
1378 1056 1409 1110 et
1433 1049 1517 1109 solus
1534 1049 1627 1120 filius
1655 1068 1691 1112 30

146 1138 232 1199 4111444
258 1135 395 1219 Cyrilli,
418 1133 566 1214 superori
590 1134 685 1212 4444414
710 1130 872 1211 proponti
922 1144 1072 1205 Dominus
1082 1145 1179 1209 lesus
1198 1143 1337 1203 Christus
1342 1140 1559 1219 ,cogitatione
1576 1141 1689 1202 intelli-

142 1232 173 1293 2
195 1221 874 1303 1444641641101660441441441444444414444
923 1236 1088 1314 gentisque
1110 1235 1379 1314 concipimusstia
1339 1239 1465 1293 44444444
1491 1232 1567 1292 duas
1588 1233 1690 1293 unitas

142 1310 875 1402 41441444444444444444441441144444444444144444
924 1344 988 1388 csse
1002 1326 1151 1387 dicimus:
1176 1331 1246 1405 post
1266 1326 1437 1385 unitionem
1451 1342 1525 1384 vero
1541 1329 1690 1402 tanquam

138 1406 729 1495 41616444144444441444444411444444441444
744 1402 872 1465 4444144444·
924 1418 1120 1496 sublatajam
1133 1419 1167 1478 in
1177 1418 1239 1478 duo
1251 1418 1429 1496 partitione,
1440 1432 1536 1476 tinam
1550 1433 1615 1476 esse
1628 1434 1691 1477 cre-

143 1508 172 1566 3
193 1504 270 1565 Tum
295 1499 500 1582 4144444144
516 1505 629 1579 4144444
651 1506 783 1566 intereos
803 1513 875 1575 1440·
924 1510 1027 1570 dimus
1045 1509 1099 1569 14144
1121 1514 1285 1583 naturam3
1305 1525 1414 1568 verum
1433 1507 1643 1580 inhumanati,
1660 1515 1692 1568 et

143 1613 257 1657 44444444
270 1592 416 1655 interdum
439 1597 575 1672 4444444144.
598 1593 627 1650 4
654 1588 719 1650 Alii
732 1593 873 1648 naturam
923 1600 1110 1661 insumatis
1127 1602 1214 1660 „His
1237 1601 1370 1704 adjupge
1393 1618 1462 1678 quae
1480 1616 1519 1659 ,31
1533 1598 1636 1677 priore
1653 1597 1693 1659 ad

143 1685 315 1769 4494441444
303 1707 311 1746 4
326 1683 453 1745 4444144444·
475 1686 504 1745 5
520 1682 653 1763 1441444444
653 1700 691 1741 444
713 1698 800 1741 44444444
820 1696 874 1738 4444
927 1691 1095 1754 Successori
1114 1693 1193 1771 epist
1180 1693 1242 1752 tola
1264 1692 1344 1770 capit
1344 1711 1361 1752 e
1374 1691 1526 1770 superiori
1518 1691 1691 1769 descripta

146 1773 733 1860 (11444444444444444444444444444444447
750 1770 874 1850 11441444
925 1790 998 1845 sunt
1022 1803 1094 1844 oum
1119 1785 1186 1844 aliis
1215 1783 1290 1844 locis
1316 1784 1454 1888 ejsudem
1479 1780 1621 1860 Gyrilli¹3
1657 1783 1691 1844 in

143 1890 226 1932 4444444
246 1888 320 1949 41444
348 1876 376 1929 44
397 1886 499 1946 44414444
524 1865 697 1947 4444144444
716 1881 819 1942 44444144
841 1868 874 1921 444
926 1876 1289 1955 444414444114444444414144
1303 1873 1692 1936 unicanaturainoarnata

143 1961 351 2023 Nestorionom
384 1959 572 2031 ditttoiortmn,
607 1955 874 2038 separationemque
926 1969 1038 2029 dicitur
1048 1976 1286 2048 ogqapgwpkoq'
1256 1996 1336 2047 φυσις,
1364 1989 1379 2024 4)
1415 1984 1479 2026 11011
1506 1976 1691 2046 &capitolo-evoti

145 2055 267 2116 uitaret
281 2057 310 2115 8.
328 2050 409 2113 Unde
421 2060 448 2112 u
460 2056 600 2112 naturam
620 2049 718 2110 vetas
732 2045 872 2107 esttenet-
925 2071 1014 2141 4444,
1027 2061 1087 2121 hoo
1101 2066 1146 2121 est
1157 2057 1497 2137 incursantemque
1509 2063 1615 2118 tamen
1627 2058 1689 2118 ouo

145 2146 227 2226 11414
243 2141 562 2225 11444444444044411
561 2140 782 2223 4444144444
799 2137 872 2198 Tum
925 2153 960 2213 111
973 2151 1389 2231 unumidemquerecidunt

145 2257 182 2299 ac
194 2235 310 2299 Isidoro
323 2235 485 2297 Pelusioto
966 2245 1004 2305 ll.
1028 2246 1062 2305 ln
1077 2243 1157 2304 41144Ι
1150 2251 1253 2322 itaque
1268 2242 1373 2323 Cyrilli
1386 2241 1489 2303 verbis
1497 2258 1645 2320 prrmum
1659 2246 1691 2302 et
1714 2270 1785 2314 vm„
1805 2280 1860 2312 son-

924 2336 1116 2416 prascipuum
1155 2335 1333 2414 questionis
1374 2339 1467 2412 caput
1504 2332 1689 2394 vocabulum
1739 2322 1837 2421 4444444444,

9 2424 173 2521 nutu-1
197 2422 278 2483 Cum
309 2425 374 2480 tam
397 2419 519 2498 egregio
540 2419 578 2480 (16
604 2417 753 2494 Ecclesia,
779 2435 874 2496 1641416
925 2436 1018 2507 φύσεως
1032 2427 1228 2499 continetde
1243 2445 1305 2506 quo
1319 2426 1389 2487 duae
1403 2429 1476 2486 sunt
1489 2424 1689 2503 antiquorum
1735 2430 1838 2501 φύσεως

9 2531 76 2574 ioum
112 2513 364 2575 ootholiromerit
365 2529 474 2572 ososso
475 2463 873 2590 1040118116111111144418
926 2538 981 2580 sen
981 2520 1098 2581 tentiae.
1113 2520 1193 2579 Nam
1206 2519 1259 2579 aln
1268 2527 1337 2598 φύσιν
1346 2536 1403 2597 pro
1414 2526 1546 2580 ὑποστάσει
1558 2517 1690 2596 posttsm
1733 2578 1843 2623 ntorum

9 2584 202 2733 fflatque
224 2605 259 2664 in
272 2605 453 2665 Nestoriano
472 2601 693 2681 restinguendo
713 2601 871 2673 inccndio,
926 2612 1119 2672 existimant:
1132 2616 1247 2689 negant
1260 2610 1321 2682 alii,
1335 2610 1472 2684 attidem,
1487 2616 1580 2689 atque
1591 2617 1687 2686 4144444,
1711 2638 1861 2685 properam.

9 2688 326 2787 etsshnstrana
340 2694 598 2755 stabiliendafide
616 2693 876 2773 praecipitantius
925 2720 990 2763 esse
1003 2702 1207 2762 nihilominus
1227 2702 1391 2762 affirmant
1417 2701 1514 2762 Priori
1528 2700 1689 2779 suffragari
1732 2709 1843 2755 4444444-

9 2748 214 2869 &paries
235 2788 328 2849 exstit
315 2788 441 2863 iissent,
461 2786 573 2847 morito
586 2785 620 2844 in
634 2785 723 2845 illum
740 2784 875 2844 Vicissim
927 2794 1060 2872 cyrillus
1080 2794 1202 2855 videtur
1215 2812 1291 2873 qul
1282 2793 1343 2854 de
1357 2794 1465 2853 eadem
1478 2811 1512 2853 re
1526 2793 1687 2865 disserens,
1755 2767 1817 2811 'mm'

114 2880 264 2941 tuendum
284 2878 379 2939 totius
399 2833 556 2938 4411441444
573 2875 758 2956 posteritatis
777 2876 877 2935 studia
926 2886 1033 2946 ambas
1057 2886 1241 2946 1544440444
1264 2885 1377 2963 sapius
1402 2884 1575 2963 explicandi
1593 2883 1690 2958 gratia

113 2973 340 3051 conspirarunt
348 2971 387 3030 Et
400 2970 546 3048 qnoniam
562 2967 713 3028 nonnulla
725 2967 763 3028 416
776 2968 877 3027 lotor·
927 2977 1086 3055 oonjungit
1104 2983 1252 3056 tanquam
1269 2983 1437 3055 συνωνύμως,
1459 2975 1542 3036 ut1n
1555 2974 1691 3036 seeundo

112 3058 876 3142 nationeVerbipauloobscuriusabillooonstabat
926 3066 1314 3141 librodemonstrarrimue,
1322 3066 1375 3126 ubi
1383 3066 1564 3145 locaGynlh
1574 3065 1693 3144 aliquot

112 3174 176 3217 csse
198 3156 297 3216 dicta:
322 3155 436 3234 quibus
461 3154 572 3233 perditi
591 3152 816 3232 Monophysitae
836 3152 875 3212 ad
927 3158 1019 3219 allata
1041 3164 1132 3232 sunt;
1161 3158 1274 3237 quibus
1300 3158 1359 3218 4144
1384 3175 1468 3219 nuuc
1493 3158 1605 3219 omissa
1633 3156 1695 3216 illio

112 3247 237 3309 haeresis
261 3264 325 3307 suae
353 3245 558 3325 patrocinium
589 3244 813 3318 abutebant1183
841 3249 877 3303 nt
927 3246 1698 3329 adjungemus.Indefensioneanathematismioctuct'

112 3339 253 3418 proximo
270 3339 455 3399 antecedens
480 3342 571 3415 oapnt
593 3336 743 3397 ostendit:
764 3335 876 3396 ideirco
927 3341 1062 3403 adversus
1075 3339 1234 3416 Andreum,
1250 3341 1308 3400 4444
1320 3340 1497 3408 0444414144,
1513 3340 1556 3400 444
1570 3339 1693 3400 scribit:

111 3447 300 3510 magnopere
334 3430 478 3508 deinceps
510 3428 545 3489 in
577 3428 636 3488 hoc
668 3427 876 3493 incubuerunt
933 3454 948 3490 44
962 3433 1083 3493 Etenim
1096 3433 1264 3512 quandoin
1283 3450 1347 3493 una
1368 3449 1511 3510 persons,
1527 3437 1558 3492 et
1571 3436 1693 3506 natura,

112 3521 224 3583 44441444
234 3521 388 3600 theologi,
404 3528 440 3581 ut
453 3520 491 3581 ab
506 3524 591 3579 tanto
605 3520 671 3579 rho
686 3519 796 3580 nefarii
810 3537 876 3580 sus·
926 3524 987 3585 hoc
1000 3529 1046 3584 est
1061 3523 1220 3603 hypostasi
1245 3541 1320 3597 una,
1336 3522 1501 3602 diligenter
1515 3523 1696 3585 examinans

111 3614 263 3693 pieionem
284 3614 397 3674 erroris
414 3616 565 3672 arcerent.
581 3612 680 3690 Hujus
696 3612 877 3690 assequendi
929 3617 1008 3676 ratio
1022 3615 1085 3690 illa,
1102 3633 1140 3675 ex
1154 3615 1266 3693 quibus
1276 3621 1332 3691 est,
1348 3615 1408 3676 hoc
1420 3620 1466 3675 est
1480 3621 1696 3676 conststnatu-

111 3710 146 3765 444
159 3710 225 3767 erat
246 3706 350 3781 unica,
374 3704 417 3764 sic
440 3704 479 3764 ab
500 3704 561 3764 illis
583 3708 725 3763 accurate
744 3708 790 3762 est
803 3703 879 3763 inita
928 3705 1059 3780 ruinart,
1069 3728 1083 3764 4
1102 3712 1159 3769 444.
1175 3708 1211 3766 In
1222 3707 1352 3786 epistola
1364 3725 1488 3786 quoqne
1501 3709 1540 3768 ad
1551 3707 1697 3769 Acacium

112 3798 205 3869 ratio,
219 3796 267 3856 uti
276 3796 377 3869 aliter,
394 3802 487 3875 atque
503 3795 563 3866 isti,
579 3793 676 3855 verba
685 3794 767 3854 illius
782 3793 877 3854 inter·
928 3805 998 3879 post
1009 3798 1152 3878 illa,quae
1162 3798 1256 3878 paulo
1270 3804 1342 3859 ante
1352 3800 1571 3877 decerpsimus,
1583 3798 1626 3858 ita
1639 3798 1698 3858 sibi

113 3888 261 3967 pretando
278 3893 505 3960 monstrarent,
523 3886 744 3965 qualicumque
764 3884 878 3944 horum
930 3890 1108 3968 objicientes
1141 3889 1333 3953 adversarios
1354 3890 1472 3949 inducit
1484 3888 1508 3964 ¹,
1547 3888 1698 3949 nimirum

113 3979 308 4059 ambiguitati
326 3997 450 4053 veram,
470 3984 502 4039 et
516 3980 643 4039 sincerae
662 3977 734 4037 fidoi
748 3995 876 4038 consen·
931 3981 1119 4043 orientales:
1135 3983 1169 4040 in
1189 3999 1269 4041 verae
1288 3981 1360 4041 fidei
1374 3981 1559 4058 professione
1572 3985 1699 4041 naturas

114 4075 234 4131 teneam
257 4071 383 4132 subesse
403 4070 598 4131 sententiam.
621 4071 722 4148 Atque
741 4070 879 4129 hocnon
929 4074 1085 4134 nominari
1098 4073 1189 4145 duas,
1206 4091 1242 4133 ac
1256 4091 1312 4150 pro
1325 4073 1489 4133 ambarum
1509 4073 1697 4150 discrimine,

113 4163 290 4224 uniusmodi
304 4163 502 4243 expositionis
516 4179 640 4238 genere,
658 4162 711 4221 sed
725 4161 876 4235 dissimili,
929 4165 1071 4244 proprias
1089 4164 1218 4243 singulis
1245 4164 1372 4224 attribui
1395 4183 1496 4237 voces,
1526 4170 1619 4243 atque
1639 4165 1699 4225 dis·

115 4257 146 4313 et
155 4255 188 4313 in
201 4255 346 4316 eumdem
362 4260 467 4315 tamen
481 4259 684 4314 concurrente
698 4253 830 4332 pietatis,
845 4271 881 4313 ac
930 4256 1016 4317 cerni
1030 4276 1036 4315 :
1052 4255 1112 4315 hoc
1126 4260 1230 4315 autem
1243 4274 1418 4335 repugnare
1430 4256 1470 4332 ei,
1481 4256 1565 4336 quod
1576 4256 1610 4315 in
1620 4274 1698 4316 ana·

115 4347 249 4407 veritatis
277 4365 404 4407 sensum
433 4347 550 4407 efficere
568 4346 671 4406 conati
697 4350 779 4406 sunt.
804 4346 881 4411 Quae
929 4347 1125 4407 thematismo
1136 4354 1246 4426 quarto
1256 4347 1417 4408 definitum
1428 4353 1698 4428 est3oonopcrtere

117 4437 238 4513 qtridenr
272 4438 450 4518 explicandi
476 4438 607 4498 varietas
640 4437 764 4497 initium
795 4437 881 4498 dabit
925 4439 1057 4519 4444444444
1070 4437 1192 4513 duabus,
1207 4439 1266 4499 siue
1277 4437 1479 4522 hypostasibus
1493 4438 1606 4499 Christi
1621 4458 1699 4501 444444

116 4525 205 4605 hujus
227 4529 429 4609 dsiputationi
455 4529 580 4608 capitis;
595 4528 628 4588 in
644 4545 707 4606 quo
721 4528 881 4588 desudem
932 4529 1005 4590 illos
1018 4528 1147 4590 attribui
1166 4531 1342 4610 separatim.
1366 4547 1402 4590 ac
1428 4529 1535 4606 divise,
1559 4530 1613 4590 sed
1630 4531 1697 4605 uni,

117 4616 169 4678 illo
183 4619 287 4699 cyrilli
299 4620 392 4694 dicto,
419 4638 454 4681 ac
469 4619 733 4699 quemadmodum
756 4619 823 4697 ejus
842 4636 881 4679 ex
931 4621 1095 4701 eidemque
1114 4620 1248 4682 Christo.
1269 4622 1349 4682 Huic
1360 4638 1437 4681 nero
1452 4621 1556 4681 statim
1570 4640 1699 4701 respon-

117 4716 216 4771 mente
242 4711 431 4792 capiendum
457 4712 505 4786 sit,
531 4729 660 4791 pergam
683 4711 794 4772 dicere.
819 4712 880 4775 Sed
932 4713 1007 4773 dens
1029 4712 1083 4787 ait,
1105 4730 1138 4773 se
1158 4713 1191 4773 in
1209 4712 1466 4774 anathematismo
1480 4713 1595 4773 cavisse
1616 4714 1701 4776 dun-

119 4801 206 4862 verba
224 4803 381 4884 imprimis
399 4803 481 4882 ipss,
496 4802 530 4863 in
547 4803 660 4882 quibus
680 4802 882 4880 explanandis
932 4809 1085 4875 taxatae
1108 4804 1178 4884 quis
1200 4823 1289 4867 voces
1311 4804 1380 4877 illas
1404 4805 1550 4885 diversas,
1565 4822 1700 4884 quarum

9 2853 88 2892 m

1723 3016 1862 3076 44444444.

103 5021 105 5025 -
157 4982 297 5038 acturos.
323 4986 392 5036 torn.
409 4981 442 5043 V,
463 4996 520 5051 pur.
548 4982 568 5036 Ι.
588 4981 668 5055 ’141444
687 4999 726 5034 τοι
748 4981 788 5045 τὰ,
810 4979 834 5043 ἐξ
847 4977 883 5035 ὧν
933 4982 1060 5053 διατομῆς,
1080 4981 1137 5053 μίαν
1153 4977 1215 5036 εἶναι
1226 4980 1371 5054 πιστεύομεν
1385 4981 1429 5050 rho
1447 4987 1491 5037 τοῦ
1502 4982 1556 5036 44ἱοῦ
1572 4982 1652 5052 φύσιν,
1666 4983 1700 5043 ὡς

123 5057 182 5114 ἔστιν
192 5056 260 5129 δεῖς,
271 5063 312 5116 καὶ
328 5065 402 5136 μόνος
416 5061 478 5128 utba,
493 5065 535 5116 καὶ
550 5063 631 5136 κύριος
648 5063 747 5132 Ἰησοῦς
765 5062 881 5136 Χριστὸς,
932 5061 996 5129 ἑνὸς,
1011 5063 1075 5131 πλὴν
1090 5061 1331 5137 ἐνανθρωντήσαντος,
1343 5065 1383 5118 καὶ
1397 5064 1591 5136 σεσαρκωμένον.

123 5141 188 5205 0414
204 5143 296 5208 Motae
308 5146 448 5218 8446444444,
462 5146 506 5198 tto
519 5145 562 5217 μὲν
577 5144 657 5216 φύσεις
669 5146 779 5214 ἡνῶσθαί
792 5165 880 5218 φαμεν.
967 5147 1154 5203 1404440441.
1174 5149 1218 5203 vl.
1238 5147 1316 5202 Ὅταν
1338 5147 1442 5219 μὲνγὰρ
1463 5145 1500 5217 ἐφ’
1517 5146 1569 5207 ἑνὸς
1596 5147 1700 5218 προσώ·

126 5225 256 5300 patiere
268 5228 312 5296 τὴν
331 5228 428 5293 trucis,
443 5228 477 5290 ὡς
491 5226 643 5300 ἀνῃρημένης
661 5229 708 5297 ἤδη
727 5233 770 5296 τῆς
788 5227 820 5292 εἰς
838 5228 881 5281 δύο
930 5248 989 5295 που,
1003 5228 1044 5282 καὶ
1057 5230 1160 5301 φύσεως,
1182 5232 1256 5303 ἤγουν
1276 5230 1434 5292 inundetur
1458 5231 1514 5301 μιᾶς
1533 5229 1671 5300 βασανίζων
1687 5229 1701 5283 ὁ

930 5311 1014 5383 λόγος,
1030 5311 1054 5374 ii
1068 5308 1103 5367 ὧν
1118 5311 1193 5377 ἔστιν,
1209 5315 1284 5385 ἤγουν
1294 5313 1416 5384 σύγκειται
1431 5317 1546 5383 φυσικῶς,
1558 5318 1612 5367 etc.

150 5459 160 5501 t
173 5458 247 5515 144444.
259 5459 334 5503 1.-4
347 5456 400 5515 (444).
410 5470 445 5512 444,
457 5471 534 5515 paras.
544 5460 596 5504 11.-
606 5459 620 5504 8
632 5460 695 5505 lom.
707 5461 733 5513 t,
742 5472 790 5517 par.
813 5461 831 5504 1.
