4078 6162
340 339 400 403 466
852 332 1176 397 THEOLOGICORUM
1196 333 1413 397 manarunt

340 503 477 582 partium
492 501 686 581 singularum
707 499 888 561 nominibus
910 499 1105 580 appellatur:
1159 500 1347 579 loquuntur:
1369 500 1425 580 qui
1451 505 1579 561 naturas
1599 499 1675 559 duas
1698 497 1893 574 modificat,ss

341 596 481 657 Christus
494 600 600 655 autem
613 599 677 654 tam
691 595 781 666 Dens,
797 612 893 672 quam
908 593 1002 654 homo
1015 611 1110 653 voca·
1159 590 1894 673 determinataeduplsxproinrclligenttanostrc

340 694 403 749 tur.
428 689 474 749 Es
487 686 600 767 qulbus
614 686 690 747 illud
709 686 809 746 solnm
824 686 966 762 efficitur,
981 686 1064 765 quod
1079 689 1110 746 et
1159 691 1263 766 captu,
1274 686 1309 747 in
1320 703 1454 767 persona
1463 684 1575 747 Christi
1583 683 1758 762 compositio
1767 682 1892 745 nascitur:

340 799 398 841 nos
424 780 507 841 ultro
536 779 753 854 concedimus,
790 797 855 839 non
880 779 1023 840 eamdem
1044 795 1109 839 essa
1159 797 1225 840 una
1248 796 1286 840 ex
1305 778 1427 840 naturis
1443 777 1563 839 duabus
1582 776 1664 837 inter
1681 794 1712 837 se
1733 776 1893 855 conjunctis:

340 874 495 935 rationem
506 871 737 952 compositionis
751 871 784 931 in
808 871 948 944 Christo,
972 889 1044 950 qum
1064 874 1111 931 est
1159 873 1272 948 altera,
1300 890 1340 933 ex
1360 869 1516 953 personali
1549 868 1836 950 proprietateque
1862 874 1897 931 est
1994 890 1995 907 ι

342 963 851 1044 eaeoermum3ntsuperioricapita
861 964 927 1025 fuse
935 964 1107 1024 docuimus:
1160 963 1267 1026 relatio
1279 965 1367 1041 Filii3
1388 970 1420 1026 et
1431 963 1550 1026 naturis
1562 962 1762 1041 iisdemque
1773 961 1896 1023 relatione
1993 966 1995 989 ¹

341 1059 527 1120 nonnullam
540 1065 644 1120 tamen
656 1076 721 1118 esse
735 1056 783 1117 sui
797 1074 832 1117 ae
843 1057 962 1137 proprii
975 1055 1108 1135 generis,
1160 1058 1221 1119 ista
1229 1063 1261 1119 et
1273 1057 1472 1139 proprietate,
1484 1062 1633 1136 unquam
1641 1072 1723 1115 nexu
1733 1053 1898 1133 quodam,ct

341 1151 421 1212 nihii
434 1156 480 1212 θεῖ
493 1151 577 1231 quod
590 1150 763 1229 prohibeat.
1161 1149 1288 1211 uniente
1305 1150 1407 1211 lorma
1428 1148 1625 1229 copulantur.
1640 1147 1755 1207 Verum
1774 1146 1898 1226 posterior

382 1245 440 1304 IX.
464 1244 644 1323 Sequuntur
657 1242 775 1320 aliquot
788 1246 989 1320 argumenta,
1005 1245 1112 1303 contra
1161 1241 1219 1303 ista
1231 1242 1421 1321 compositio,
1437 1247 1503 1302 uta
1517 1240 1620 1321 priore
1634 1237 1831 1318 distinguitur,
1847 1256 1897 1299 non

342 1336 484 1398 eamdem
509 1334 767 1415 compositionem
797 1352 937 1413 personae
970 1331 1109 1393 Christi:
1162 1334 1400 1396 estreicumre
1413 1334 1521 1395 altera.
1536 1333 1606 1394 Non
1619 1332 1703 1393 enim
1716 1329 1897 1410 crinitaque

343 1447 413 1508 ques
425 1447 464 1490 an
481 1428 521 1489 iis
541 1426 630 1488 nullo
649 1426 776 1504 negotio
794 1425 1015 1501 dissolvuntur,
1041 1441 1112 1504 ques
1162 1433 1209 1488 est
1217 1426 1341 1508 filietas,
1361 1445 1410 1489 res
1423 1433 1470 1489 est
1483 1424 1604 1488 aVerbi
1613 1429 1724 1485 natura
1734 1421 1897 1499 diverss3ab

343 1540 438 1600 supra
455 1521 514 1581 hoc
541 1519 576 1579 in
603 1519 702 1599 capite
729 1524 804 1579 sunt
823 1518 945 1580 tradita.
975 1518 1015 1578 Ut
1040 1532 1113 1577 cum
1162 1519 1301 1582 humana
1310 1539 1384 1581 vero
1398 1519 1491 1581 distat
1500 1516 1730 1596 eatenus,quod
1743 1515 1898 1578 reidemest
1995 1516 1996 1579 l

343 1613 449 1692 objicit
463 1613 526 1673 sic:
554 1611 762 1691 Hypostasim.
779 1616 810 1672 et
826 1627 991 1690 personam
1002 1609 1113 1671 Christi
1162 1631 1234 1675 cnm
1241 1613 1336 1674 Verbi
1346 1613 1530 1674 substantia.
1995 1612 1996 1617 ’

343 1707 443 1785 ipsam
465 1722 530 1767 esse
557 1703 654 1766 Verbi
677 1703 776 1763 divini
804 1720 969 1783 personam
995 1708 1027 1763 et
1048 1720 1113 1762 non
1202 1707 1245 1766 X.
1266 1706 1364 1768 Paulo
1378 1706 1525 1767 dlermtur
1542 1706 1602 1768 ista
1624 1706 1749 1769 fortasm
1772 1700 1898 1777 subtilius,

344 1798 455 1859 alienu
484 1798 566 1858 hanc
591 1803 696 1858 autem
721 1795 755 1856 in
780 1813 823 1872 sc,
844 1801 874 1856 et
895 1796 1035 1857 absolute
1048 1812 1114 1857 esse
1163 1816 1260 1879 qnam
1272 1798 1333 1860 lert
1345 1797 1480 1859 instituti
1501 1799 1601 1860 nostri
1619 1798 1709 1860 ratio.
1732 1796 1788 1859 Sed
1803 1810 1899 1857 necess

343 1891 618 1971 simplicissimam:
634 1890 700 1951 Hoc
716 1907 754 1949 ex
769 1894 841 1949 ante
856 1888 944 1948 dietis
958 1887 1047 1949 facila
1067 1893 1114 1949 θεῖ
1163 1890 1289 1968 sicfuit,
1305 1909 1346 1952 ne
1360 1909 1426 1952 non
1447 1889 1526 1952 illud
1543 1890 1766 1971 explicaretur,
1786 1886 1901 1968 quodst
1988 1898 1997 1927 '¹

343 1984 508 2065 explicatu.
525 1984 604 2044 Nam
622 1999 755 2062 persona
768 1981 835 2061 ipsa
857 1981 971 2041 Christi
983 1981 1008 2041 si
1024 1998 1063 2041 ex
1076 1998 1114 2041 eo
1163 1984 1366 2064 propositum,
1383 1983 1582 2064 quomodote
1596 1981 1717 2045 Christo
1730 1979 1901 2043 natiuadra
1996 2008 1997 2047 ι

344 2078 529 2151 aestimetur,
547 2075 630 2155 quod
645 2075 678 2134 in
693 2092 730 2135 ea
749 2073 903 2135 snotmiole
916 2080 979 2149 est,
1002 2086 1039 2134 ut
1058 2092 1113 2134 vo·
1163 2077 1571 2156 componantur.l'eneatur
1583 2075 1646 2137 hoc
1660 2075 1768 2150 modo;
1783 2069 1902 2152 composi·
1996 2102 1997 2159 p

344 2176 426 2246 eant,
451 2174 572 2230 naturae
593 2166 763 2242 suntduae,
787 2166 926 2247 adeoque
945 2166 1115 2245 composita
1163 2168 1282 2230 tionem
1294 2169 1393 2246 illam,
1414 2168 1453 2230 dc
1474 2186 1536 2248 qua
1551 2168 1605 2228 hic
1628 2165 1793 2249 praesertim
1812 2163 1900 2244 egitur,
1996 2200 1997 2225 ι

344 2268 496 2323 censetur.
510 2260 566 2321 Sin
575 2259 920 2338 forms,proprietasque
928 2257 1114 2319 subsistendi
1164 2280 1202 2323 es
1219 2261 1341 2323 naturis
1355 2267 1504 2323 constare.
1529 2261 1591 2321 Nee
1606 2259 1686 2321 illud
1700 2263 1822 2329 moreat,
1838 2254 1903 2335 quod

344 2358 509 2433 spectetur,
527 2351 755 2431 simplicissima
768 2356 824 2412 θεῖ.
843 2351 929 2412 idem
938 2351 1054 2431 quippe
1068 2354 1114 2411 est
1164 2353 1205 2415 ab
1219 2354 1330 2415 eodem
1344 2354 1499 2433 objectum
1512 2357 1558 2414 est
1577 2352 1736 2431 theologo,
1757 2346 1903 2411 «Humani-

345 2464 419 2506 cum
433 2444 640 2524 ementiaipsa
654 2443 771 2517 divina,
1000 2476 1005 2485 ·
1164 2451 1261 2508 tatem
1285 2446 1399 2507 Christi
1426 2447 1466 2507 ad
1496 2444 1693 2525 hypostasim
1718 2442 1803 2505 Verbi
1827 2438 1902 2502 divini

386 2541 455 2600 Non
470 2538 576 2599 minus
589 2536 731 2615 expedita
753 2536 914 2615 responsio
941 2536 1044 2597 estad
1070 2536 1112 2614 id,
1164 2538 1257 2614 longe
1275 2539 1432 2600 minorem
1444 2537 1559 2599 habere
1582 2535 1777 2616 perfectionis
1796 2550 1902 2615 propor-
1997 2552 1998 2585 ι

346 2632 431 2711 quod
456 2631 571 2692 ibidem
600 2629 786 2709 opponitur:
817 2630 924 2708 Neque
950 2648 988 2690 ea
1013 2630 1115 2691 Verbo
1165 2631 1295 2708 tionem,
1310 2648 1405 2711 quam
1426 2635 1579 2710 punctum
1599 2629 1640 2691 ad
1655 2629 1776 2701 husam,
1797 2632 1824 2688 et
1841 2624 1902 2686 acci·

345 2724 470 2799 divin03
507 2741 607 2802 neque
641 2740 680 2783 ex
711 2726 870 2800 assumpta
903 2722 1113 2796 humanitate,
1166 2724 1243 2785 dens
1257 2723 1296 2785 sd
1310 2723 1496 2803 subjeetum,
1511 2728 1542 2783 et
1555 2722 1900 2802 suppositumque.»
1997 2722 1998 2785 Ϊ

344 2815 537 2896 hypostasim
551 2813 663 2877 Christi
678 2832 743 2875 esse
757 2814 969 2892 compositam.
998 2815 1067 2875 Non
1077 2833 1117 2876 ex
1167 2817 1260 2891 Quasi
1274 2817 1341 2878 brec
1354 2835 1372 2877 a
1387 2815 1478 2876 nobis
1500 2814 1689 2894 compositio
1708 2818 1856 2895 quaemtnr,
1876 2810 1903 2879 ¹in

346 2909 450 2970 Verbo
472 2910 556 2988 ipso:
584 2907 657 2988 quia
679 2907 822 2968 Verbum
850 2905 929 2965 nihil
957 2906 1043 2967 aliud
1071 2913 1117 2969 θεῖ
1167 2928 1227 2988 qua
1240 2916 1350 2970 mutua
1363 2908 1495 2970 sitinter
1506 2912 1729 2987 componentes
1741 2910 1831 2987 partes
1841 2917 1904 2964 com·

345 3020 440 3080 quam
455 3000 627 3080 hypostasis
637 2999 748 3059 Verbi:
765 2998 849 3059 Idem
859 3000 1116 3080 autemexseipso
1168 3001 1338 3063 muniretio
1352 3000 1487 3080 perlecti.
1515 2999 1620 3060 Gratis
1642 3000 1700 3061 ista
1713 2998 1867 3078 linguntur:
1881 2996 1904 3053 et

347 3093 492 3173 componi
512 3092 632 3170 nequit.
659 3092 728 3151 Non
752 3108 790 3151 ex
814 3090 1008 3153 humanitate
1028 3091 1114 3172 ipsa;
1168 3112 1203 3156 aa
1217 3094 1359 3174 superins
1372 3111 1464 3154 eausa
1478 3098 1524 3154 est
1539 3091 1652 3168 allata,
1673 3109 1728 3152 cur
1740 3102 1904 3171 neccompo·

347 3186 497 3264 quoniam
531 3183 588 3244 etsi
627 3189 739 3244 natrrra
775 3182 914 3244 humana
950 3184 1117 3263 conjuncta
1167 3187 1237 3248 sitio
1259 3186 1433 3267 hypostasis
1461 3183 1575 3246 Christi
1611 3190 1792 3246 ceterarum
1820 3176 1904 3241 similis
1998 3208 1999 3219 ι

347 3278 463 3353 Verbo,
479 3277 639 3338 bominem
652 3276 711 3337 hoc
724 3276 834 3347 faciat,
854 3280 1007 3354 quatenus
1021 3278 1116 3339 bomo
1168 3285 1267 3341 esset:
1294 3297 1351 3340 nec
1385 3296 1424 3339 ex
1454 3277 1595 3357 partibus
1632 3280 1781 3338 constaret
1805 3269 1904 3357 proprie
1998 3278 1999 3295 ¹

346 3370 498 3445 formam,
527 3376 559 3430 et
581 3375 727 3429 naturam
754 3368 926 3446 siguificat:
952 3387 1117 3450 personam
1167 3373 1274 3434 dictis:
1290 3387 1425 3452 quarum
1449 3375 1495 3431 est
1517 3369 1573 3430 illa
1596 3369 1751 3442 conditio,
1777 3366 1817 3428 nti
1833 3361 1905 3425 senia

346 3468 454 3523 tamur
468 3479 570 3541 neque
585 3480 624 3523 ex
638 3467 715 3536 toto,
736 3478 889 3538 nequeas
903 3467 991 3540 parte
1002 3462 1117 3523 consti·
1167 3462 1449 3546 opportunitatibus
1458 3461 1516 3522 sibi
1529 3461 1668 3524 invicem
1682 3458 1867 3523 commodent.

347 3554 419 3615 tuit.
440 3555 518 3615 Satis
541 3558 587 3615 est
610 3554 650 3614 ad
673 3554 731 3613 ista
751 3570 936 3631 responsum
950 3554 984 3612 in
998 3560 1118 3615 antece-
1207 3557 1334 3631 Quodsi
1348 3555 1435 3616 nulla
1447 3555 1508 3616 nisi
1520 3572 1558 3616 eo
1576 3554 1674 3616 modo
1698 3545 1903 3632 compositiolit‚

347 3646 502 3708 dentibus.
538 3646 738 3725 Hypostasim
773 3646 887 3705 Christi
926 3664 964 3706 ex
997 3649 1117 3708 naturis
1167 3653 1204 3708 ut
1223 3653 1333 3708 mrrtuo
1356 3664 1388 3707 se
1406 3650 1630 3725 componentes
1644 3663 1694 3707 res
1707 3640 1904 3725 perficiant:ne

347 3739 469 3800 duabus
490 3737 645 3816 componi,
661 3742 806 3798 constans
820 3742 866 3798 est
883 3739 1009 3798 assertio
1032 3746 1115 3801 vete-
1168 3740 1308 3802 Christus
1324 3739 1449 3818 quidem
1468 3736 1660 3817 compositus
1677 3737 1737 3798 dici
1755 3732 1860 3803 debuit,
1878 3730 1905 3787 nt

347 3851 433 3895 rum.
457 3834 611 3892 Caeterum
635 3830 667 3889 in
694 3829 797 3890 Verbo
819 3830 1020 3891 discernenda
1044 3838 1118 3893 sunt
1168 3833 1207 3894 ab
1220 3832 1273 3894 illo
1281 3831 1417 3906 dieitur¹‚
1427 3829 1639 3910 compositione
1651 3828 1738 3905 reoli,
1752 3834 1777 3887 ct
1788 3820 1902 3892 succa

347 3927 429 4002 du03
446 3923 841 4001 alterumquodeatbens,
858 3924 1117 4004 sirenaturaipsa
1167 3924 1252 3987 etad
1273 3925 1365 3986 intra.
1392 3924 1446 3984 Est
1465 3922 1551 3984 enim
1577 3922 1717 3984 Christus
1736 3918 1812 3981 alind
1834 3909 1903 3984 nihil,

347 4020 447 4080 tribus
473 4015 613 4096 personis
640 4015 832 4076 communis:
862 4016 1005 4091 alterum,
1033 4018 1132 4097 quod⁸
1168 4024 1376 4098 praeterquam
1390 4019 1516 4079 [lenset
1530 4014 1715 4091 homo,sive
1732 4004 1904 4073 naumdue

347 4118 394 4173 est
409 4111 514 4181 Filius,
529 4110 594 4169 sire
607 4126 750 4188 persona.
763 4110 828 4171 Hoc
841 4113 946 4169 autem
965 4128 1004 4170 ex
1014 4127 1117 4189 perso·
1167 4112 1249 4173 inter
1262 4129 1295 4172 se
1308 4109 1490 4189 conjuncte.
1507 4109 1608 4183 Quare
1618 4105 1822 4188 perfectiorem
1833 4112 1905 4179 opor·

347 4203 611 4265 naliadnaturam
622 4201 766 4279 adjuncta
780 4202 969 4280 proprietate
981 4202 1027 4262 tlt.
1038 4203 1118 4264 Nam
1167 4210 1212 4266 ῖθῖ
1225 4203 1363 4266 divinam
1376 4201 1455 4264 ellici
1477 4218 1644 4282 personam
1658 4198 1697 4261 ab
1719 4199 1844 4260 humans
1860 4204 1903 4250 nt·

348 4297 405 4358 etsi
427 4295 528 4374 reipsa
552 4312 616 4354 nen
643 4293 746 4353 differt
766 4299 908 4354 enatura
924 4295 1115 4375 propriatas;
1168 4304 1249 4373 tura,
1260 4296 1383 4357 sialiter
1396 4293 1544 4373 conjungi
1556 4294 1618 4354 duo
1634 4293 1687 4353 illa
1699 4290 1854 4370 nequeunt.
1865 4281 1903 4349 El»

349 4388 484 4449 neculla
497 4386 623 4467 proprie
636 4385 717 4446 dicta
736 4386 918 4466 compositio
938 4389 1059 4449 duobus
1079 4408 1118 4450 ex
1168 4397 1203 4450 ut
1221 4408 1285 4451 uuo
1307 4388 1403 4450 verbo
1433 4387 1545 4462 dicam,
1568 4385 1649 4446 nihil
1670 4384 1710 4445 ab
1740 4378 1847 4444 erudito
1864 4370 1905 4433 illo

348 4480 410 4540 illis
430 4480 548 4541 existitt
577 4478 659 4539 inest
680 4484 785 4539 tamen
805 4479 969 4541 discrimen
992 4481 1115 4560 aliquod
1167 4480 1313 4561 theologo
1328 4479 1504 4560 argumenti
1518 4478 1713 4559 propositum
1733 4471 1906 4566 cstadretsnt

349 4571 487 4639 rationis,
504 4571 759 4650 cogitationisque
773 4576 898 4646 nostroe,
914 4572 997 4651 qnod
1020 4573 1118 4634 Graeci
1168 4572 1270 4647 illam,
1305 4589 1400 4653 qnam
1422 4572 1581 4632 infirmare
1611 4568 1727 4645 voluit,
1759 4564 1906 4644 hypostase

348 4671 404 4726 κατ’
419 4670 527 4726 ἐπίνοιαι
541 4668 663 4733 vocant,
686 4664 769 4741 qnod
784 4664 818 4723 in
832 4663 945 4723 divinis
957 4664 1071 4725 sufficit
1083 4670 1119 4727 ut
1168 4664 1280 4726 Christi
1294 4664 1560 4743 compositionem,
1575 4663 1659 4743 quod
1684 4678 1748 4722 non
1768 4655 1862 4718 eadem
1881 4644 1905 4704 vl

350 4756 471 4816 diversa
493 4757 531 4816 de
560 4755 711 4816 ambobus
734 4755 949 4817 affirmentur:
975 4775 1011 4818 ao
1038 4776 1118 4818 non·
1170 4754 1678 4836 compositionemillam,qnamin
1692 4744 1907 4815 Christciatelffl

350 4847 438 4909 nulla
463 4847 646 4927 complexio,
663 4847 713 4908 vel
726 4848 906 4927 compositio
931 4848 1119 4912 intervenire
1170 4869 1245 4922 esse,
1263 4849 1433 4909 labefactet.

351 4941 491 5001 dicatur:
513 4943 549 4998 ut
575 4957 614 4999 ex
638 4939 748 5000 Basilio
773 4940 848 5001 alibi
874 4941 1120 5005 demonstratum
1209 4943 1259 5003 Xl.
1282 4942 1406 5002 htenim
1422 4940 1448 5001 si
1468 4944 1514 5002 θεῖ
1541 4939 1713 5021 hypostasis
1727 4930 1829 4998 Christi
1839 4938 1907 4989 oem-
1930 4918 1999 5035 τις

352 5031 434 5093 est¹:
464 5030 517 5110 qui
543 5048 612 5091 eam
630 5039 772 5111 συμπλοκὴν
801 5032 945 5113 appellat.
973 5033 1120 5107 Quocirca
1168 5031 1292 5115 posita⁸,
1306 5052 1369 5094 non
1383 5032 1492 5095 eadem
1503 5032 1561 5093 erit
1575 5050 1646 5095 cum
1659 5024 1810 5111 hypostasi
1821 5014 1905 5089 Verbi,
1949 5032 1999 5125 'qm

352 5124 524 5203 proprietas
537 5123 590 5182 illa
603 5123 708 5199 Verbi,
724 5142 793 5203 quos
807 5131 853 5186 cst
866 5124 986 5205 filietas,
1002 5125 1119 5186 utrius·
1170 5144 1240 5207 quae
1253 5131 1299 5187 est
1312 5123 1553 5207 simplicissimas
1570 5129 1664 5205 atque
1677 5122 1719 5185 iu
1732 5120 1833 5203 quatit
1840 5121 1907 5191 (ΙΨ
1923 5088 1999 5195 ¹:¹¹⁶

353 5231 543 5294 qnenarnrae
557 5214 643 5294 qussi
657 5214 759 5276 forma
771 5222 829 5291 est,
845 5223 875 5277 θῖ
887 5217 1038 5278 existendi
1057 5235 1121 5277 mo·
1170 5218 1243 5280 dam
1265 5217 1389 5281 accedet
1414 5217 1454 5281 ad
1479 5216 1662 5281 Trinitatem
1687 5204 1855 5294 hypostaeit·
1875 5196 1907 5298 Vi

353 5306 420 5385 dus,
432 5308 546 5368 hocest
557 5318 646 5387 τρόπος
659 5315 845 5389 sectaturae,
858 5314 894 5368 ut
905 5310 1001 5369 Graeci
1017 5310 1121 5370 Patres
1171 5311 1257 5372 enim
1278 5311 1382 5372 unitas
1403 5310 1508 5372 addita
1521 5327 1668 5384 numero,
1685 5312 1840 5368 nummum
1850 5289 1907 5353 aar

382 5508 390 5550 Ι
406 5504 468 5552 lom.
481 5507 499 5559 l,
511 5507 527 5553 l.
543 5508 570 5562 ll,
585 5519 604 5554 c.
615 5521 640 5553 ιιι
651 5508 755 5552 inis-2
769 5509 821 5565 Cap.
833 5520 916 5553 cuc·
927 5510 941 5554 3
952 5509 1012 5566 Trip.
1026 5523 1045 5556 c.
1059 5523 1107 5557 ιιι.
