4122 6248
308 329 368 390 652
811 326 1137 390 vtteoLootcottUM
1158 327 1378 392 DOGMATUM

308 496 417 574 genuit
423 515 432 571 ;
455 486 581 575 prorsus
599 498 680 558 Deus
698 502 746 558 est
758 513 852 575 quem
872 493 926 556 illa
941 492 1074 572 genuit:
1125 499 1208 554 reret
1220 496 1259 557 B.
1276 496 1450 574 Virginem,
1466 514 1537 577 quae
1551 497 1608 560 oei
1618 494 1759 556 Verbum
1772 507 1902 554 carnem

309 586 456 647 sedidem
471 587 566 648 homo
580 586 1077 654 ctiamestomninc.Quienimex
1126 603 1287 648 assumens
1314 606 1353 649 ex
1379 591 1479 670 seipsa
1505 589 1625 669 genuit,
1654 606 1719 648 non
1744 601 1812 646 esse
1841 582 1902 643 Dei

309 678 439 741 muliere
452 685 619 758 generetur
632 682 723 755 Deus,
740 681 795 760 qui
813 695 885 740 ante
901 677 1011 739 secula
1025 694 1077 737 ex·
1126 679 1310 756 genitricem
1339 681 1560 758 confitendam,
1584 680 1639 743 sed
1660 678 1762 741 solum
1784 675 1902 737 Christi

308 771 395 845 stitit,
406 770 568 833 nisihomo
589 772 662 833 fiat?
672 773 833 853 Siquidem
848 772 931 833 illius
942 769 1077 830 hominis
1126 771 1332 848 genitriceml
1349 795 1356 834 :
1372 795 1388 832 r>
1404 775 1488 854 quod
1510 775 1553 836 sic
1568 774 1660 835 illum
1680 769 1814 852 probare
1827 766 1902 829 soli-

309 862 416 943 utique
440 869 486 925 cst
507 865 612 926 homo.
625 865 713 939 Quod
741 867 767 926 si
787 866 869 925 idem
885 882 923 924 cx
945 862 1076 923 muliere
1125 869 1194 924 tum
1221 865 1315 927 refert
1342 885 1349 927 :
1381 887 1394 924 ι
1422 865 1548 939 Christi,
1583 866 1696 944 iuquit,
1730 860 1900 942 appellatio

309 959 417 1032 natus,
433 958 514 1017 Deus
528 962 592 1033 est;
608 975 690 1018 unus
705 958 764 1018 erit
776 956 937 1029 nimirum,
953 972 991 1014 ex
1012 955 1076 1014 Deo
1126 962 1254 1017 naturas
1267 957 1516 1037 duassignificat,
1531 956 1726 1018 divinitatem
1743 951 1899 1031 unigeniti

310 1046 399 1117 Patre
422 1050 543 1121 genitus
571 1049 741 1110 secuudum
761 1048 910 1122 divinam,
935 1053 966 1107 et
986 1045 1076 1105 initio
1126 1047 1194 1125 filii,
1210 1053 1241 1109 et
1249 1049 1487 1111 humanitatem.
1506 1051 1547 1111 At
1565 1067 1640 1110 vero
1658 1048 1713 1109 Dei
1731 1064 1793 1107 vox
1807 1044 1898 1105 abac·

310 1144 466 1199 carentem
478 1139 692 1209 substantiam,
714 1145 745 1201 et
762 1139 908 1200 extremis
927 1136 1076 1214 tempori-
1126 1139 1191 1201 lutc
1209 1141 1309 1220 positu
1334 1142 1519 1222 simplicem,
1548 1147 1580 1203 et
1606 1141 1822 1220 incorpoream
1842 1135 1900 1196 Dei

309 1228 368 1290 bus
395 1237 487 1292 natos
500 1251 539 1292 ex
561 1233 700 1311 Virgine,
726 1232 897 1295 secundum
919 1247 989 1290 eam
1003 1228 1076 1290 sub·
1126 1232 1221 1293 Verbi
1235 1233 1440 1295 substantium
1459 1233 1672 1295 demonsiret:
1688 1229 1827 1291 hominis
1842 1247 1900 1290 au·

309 1323 465 1398 stantiam,
490 1341 560 1402 quae
583 1324 709 1384 initium
733 1324 854 1397 habuit,
877 1328 909 1384 et
935 1328 981 1382 est
1002 1320 1076 1381 sub·
1126 1331 1191 1387 tem
1205 1325 1792 1387 solamdeclarathumauamnaturam.
1807 1323 1901 1402 Prop-

304 1412 386 1492 jecta
413 1416 547 1494 tempori
576 1436 584 1477 :
612 1417 755 1477 videlicet
788 1417 971 1479 humanam.
1005 1414 1079 1474 Hace
1127 1423 1212 1479 terea
1224 1416 1455 1498 Christiparam,
1469 1419 1523 1493 ait,
1538 1436 1604 1479 nou
1618 1416 1782 1493 Deiparam
1805 1413 1901 1492 proli·

308 1511 413 1565 curtem
434 1524 530 1567 unum
552 1508 755 1587 hypostasim,
780 1513 811 1568 et
838 1513 965 1568 naturas
987 1506 1076 1581 duas,
1127 1509 1186 1569 teri
1206 1527 1329 1570 necesse
1358 1515 1404 1571 est
1427 1509 1604 1588 Virginem:
1626 1526 1667 1570 ne
1684 1506 1901 1586 imprudentes

310 1598 498 1677 totidemque
529 1602 743 1678 generationes
776 1599 922 1679 exprimit
953 1597 1077 1658 Domini
1128 1600 1266 1661 dicamus
1280 1602 1380 1662 Deum
1393 1600 1534 1662 Verbum
1551 1601 1679 1662 initium
1695 1598 1847 1660 existendi
1861 1598 1901 1659 de

308 1690 406 1750 nostri
419 1691 435 1751 1
439 1709 493 1751 esu
508 1693 621 1753 Christi
632 1699 657 1754 ⁰.
672 1715 687 1751 1
1127 1698 1233 1754 sancta
1252 1693 1383 1768 Virgine
1396 1694 1563 1772 sumpsisse
1578 1714 1587 1767 3
1607 1697 1700 1771 atque
1719 1691 1778 1751 hoc
1804 1689 1900 1750 modo

348 1781 393 1841 lta
409 1783 502 1844 etiam
524 1783 717 1863 Augustinus
739 1784 830 1845 illum
849 1802 889 1844 ex
911 1780 1078 1860 Evangelio
1127 1785 1335 1864 antiquiorem
1349 1803 1397 1862 ec,
1413 1803 1508 1865 quem
1525 1803 1610 1846 exse
1624 1783 1747 1864 genuit,
1763 1790 1899 1843 matrem

307 1874 437 1935 loannis
462 1875 566 1937 lorum
593 1876 783 1953 declarsns¹,
798 1878 831 1937 in
856 1894 918 1956 quo
946 1880 1078 1935 mahem
1128 1895 1167 1938 ex
1179 1878 1381 1957 consequenti
1393 1877 1484 1939 fateri
1497 1893 1646 1956 cogamur
1655 1885 1708 1937 ⁰.»

309 1965 560 2029 ChristiMariam
580 1976 680 2042 vocat,
709 1974 853 2031 accurate
881 1968 1079 2029 commendat
1168 1969 1301 2030 Nestorii
1319 1970 1416 2050 ipsius
1438 1970 1546 2046 verba,
1564 1968 1678 2047 quibus
1692 1965 1901 2028 execrandam

307 2053 392 2116 hunc
418 2058 499 2120 illius
520 2060 657 2122 titulum.
677 2082 693 2119 a
711 2061 832 2135 Nullus,
858 2060 971 2139 inquit,
988 2058 1078 2119 vobis
1128 2060 1211 2122 hanc
1232 2062 1422 2139 impietatem
1448 2062 1571 2141 publice
1593 2059 1758 2123 Christiani
1792 2057 1901 2138 populi

308 2157 487 2230 corrumpat
503 2152 584 2214 hauc
602 2153 708 2228 fidem,
733 2152 760 2213 si
773 2151 867 2212 vultis
886 2169 997 2231 sponso
1017 2168 1080 2211 ser·
1128 2153 1256 2214 auribus
1268 2155 1407 2233 ingessit,
1428 2154 1523 2215 relert
1536 2153 1670 2234 cyrillus
1694 2152 1775 2212 libro
1798 2151 1901 2230 primo

308 2258 381 2302 vare
394 2250 508 2304 castam
522 2246 687 2323 virginem,
702 2251 761 2306 111.
773 2245 805 2305 Si
820 2245 906 2305 enim
919 2243 995 2304 falsa
1009 2261 1078 2303 ma·
1128 2245 1580 2320 adversushunchaereticum²‚
1592 2245 1708 2325 quibus
1717 2242 1901 2322 irequemer

309 2340 367 2406 ter,
383 2333 458 2395 falsa
470 2353 553 2411 caro,
568 2336 645 2397 falsa
658 2355 754 2413 mors,
767 2337 842 2397 11111
859 2337 990 2399 vulnera
1005 2354 1078 2415 pas·
1128 2341 1172 2401 uit
1183 2340 1387 2418 interrogasse
1396 2358 1428 2401 11
1441 2340 1640 2401 adversantes
1652 2336 1711 2396 sibi
1721 2333 1899 2410 catholicos,

271 2428 275 2437 '
309 2423 416 2502 sionis,
452 2427 982 2502 111111111111111111111111111111,
1014 2446 1079 2488 uon
1128 2440 1160 2496 et
1173 2443 1287 2496 ecoctam
1301 2449 1418 2493 nomen
1435 2430 1514 2492 illud
1532 2432 1776 2511 propugnantes,
1788 2425 1901 2504 ecquid

189 2541 194 2552 ·
309 2518 423 2578 veritas
436 2520 596 2582 credentes
609 2521 643 2582 iu
658 2539 743 2599 eum,
769 2521 822 2583 sed
844 2521 948 2600 potius
965 2519 1080 2580 falsitas
1128 2525 1319 2587 divinitatem
1334 2542 1373 2585 ex
1387 2522 1419 2585 B.
1436 2523 1565 2601 Virgine
1588 2520 1727 2600 genitam
1749 2524 1899 2578 natemve

189 3191 236 3241 011

163 3244 191 3287 da
204 3254 271 3287 causa

162 3296 276 3340 Nestorius

186 3350 243 3394 iilud

155 3403 275 3459 rejiciebat.

310 2607 463 2673 liberabit.
481 2612 546 2673 lmo
558 2630 632 2673 1111
653 2596 767 2675 falsitas
787 2613 875 2674 cedat
891 2611 1026 2685 veritati,
1049 2616 1080 2672 et
1128 2618 1267 2679 dicerent
1282 2637 1290 2677 :
1307 2618 1355 2679 sd
1366 2616 1451 2694 quod
1469 2611 1767 2685 exhorrescentibus,
1788 2616 1822 2670 et
1839 2610 1901 2671 hoc

312 2698 668 2774 contundanturomnes,
685 2706 739 2784 qui
754 2710 916 2785 propterea
929 2723 962 2765 se
970 2706 1080 2766 volout
1128 2729 1203 2772 1111
1212 2727 1326 2789 negare
1341 2726 1374 2769 se
1392 2706 1610 2787 profitentibus
1622 2706 1666 2765 ita
1686 2722 1718 2764 se
1733 2701 1797 2763 illis
1811 2701 1900 2762 insti-

312 2794 411 2855 videri
430 2813 564 2870 veraces,
586 2797 662 2876 quia
683 2796 839 2857 Christum
861 2799 1081 2859 1111111111-
1128 2803 1201 2863 tisse
1220 2802 1313 2863 dicit:
1338 2801 1449 2873 «Quid
1465 2799 1562 2878 igitur
1582 2796 1708 2858 absurdi
1726 2795 1899 2874 loquimur,

312 2892 484 2949 monstrare
497 2888 657 2950 fallacem:
673 2894 704 2950 et
717 2888 829 2949 nolunt
851 2888 907 2949 sibi
922 2890 998 2964 dici,
1015 2908 1079 2951 non
1129 2912 1201 2956 cum
1223 2895 1283 2955 hoc
1308 2892 1395 2953 vobis
1423 2890 1588 2951 consilium
1614 2889 1737 2961 dumus,
1759 2891 1796 2947 ut
1820 2885 1900 2946 illud

312 2978 400 3038 vobis
419 2980 585 3057 credimus,
601 2983 675 3061 quia
683 2980 870 3057 mentimini,
882 2998 953 3042 cum
981 2982 1080 3062 ipsam
1131 2983 1346 3067 (Christiparae)
1369 3001 1484 3044 nomen
1504 2980 1677 3059 usurpetis,
1697 2978 1788 3040 etad
1814 2995 1902 3038 com·

312 3070 474 3131 veritatem
483 3073 587 3133 dicant
599 3092 663 3134 esso
677 3074 849 3134 mentitum·
863 3093 878 3131 ν
1128 3097 1226 3142 mune
1235 3076 1443 3155 significatum
1452 3081 1636 3135 naturarum
1645 3072 1782 3133 duerum
1791 3070 1901 3131 venire

354 3163 408 3223 IV.
425 3164 499 3223 Haec
512 3165 621 3226 eadem
634 3184 725 3226 causa
747 3165 887 3226 Nestorio
901 3165 961 3226 fuit
977 3167 1080 3247 impu·
1129 3170 1266 3234 malitis?
1280 3171 1360 3230 Tum
1381 3186 1466 3243 vero,
1492 3183 1565 3227 cum
1577 3166 1637 3226 hoc
1651 3163 1795 3239 dicimus,
1816 3162 1901 3223 blus·

314 3255 441 3332 guandi,
456 3262 498 3333 et,
509 3258 612 3336 quoad
629 3258 742 3337 potuit,
759 3258 962 3337 extorquendi
977 3259 1081 3320 Chris-
1130 3265 1354 3343 phemumesse
1368 3260 1398 3319 id
1412 3259 1596 3320 existimant.
1612 3256 1708 3336 htqm
1721 3254 1772 3317 vel
1794 3262 1903 3335 aperte

315 3346 470 3409 tianorum
483 3367 522 3410 ex
536 3369 594 3410 usu
606 3349 749 3411 vocabuli
763 3349 861 3411 istius.
878 3350 976 3424 Quem
996 3351 1079 3413 illius
1129 3354 1276 3415 confitere
1287 3351 1482 3426 diyinitatem
1492 3351 1549 3411 1Β.
1558 3350 1725 3410 1111111111
1735 3345 1899 3424 genitam:

312 3444 470 3512 conatum,
483 3445 780 3522 rationemque,qua
788 3442 866 3503 saud
876 3442 908 3503 id
917 3443 1080 3504 inductum
1128 3446 1178 3507 vel
1204 3446 1240 3513 si,
1270 3450 1421 3523 tauquam
1454 3442 1680 3522 blasphemam,
1715 3438 1902 3516 hujusmodi

313 3531 411 3591 videri
437 3532 578 3609 volebat,
599 3535 690 3613 plene
710 3553 746 3595 ac
767 3535 928 3614 perspicue
941 3535 1080 3596 Tbeodo·
1131 3555 1239 3601 vocem
1251 3534 1579 3614 defugias‚cureadem
1590 3548 1718 3595 mecum
1726 3530 1901 3611 profereus,

312 3629 398 3683 retus
410 3625 538 3703 exponit
547 3626 580 3685 in
589 3626 656 3704 ejus
668 3627 789 3687 heresi.
810 3647 825 3684 1
839 3627 981 3688 Primum
991 3628 1079 3688 inno
1129 3629 1267 3710 prolerre
1279 3633 1310 3688 te
1324 3626 1497 3687 dissimulas
1512 3624 1538 3686 ⁶.
1554 3646 1570 3684 1

312 3716 404 3776 vendi
420 3723 578 3795 conatum,
591 3718 644 3794 ait,
657 3718 691 3778 in
705 3718 764 3778 hoc
777 3718 928 3788 adhibuit,
944 3725 981 3780 ut
997 3737 1078 3781 asse-
1169 3722 1255 3782 idem
1269 3731 1351 3781 certe
1365 3718 1525 3781 Nestorius
1537 3717 1572 3778 in
1585 3714 1715 3796 epistola
1735 3713 1841 3794 priore
1863 3713 1905 3774 od

349 3910 370 3950 a
387 3895 502 3952 11111111.
521 3893 569 3951 lib.
593 3894 641 3958 lll,
658 3911 717 3965 cap.
738 3910 785 3949 1111.
806 3897 885 3949 Τοῦτο
899 3895 946 3968 γὰρ
960 3897 989 3950 rb
1003 3897 1084 3968 ὄνομα
1169 3896 1272 3953 elbld.
1298 3894 1333 3950 Ἥ
1351 3899 1395 3950 τοῦ
1410 3888 1519 3966 Χριστοῦ
1529 3892 1693 3965 προσηγορία,
1709 3891 1780 3962 φησί,
1795 3899 1847 3946 τῶν
1860 3892 1904 3947 bic

312 3979 376 4032 ἅπαν
391 3978 420 4032 τί)
431 3981 562 4051 μυστήριον
574 3981 617 4046 τῆς
632 3976 774 4050 οἰκονομίας
785 3978 935 4046 συνίστησιν.
947 3977 1024 4051 είγὰρ
1035 3982 1084 4033 θεσ-
1132 3979 1226 4052 φιίσεων
1242 3978 1293 4034 ἔστί
1314 3976 1465 4050 σημαντικὴ,
1480 3981 1522 4044 τῆς
1537 3996 1564 4030 τε
1584 3980 1627 4042 τῆς
1638 3974 1752 4043 θεότητος
1766 3979 1811 4029 τοῦ
1826 3995 1902 4047 μονα·

313 4062 412 4130 τόκοςὴ
429 4063 583 4132 γεννήσασα,
604 4061 703 4123 πάντως
720 4062 773 4123 θεὸς
787 4060 801 4114 ὁ
816 4059 840 4122 ἐξ
865 4059 939 4128 αὐτῆς
950 4062 1080 4132 γεννηθείς·
1132 4067 1227 4135 γενοῦς,
1240 4061 1281 4116 καὶ
1295 4066 1339 4129 τῆς
1353 4060 1547 4133 ἀνθρωπότητος.
1562 4058 1577 4126 ἡ
1592 4057 1619 4111 bl
1637 4063 1681 4111 τοῦ
1696 4056 1751 4110 θεοῦ
1774 4058 1905 4123 ἀπολΰτως

313 4145 409 4207 πάντως
423 4144 449 4197 δὲ
459 4144 499 4197 καί
516 4144 650 4215 ἅνθρωπος.
664 4148 717 4205 πῶς
728 4143 776 4215 γὰρ
790 4145 820 4196 ἂν
835 4141 860 4196 ἐκ
874 4143 986 4214 γυναικὸς
998 4163 1084 4215 γεννη-
1131 4146 1252 4217 λεγομένη
1266 4143 1334 4217 φωνὴ
1349 4143 1393 4210 τὴν
1408 4142 1547 4209 ὁπλῆν,καί
1557 4140 1689 4212 ἀσώματον
1700 4134 1746 4193 τοῦ
1758 4140 1814 4195 θεοῦ
1826 4141 1904 4213 λῦγοο

313 4224 364 4294 θείη
380 4227 432 4290 θεὸς
443 4226 457 4279 ὁ
470 4227 519 4299 πρὸ
533 4225 628 4279 αἰώνων
646 4226 711 4299 ἔχων
725 4226 769 4293 τὴν
784 4224 893 4298 ὕπαρξιν,
906 4224 927 4278 εί
943 4226 975 4298 μὴ
990 4227 1083 4298 ἄνθρω-
1131 4227 1275 4300 παρίστησιν
1291 4226 1387 4294 οὐσίαν,
1400 4226 1414 4292 i]
1428 4224 1454 4279 δὲ
1465 4229 1508 4278 τοῦ
1516 4223 1652 4295 ἀνθρώπου,
1666 4224 1742 4294 μόνην
1754 4222 1799 4290 riv
1809 4223 1904 4297 ἂνθραι·

313 4327 360 4371 πος
371 4310 485 4382 γέγονενς
502 4310 516 4363 ὁ
530 4309 577 4382 γὰρ
596 4309 647 4372 cibe
667 4309 795 4380 ἀνθρώπου
811 4310 936 4380 ἄνθρωπος
957 4310 1082 4377 δηλονότι.
1133 4310 1202 4364 πείαν
1216 4310 1369 4364 ίιποδείκνυσι
1382 4309 1464 4381 φύσιν.
1479 4307 1520 4361 διὰ
1539 4301 1613 4361 τοῦτο
1632 4307 1805 4378 χριοτοτόκον,
1819 4309 1903 4378 φησὶν,

315 4390 337 4446 εἰ
351 4392 377 4446 δὲ
388 4392 462 4455 αὐτὸς
477 4392 491 4446 ὁ
503 4393 624 4463 γεννηθεὶς
640 4391 787 4464 ἐκγυναικὸς
797 4392 850 4454 θεός
863 4391 938 4456 ἔστιν,
962 4385 997 4454 είς
1011 4393 1085 4460 bulc-
1134 4391 1191 4446 ἀλλ’
1206 4391 1234 4446 οὖ
1248 4394 1362 4446 θεστόκον
1377 4390 1421 4459 τὴν
1435 4391 1553 4462 παρθένον
1568 4389 1700 4461 ὁμολογεῖν
1711 4386 1856 4460 ἀναγκαῖον,
1869 4390 1905 4463 μή

316 4478 367 4530 νότι
390 4475 404 4528 ὁ
427 4476 453 4530 ἐκ
472 4477 527 4530 θεοῦ
540 4480 631 4547 πατρὸς
655 4475 775 4548 γεννηθείς
794 4474 857 4528 κατὰ
880 4474 924 4540 τὴν
943 4475 1023 4538 θείαν,
1044 4475 1086 4527 καὶ
1133 4495 1193 4530 ποτε
1208 4476 1321 4547 λάθωμεν
1337 4474 1415 4548 ἀρχὴν
1429 4468 1473 4529 τσῦ
1494 4466 1557 4526 εἶναι
1569 4472 1684 4543 λέγοντες
1697 4470 1740 4524 τὸν
1753 4471 1808 4525 θεὸν
1827 4472 1904 4544 λόγον

317 4556 425 4629 ἄναρχον
439 4558 535 4624 σιίσίαν,
560 4558 601 4611 καὶ
626 4557 664 4612 ἐπ’
686 4556 797 4630 ἐσχάτων
818 4563 868 4611 τῶν
891 4559 988 4630 χρόνων
1003 4556 1029 4610 ἔκ
1042 4561 1085 4626 τῆς
1135 4555 1215 4627 larii<
1229 4558 1300 4630 ἇγίας
1314 4557 1430 4629 εἰληφότα
1443 4557 1573 4627 παρθένου,
1587 4554 1703 4607 καίοθτω
1712 4556 1905 4627 προγενιστίρσν

316 4640 435 4711 παρθένου
455 4643 547 4714 τεχθεὶς
566 4641 630 4695 κατὰ
652 4640 696 4708 τὴν
717 4640 840 4713 ηργμένην
862 4641 904 4693 καὶ
925 4640 972 4694 ὑπὸ
994 4642 1084 4714 χρόνον
1134 4640 1178 4709 την
1192 4643 1286 4713 μητέρα
1301 4645 1346 4694 τοῦ
1359 4641 1514 4713 γεννηθέντος
1527 4637 1551 4701 li
1566 4636 1641 4704 αὑτῆς
1653 4635 1716 4691 κατὰ
1729 4637 1759 4692 sb
1769 4636 1905 4692 ὼιόλουθον

318 4721 414 4789 pictav,
425 4724 480 4791 11111
496 4723 539 4790 τὴν
558 4723 719 4795 ἀνθρωπίνην.
735 4728 809 4777 τοῦτο
827 4722 1084 4796 optaverimus,
1135 4723 1268 4796 ὁμολογεῖν
1283 4725 1432 4795 βιασθῶμεν.

317 4807 361 4860 bric
374 4806 465 4878 φύσεις,
483 4807 523 4860 καὶ
537 4805 581 4860 διίο
591 4809 714 4878 γεννήσεις
730 4807 843 4878 σημαίνει
860 4810 903 4860 τοῦ
917 4805 1001 4878 κυρίου
1015 4805 1086 4877 ἡμῶν
1170 4804 1192 4861 d
1212 4805 1424 4876 Ν11101.1μυιί
1444 4802 1571 4875 (111111).
1594 4802 1695 4858 Iconi.
1711 4804 1793 4858 Neai.
1812 4803 1843 4855 Τί
1862 4797 1905 4855 οὸν

323 4889 409 4959 Ἰησοῦ
419 4889 537 4961 Χριστοῦ.
1135 4887 1228 4942 ἄτοπον
1241 4888 1424 4961 ἡμεῦςλέγομεν
1436 4885 1645 4961 συμὸοολοὸοντες
1657 4884 1736 4957 λέγειν
1752 4883 1798 4951 τὴν
1811 4885 1904 4956 φωνὴν,

356 4974 591 5029 bToeoocus'rtts
614 4970 663 5028 lib.
680 4973 716 5029 lv
739 4973 775 5028 (Ie
797 4978 904 5028 Haeret.
929 4972 1001 5027 Fui.
1025 4987 1085 5042 cap.
1135 4969 1348 5043 καίὲρχεσθαιέπὶ
1362 4966 1905 5041 τὸιιοινὸνσημαινόμενοντῶνδῦσφδσεση;

319 5071 366 5111 xit.
387 5055 481 5110 Γίνεται
494 5053 521 5109 δὲ
536 5055 603 5127 αὐτῷ
616 5056 716 5128 πρῶτον
727 5060 771 5122 τῆς
782 5055 939 5126 καινοτομίας
953 5050 1088 5126 ἐγχείρημα
1135 5054 1192 5107 τότε
1205 5053 1330 5125 νομίζεται
1347 5051 1430 5115 circi<
1449 5045 1512 5104 εἶναι
1529 5052 1673 5123 βλάσφημον
1689 5050 1718 5102 rb
1731 5050 1906 5121 λεγόμενον.ἢ

319 5138 349 5192 rb
369 5137 402 5209 μὴ
418 5140 468 5192 δεῖν
492 5137 536 5205 τὴν
559 5137 629 5211 ἁγίαν
650 5138 780 5210 παρθένον,
802 5137 846 5204 τὴν
870 5138 913 5191 τὸν
934 5130 990 5190 θεοῖν
1011 5137 1087 5208 λόγον
1137 5135 1293 5208 ὁμολόγησον
1307 5142 1391 5207 σαφῶς
1399 5135 1505 5203 θεότητα
1518 5133 1674 5207 γεγεννῆσθαι
1687 5129 1713 5185 ist
1727 5136 1770 5199 τῆς
1787 5133 1908 5205 μακαρίας

320 5225 435 5275 τεκοῦσαν
450 5219 474 5282 ἐξ
484 5220 558 5288 αιίτῆς
571 5221 650 5293 σάρκα
662 5221 783 5286 λάθοντα,
797 5220 930 5285 Θεοτόκον,
944 5218 1086 5292 ὁμολογεῖν,
1136 5219 1244 5290 Μαρίας,
1259 5221 1273 5288 ἢ
1286 5220 1381 5292 φεῦγων
1395 5219 1430 5280 ὣς
1440 5219 1585 5290 βλάσφημον
1594 5214 1639 5284 τὴν
1653 5214 1746 5287 φωνην,
1761 5216 1786 5270 τί
1799 5213 1831 5271 τὰ
1844 5213 1908 5269 ὦτά

319 5304 479 5375 χριστοτόκον
494 5303 521 5357 δὲ
531 5306 616 5376 μόνον.
1140 5320 1182 5374 μοι
1194 5302 1286 5373 λέγων,
1298 5301 1414 5374 ίιποκρίνῃ
1431 5300 1572 5373 μὴλίγεινς

349 5464 435 5511 tim.
446 5463 530 5509 rra-i
540 5465 602 5513 'lom
615 5464 651 5519 Vl,
665 5465 703 5510 ttb.
717 5464 726 5509 l
739 5469 797 5510 1111.
809 5464 868 5509 sor.
