4078 6168
628 354 833 423 vincibili
854 352 981 431 mltis,
1003 350 1089 416 ΟΑΡ.
1112 350 1236 416 xxvn.
1669 348 1727 418 itt

132 524 376 607 incarnatione,
397 532 428 591 et
441 528 537 592 cruce
550 524 679 605 Christi,
706 526 732 588 si
751 525 851 605 gratia
872 521 911 584 ad
960 519 1159 597 almeprima,
1180 518 1310 581 articulo
1328 521 1431 601 primo
1446 526 1476 583 et
1491 521 1627 583 secundo
1638 541 1646 598 ;
1671 536 1728 583 nec

131 622 269 684 anatem
284 620 443 684 subiciens
457 621 599 684 debuerit
610 618 838 699 hominilapso,
853 615 911 679 isto
958 628 1023 671 nou
1036 611 1070 671 in
1087 610 1233 691 opusculo
1251 614 1403 687 secundo,
1420 611 1728 693 q11⁰d08ttl²t⁰l⁰dfoe

130 712 298 776 aiiotitulo
309 710 400 777 dari?
412 712 499 778 Unde
510 734 568 777 nec
578 715 677 795 gratia
687 713 745 774 ista
754 713 812 772 erit
823 727 910 771 mera
959 702 1173 784 compendium,
1191 704 1289 782 capite
1303 706 1471 768 centesimo
1484 707 1640 781 viccnmo,
1656 720 1726 766 eru·

130 809 245 887 matie.
255 808 321 869 Sed
329 809 559 888 quodammodo
567 814 687 869 naturae
695 802 908 885 lapsaadebitm
959 796 1022 858 dite
1036 815 1072 858 uc
1086 796 1198 859 diserte
1209 798 1286 859 illud
1295 799 1447 878 exposuit·

128 899 266 982 perinde
282 918 319 961 ac
338 901 413 962 olim
426 900 485 963 tuit
499 901 601 963 debita
617 897 786 960 innocenti.
803 917 818 954 a
838 896 910 957 Haec

129 992 336 1054 Vincentius.
365 995 480 1055 Contra
505 1012 575 1074 qum
603 992 681 1054 illud
705 989 908 1071 opponimus,

130 1083 217 1166 quad
246 1085 447 1147 antecedenti
465 1088 532 1166 Jam
566 1085 683 1146 dianam
715 1089 761 1143 est
791 1081 907 1159 capite:
1107 1074 1321 1161 CAPUT
1376 1074 1569 1163 XXVII

130 1194 236 1256 neque
261 1176 471 1239 sufficientem
488 1177 620 1258 gratiam
634 1173 792 1237 innocenii
806 1172 911 1233 datam

133 1268 271 1342 adamo,
297 1270 338 1331 ad
361 1288 430 1331 eam
443 1269 638 1345 servandam,
660 1273 782 1329 naturae
795 1266 908 1345 legem,

128 1379 193 1440 qua
202 1367 277 1422 crat
292 1362 455 1440 obligatus,
467 1360 591 1423 debitam
604 1354 705 1441 scine,
721 1358 771 1420 val
787 1365 911 1419 naturu-
960 1364 1029 1429 Nou
1043 1385 1125 1428 omae
1140 1376 1289 1448 peccatum
1301 1388 1358 1431 esse
1370 1368 1495 1451 culpam,
1514 1390 1548 1431 oc
1562 1371 1639 1452 quid
1650 1371 1728 1432 iuter

129 1451 229 1514 litata}
248 1452 370 1536 ola'quid
390 1453 541 1532 ictuum
569 1472 627 1515 nec
654 1470 734 1528 eam,
757 1470 827 1530 quae
841 1454 909 1530 post
997 1461 1082 1519 ambo
1104 1458 1166 1520 luc
1184 1462 1317 1523 intersit:
1341 1461 1417 1542 quod
1441 1481 1478 1523 ec
1500 1482 1577 1523 cunc.
1598 1458 1725 1538 Thomu,

126 1546 259 1626 lapsum
288 1546 383 1627 primi
405 1547 559 1628 parentis,
587 1544 708 1608 homini
736 1543 905 1617 srrfficitur3
999 1557 1062 1611 tum
1094 1571 1172 1613 socc.
1202 1553 1366 1636 Aupuatiui
1391 1560 1565 1617 auctoritate
1598 1575 1726 1637 coneptu·

127 1641 217 1718 quod
241 1639 323 1700 falso
337 1647 426 1721 putat
448 1641 647 1701 Vincentius:
668 1638 721 1700 sed
743 1643 908 1714 utramque
998 1642 1096 1706 batur,

127 1750 255 1793 meram
290 1751 355 1793 esse
381 1732 531 1811 gratiam,
567 1749 713 1810 meaeque
736 1729 908 1808 gratuitum

126 1824 342 1886 maeonium:
359 1826 442 1905 quod
454 1844 493 1886 ex
504 1825 568 1886 sola
578 1824 727 1892 bonitate,
739 1841 774 1883 ac
788 1820 907 1881 miseri·
998 1817 1022 1878 I.
1036 1817 1183 1891 Quamvis
1195 1818 1234 1878 ad
1248 1817 1342 1879 finem
1359 1819 1533 1881 lucubratio
1546 1820 1612 1882 haec
1623 1826 1726 1883 nostra

126 1919 236 1979 cordia
256 1917 431 1997 proiectum
454 1921 510 1977 est.
533 1914 736 1977 posteriorem
757 1928 843 1987 uero,
868 1912 906 1972 de
956 1907 1095 1987 festinet,
1131 1909 1269 1971 noudum
1305 1917 1411 1971 tamen
1445 1912 1562 1990 stylum
1596 1932 1724 1977 avocare

124 2011 229 2091 grafia
239 2017 272 2072 et
286 2010 434 2087 gratuita,
445 2006 626 2087 liberalique
641 2006 807 2067 donatione
820 2004 905 2065 haud
958 2018 1084 2080 possum
1098 2001 1137 2061 ab
1160 2002 1219 2062 huc
1239 2002 1319 2077 loco,
1341 2004 1395 2082 qui
1408 2005 1599 2083 praecipuam
1615 2006 1722 2066 Arma·

123 2104 224 2183 paulo
251 2102 325 2182 plus
344 2100 499 2171 habuisse,
525 2117 619 2179 qnam
642 2099 770 2159 alteram
785 2097 904 2158 ddamo
957 2111 1041 2152 canai
1055 2094 1722 2165 seetae,aeVineeaaoerrorisansamobtu-

124 2194 323 2276 praestitam:
340 2193 424 2272 quod
439 2190 477 2252 de
493 2192 626 2270 ingrato,
643 2194 673 2251 et
687 2188 812 2251 inimico
826 2188 905 2249 bcne
955 2183 1002 2245 lit.
1029 2187 1135 2263 ltaque
1158 2185 1196 2245 de
1219 2188 1344 2265 peccati,
1376 2193 1406 2247 et
1427 2188 1525 2266 culpae
1549 2186 1722 2250 differentia

124 2289 257 2360 mereri,
274 2286 403 2364 majoris
423 2289 469 2345 est
491 2283 719 2358 beneficentia,
749 2298 843 2361 quam
867 2279 905 2341 de
956 2278 1179 2337 summatimea
1188 2279 1387 2354 perscribam,
1403 2298 1472 2359 quae
1490 2299 1572 2341 sanc.
1587 2281 1722 2343 Thomas

125 2380 246 2454 amieo,
261 2384 292 2439 et
305 2396 354 2453 eo,
366 2378 420 2457 qui
432 2383 464 2438 te
478 2376 564 2437 nulla
577 2375 691 2454 injuria
703 2374 837 2435 violarit.
954 2369 1048 2441 iniis,
1074 2388 1151 2449 quos
1165 2373 1415 2448 commemoravi,
1438 2371 1524 2433 libris
1545 2372 1719 2451 explicavit.

167 2471 267 2550 Atqui
297 2487 390 2531 nemo
417 2468 483 2529 sine
508 2466 621 2529 idoneo
646 2469 752 2546 gratiae
767 2465 904 2526 subsidio
956 2461 1067 2522 Scribit
1085 2461 1136 2522 illc
1159 2462 1325 2541 primum',
1355 2464 1445 2524 latius
1468 2465 1586 2527 malum
1605 2473 1717 2545 patere,

123 2564 199 2644 legi,
230 2582 295 2642 qua
316 2564 452 2637 tenetur,
477 2560 607 2639 obsequi
629 2564 738 2637 potest,
763 2558 807 2618 ait
828 2557 905 2618 Vin·
953 2570 1048 2631 quam
1061 2560 1242 2633 peccatum:
1269 2556 1348 2615 sierit
1362 2557 1532 2633 othonum,
1548 2576 1719 2637 quamrec-

123 2656 264 2719 centius.
286 2653 535 2715 succurrendum
547 2652 645 2731 igitur
658 2651 703 2711 illi
717 2650 775 2711 erit
787 2670 805 2710 a
818 2652 902 2724 Deo,
953 2650 1032 2706 tum.
1053 2645 1231 2720 «Qualibet
1251 2647 1336 2708 enim
1358 2648 1491 2728 privatio
1506 2650 1581 2710 boni
1595 2651 1629 2711 in
1645 2672 1719 2732 quo-

123 2750 180 2829 qui
205 2746 293 2809 hanc
315 2746 436 2807 homini
462 2745 677 2806 necessitatem
702 2738 903 2803 observanda
953 2755 1085 2817 cumque
1100 2739 1257 2799 constituit
1271 2741 1423 2801 rationem
1437 2742 1523 2802 mali.
1539 2742 1597 2804 Sed
1611 2763 1718 2824 pecca-

120 2843 203 2921 legis
216 2837 387 2917 imposuit3
403 2835 900 2913 utnonliberalitatis,etgratica,
951 2835 1021 2890 tum
1046 2832 1168 2910 proprie
1195 2832 1333 2892 consistit
1359 2832 1393 2892 in
1420 2840 1511 2908 actu,
1539 2836 1593 2913 qui
1617 2839 1719 2914 agitur

123 2932 179 2993 scd
205 2926 302 2989 cilicii
325 2945 360 2988 ac
379 2925 476 2987 debiti
499 2925 538 2987 sit
562 2924 742 2985 necessariae
763 2923 830 3001 opis
849 2923 903 2984 illa
953 2928 1079 3001 propter
1092 2922 1344 3003 finemaliquem,
1359 2942 1431 2985 cum
1445 2943 1509 2986 non
1523 2926 1717 2990 habetdehi-

121 3018 904 3095 tributio.Sdocurretsanelteus,nequesusceptas
952 3018 1021 3073 tum
1047 3015 1189 3075 ordinem
1211 3016 1251 3075 ad
1276 3016 1373 3077 finem
1396 3016 1504 3077 illum:
1527 3044 1540 3071 n
1570 3019 1624 3098 qui
1641 3022 1718 3082 ordo

121 3134 191 3177 ase
219 3118 326 3194 partes
351 3111 472 3171 deseret
496 3110 651 3189 gratantia,
681 3113 715 3167 ut
734 3106 799 3186 jam
826 3107 901 3184 dixi,
952 3104 1095 3167 rectitudo
1122 3116 1206 3167 cetur
1224 3108 1347 3169 dicitur.
1377 3131 1393 3167 a
1421 3110 1549 3184 Quando
1576 3119 1718 3175 ardema

120 3204 352 3285 benignitatis:
380 3200 434 3262 sed
460 3203 503 3262 ita
516 3200 669 3281 prolecto,
687 3203 722 3259 ut
746 3198 772 3258 si
797 3199 900 3273 vellet,
951 3200 1134 3259 rectitudine
1160 3199 1213 3259 tali
1238 3206 1323 3261 actus
1350 3200 1460 3281 aliquis
1482 3204 1612 3280 recedit,
1642 3212 1717 3268 tunc

122 3301 189 3360 sine
204 3294 274 3357 nlla
292 3295 476 3374 cujusquam
491 3292 605 3372 injuria
618 3309 733 3370 negare
749 3296 860 3369 posset.
951 3291 1058 3351 incidit
1067 3293 1145 3352 ratio
1158 3293 1286 3370 peccati.
1299 3293 1334 3352 ln
1347 3292 1394 3353 nis
1403 3311 1487 3362 veru,
1500 3313 1570 3373 quac
1582 3305 1719 3374 aguntur

161 3392 229 3452 111.
243 3388 374 3450 Peccare
401 3405 497 3466 ergo,
532 3385 648 3446 instant
661 3400 769 3444 rursus
790 3388 902 3444 Arma-
950 3401 1007 3462 per
1036 3383 1229 3444 voluntatem
1261 3384 1369 3464 regula
1396 3386 1539 3464 proxima
1569 3393 1614 3448 est
1640 3393 1718 3453 ratio

122 3484 214 3558 eani3
238 3487 269 3543 et
283 3479 410 3559 quidem
424 3479 456 3538 in
470 3496 526 3551 eo,
542 3477 624 3556 quod
639 3477 671 3535 in
687 3478 834 3553 potestate
845 3493 902 3536 sua
950 3473 1107 3550 humaua;
1143 3475 1250 3551 regula
1285 3482 1389 3537 autem
1418 3496 1563 3559 suprema
1592 3488 1638 3542 est
1669 3485 1719 3544 lex
1791 3547 1795 3558 ‚

123 3595 190 3637 non
215 3572 363 3645 haberet3
384 3570 477 3651 idque
498 3566 549 3630 illi
572 3568 767 3650 imputaretur
784 3566 823 3627 cd
836 3565 900 3629 eui·
951 3575 1078 3629 aeterna.
1094 3568 1358 3648 Quandocumque
1378 3588 1452 3649 ergo
1477 3577 1562 3631 actus
1583 3572 1719 3637 hominis

121 3688 206 3750 pum.
231 3664 300 3726 linc
322 3664 385 3725 telo
410 3662 604 3743 potissimum
626 3661 658 3720 in
687 3679 741 3720 nos
764 3659 903 3739 [crocet
950 3661 1717 3744 proceditiniinem,secundumordinemrationis,

124 3757 276 3821 mumulus
288 3756 342 3818 ille
351 3751 560 3827 Vincentius¹,
575 3758 611 3812 ut
624 3753 692 3832 ejus
704 3751 807 3812 uerbis
819 3757 899 3828 utar,
950 3757 980 3813 et
989 3753 1065 3832 legis
1077 3758 1212 3820 aeternae,
1226 3761 1300 3814 tunc
1314 3761 1400 3814 actus
1409 3761 1578 3817 estractus:
1595 3761 1719 3838 quando

125 3852 283 3931 impetum
306 3848 389 3910 facit.
414 3847 533 3908 Verum
553 3845 681 3926 puerilis
700 3845 768 3905 haec
793 3843 901 3923 petitio
950 3851 1055 3905 autem
1074 3845 1112 3905 ab
1139 3846 1197 3905 hac
1224 3845 1408 3907 rectitudine
1432 3847 1619 3925 obliquatur,
1645 3857 1721 3913 tunc

124 3940 186 4004 ieri
200 3941 412 4003 declinatione
426 3939 504 4000 sica
526 3936 616 3998 nobis
637 3936 783 3997 eluditur.
801 3936 900 4015 Finge
951 3937 1063 3997 dicitur
1105 3943 1275 4015 peccatum.
1308 3958 1323 3994 a
1357 3938 1395 3998 ln
1434 3939 1565 3998 articulo
1609 3939 1720 4004 deiude

125 4035 290 4096 murinam
304 4032 418 4093 idoneo
433 4029 615 4091 destitutum
636 4026 752 4089 anxilio
770 4031 898 4107 gratiae:
950 4028 1105 4106 secundo,
1125 4029 1167 4089 sic
1181 4029 1304 4089 scribit:
1325 4048 1341 4085 r
1354 4029 1432 4090 sicut
1446 4030 1566 4091 malum
1579 4037 1625 4092 est
1637 4034 1717 4113 plus,

127 4128 214 4204 legis
226 4127 281 4188 bic
297 4123 424 4204 quidem
438 4121 549 4201 exequi
574 4120 722 4181 mandata
734 4138 799 4180 non
813 4124 899 4199 pote·
953 4119 994 4198 (id
1021 4126 1066 4180 est
1092 4120 1183 4181 latius
1210 4120 1320 4202 patet),
1350 4140 1444 4201 qnam
1473 4131 1633 4203 peccatum
1646 4146 1652 4202 ;
1678 4127 1722 4188 lta

127 4220 185 4279 rit:
208 4222 240 4279 et
261 4218 297 4278 in
319 4234 357 4276 eo
371 4214 489 4293 pcccati
503 4211 620 4292 aliquid
642 4211 792 4287 admittet,
816 4210 900 4290 quod
951 4217 1112 4290 peceatum
1127 4218 1175 4272 est
1190 4214 1222 4272 in
1236 4212 1316 4293 plus,
1343 4232 1437 4292 quam
1464 4212 1565 4294 eulpa.
1592 4218 1639 4278 Ex
1660 4217 1720 4279 hoe

128 4313 183 4373 atsi
208 4306 356 4372 naturale
385 4312 577 4388 preceptum
606 4302 755 4384 implere,
792 4302 900 4364 saltem
950 4304 1035 4364 enim
1057 4303 1168 4364 dicitur
1186 4310 1271 4364 aetus
1294 4305 1466 4384 culpabilis,
1482 4307 1532 4367 vel
1545 4308 1718 4388 laudabilis,

128 4408 300 4483 utcumque
314 4405 427 4481 potest.
445 4398 628 4477 gentilium,
643 4394 901 4476 philosophorum
949 4395 1033 4474 quod
1046 4396 1219 4474 imputatur
1233 4398 1348 4474 agenti.
1370 4397 1453 4458 Nihil
1468 4397 1552 4458 enim
1572 4407 1618 4460 ast
1635 4400 1718 4462 aliud

129 4514 215 4558 mora
242 4499 396 4565 conetur,
425 4496 526 4551 careat
547 4487 598 4549 hic
624 4487 707 4549 illius
733 4486 901 4549 voluntatis
949 4487 1080 4555 laudari,
1104 4489 1153 4548 uel
1181 4488 1310 4567 culpari,
1337 4506 1431 4566 quam
1459 4490 1606 4568 imputari
1627 4492 1717 4555 alicui

130 4589 264 4667 impetus
274 4582 464 4658 rectitudine,
479 4586 643 4654 utroeant,
658 4598 706 4653 ea,
716 4580 900 4659 quaeabesse
949 4579 1108 4651 malitiam,
1121 4580 1170 4639 vel
1184 4578 1354 4639 bonitatem
1368 4580 1416 4639 sni
1426 4588 1521 4642 actus.
1532 4584 1620 4645 Titne
1633 4587 1717 4646 enim

130 4694 193 4740 uon
206 4678 311 4754 debet,
325 4682 361 4737 ut
374 4675 413 4736 ad
425 4676 522 4735 Deum
534 4672 696 4734 referatur.
708 4673 815 4752 ltaque
828 4692 900 4752 pec·
948 4671 1331 4751 actusimputaturageuti,
1339 4672 1463 4751 quando
1471 4680 1517 4734 est
1526 4675 1557 4735 in
1569 4684 1717 4754 potestate

132 4779 232 4832 ratum
241 4772 274 4831 id
284 4769 413 4850 quidem
421 4769 488 4839 erit,
501 4766 560 4826 hoc
574 4771 620 4825 est
629 4764 897 4843 defectusaliquis:
947 4764 1057 4844 ipsius,
1072 4765 1114 4823 ita
1128 4763 1212 4843 quod
1224 4764 1338 4825 habeat
1353 4765 1526 4826 dominium
1537 4768 1713 4831 suiectus.»

132 4864 183 4943 qui
195 4870 302 4924 umen
317 4859 449 4921 minime
471 4858 508 4919 ad
534 4857 659 4936 culpam
681 4856 896 4935 imputabitur,
947 4859 1069 4934 Exque
1084 4855 1248 4928 concludit,
1264 4857 1441 4919 «renonem
1451 4858 1607 4921 laudisvel
1617 4864 1716 4942 culpae

132 4973 188 5015 acc
198 4954 237 5016 ad
249 4960 389 5027 reatum
405 4970 467 5030 qno
483 4966 574 5027 poena
588 4948 801 5009 committitur.
947 4948 981 5008 in
990 4949 1062 5008 solis
1071 4948 1189 5008 actibus
1198 4949 1381 5009 uoluntariis
1395 4952 1551 5027 constitui,
1561 4953 1593 5013 in
1603 4955 1716 5032 quibus

172 5046 341 5107 Plurimum
354 5048 459 5103 autem
469 5052 619 5123 peccatum
633 5042 724 5105 inter.
741 5039 898 5120 etculpum
947 5042 1030 5101 idem
1040 5046 1086 5101 cst
1097 5040 1226 5115 malum,
1240 5048 1413 5121 peceatum,
1430 5049 1461 5103 et
1474 5044 1573 5122 culpa.
1589 5066 1605 5102 n
1623 5047 1716 5106 Caete-

131 5136 275 5213 interam
304 5134 390 5217 quod
415 5135 489 5213 qnia
502 5134 620 5194 nescire
642 5133 773 5205 videris,
802 5134 899 5192 Arau-
947 5149 1019 5192 rum
1044 5131 1245 5193 uoluntarium
1272 5133 1322 5193 hic
1345 5141 1469 5194 sauctus
1496 5136 1630 5196 Thomas
1649 5156 1715 5216 per-

133 5227 389 5301 aicanellinccnti,
397 5224 660 5305 dlsccsaprincipe
668 5224 896 5302 theologorum,
948 5225 1059 5303 sectum
1082 5224 1283 5286 uoluntarium
1304 5225 1454 5304 appellat:
1475 5228 1558 5306 qnod
1572 5228 1655 5287 idem
1668 5234 1714 5288 est

134 5322 231 5399 quiin
248 5320 349 5400 prim
362 5323 450 5398 parte
464 5318 619 5395 mennae,
634 5317 805 5397 quastione
816 5316 896 5376 vice·
948 5333 1021 5377 cum
1046 5315 1139 5379 libero
1152 5315 1298 5378 arbitrio:
1318 5335 1416 5396 eoque
1429 5317 1494 5377 solo
1508 5319 1542 5378 in
1554 5324 1711 5398 potestate,

159 5520 172 5563 1
185 5520 244 5565 nne
256 5520 272 5564 1.
284 5518 339 5563 11.-
349 5518 364 5562 i
377 5518 431 5571 Gap.
441 5528 468 5560 ur
479 5523 501 5560 at
510 5527 530 5559 r.
