4072 6164
806 279 1131 345 ruuuuuumoauu
1151 278 1370 345 munerun

1139 445 1294 526 plectitur,
1308 446 1694 526 prinsinsecousiderari,
1706 447 1810 509 merita
1820 447 1882 509 dici·

1138 555 1220 611 mus,
1245 556 1340 618 quam
1367 558 1440 602 cum
1453 540 1557 603 Verbo
1579 539 1741 601 ‹unveniat
1757 540 1790 599 in
1805 541 1884 600 auius

1139 629 1250 692 Christi
1261 650 1437 711 personam.
1460 634 1495 695 ld
1515 640 1621 695 antem
1643 631 1885 712 quemadmodum
1987 678 1988 733 ,

534 694 716 776 CAPUT
770 694 867 776 ΧΠ.
1139 722 1318 801 cogitationi
1331 728 1446 786 nostrae
1460 743 1525 786 nun
1539 724 1671 786 absurde
1689 723 1778 802 objici
1789 725 1884 803 possit,
1987 740 1988 785 l

1139 832 1189 875 res
1217 821 1263 875 est
1289 816 1460 895 questione
1485 835 1550 878 nun
1578 817 1728 894 indigua3
1753 832 1839 895 quam
1860 819 1887 877 et

1140 907 1288 985 Magister
1301 908 1527 970 sententiarum
1543 926 1607 969 nou
1619 908 1724 969 miuus
1739 905 1886 982 utilitatis,

323 998 352 1056 i.
365 996 438 1071 Once
454 997 494 1057 sit
510 998 647 1059 hominis
667 997 807 1060 cocubalo
827 997 951 1080 arbjis-ta
965 998 1044 1058 natio
1058 995 1091 1056 in
1141 1015 1235 1077 quam
1250 998 1438 1061 difficultatis
1451 1002 1610 1063 continere
1625 999 1747 1074 statuit;
1762 1003 1792 1059 et
1800 1015 1887 1078 proco

361 1086 701 1167 illiseunntiatiunibas,
722 1090 1019 1152 Deushumofactus
1033 1093 1090 1165 est,
1141 1108 1176 1150 ac
1202 1091 1323 1167 statuit,
1350 1093 1528 1172 scrupulose
1551 1094 1706 1172 anxieque
1726 1090 1886 1168 disputarit.

361 1179 418 1253 uel,
446 1181 546 1242 Homo
566 1181 665 1242 factus
683 1189 729 1244 est
743 1184 835 1244 Deus.
861 1184 891 1243 2.
914 1181 1093 1244 Commemo-
1141 1182 1207 1242 Hoc
1222 1184 1307 1243 enim
1320 1184 1354 1244 in
1375 1186 1617 1246 cuuuoversiam
1636 1183 1756 1257 attulit;
1776 1199 1839 1243 cum
1853 1181 1889 1242 ita
1987 1194 1988 1269 l

360 1272 1093 1354 ranturtresaMapistruSententiaramexposita
1140 1272 1289 1352 loquitur,
1319 1273 1399 1336 Deus
1426 1275 1525 1356 [actas
1551 1283 1593 1337 est
1614 1274 1723 1349 Homo,
1746 1273 1792 1335 vel
1809 1272 1889 1333 Homo
1987 1278 1988 1359 l

363 1361 398 1424 de
411 1383 443 1425 ea
463 1383 497 1424 re
519 1365 687 1440 sententia,
703 1366 860 1447 ecquidem
875 1365 1093 1428 incarnationis
1140 1363 1239 1444 saetas
1251 1372 1294 1426 est
1310 1365 1405 1427 Dens:
1418 1386 1489 1446 qum
1514 1368 1555 1428 sit
1580 1367 1651 1427 ruci
1675 1365 1757 1427 bomo
1773 1363 1889 1442 samsom

362 1454 477 1531 modus,
499 1463 529 1516 et
542 1454 736 1518 inmanitatis
752 1461 908 1538 assumpta
921 1456 998 1518 ratio
1013 1458 1094 1519 uarie
1142 1456 1271 1517 notioac
1281 1459 1463 1537 proprietas.
1473 1459 1518 1520 Ac
1531 1464 1591 1520 tres
1600 1462 1676 1519 sunt
1686 1457 1725 1517 ab
1738 1474 1773 1518 eu
1785 1459 1887 1527 naute,

364 1546 548 1609 declaratur.
578 1550 606 1611 3.
637 1550 682 1611 De
709 1548 803 1611 tribus
838 1548 900 1610 illis
927 1548 1091 1625 sententiis,
1142 1548 1389 1628 examinatusque
1403 1551 1586 1613 sententiaa:
1602 1567 1739 1629 quarum
1751 1548 1822 1609 ratiu
1836 1565 1888 1607 nou
1987 1542 1988 1551 ’

364 1657 520 1719 earumque
543 1639 803 1722 interpretatione,
836 1660 872 1704 ae
908 1640 1091 1710 discrimine,
1142 1640 1214 1699 satis
1223 1640 1384 1720 explicata,
1395 1660 1453 1703 nec
1461 1641 1622 1704 intellectu
1630 1642 1740 1711 facilm
1755 1646 1783 1701 ει
1792 1639 1890 1701 mbnm

364 1744 441 1788 sane.
471 1726 599 1805 Thema,
621 1737 650 1789 et
663 1728 792 1790 aliorum
811 1729 966 1810 judiciam
990 1747 1096 1810 sapen·
1143 1730 1204 1793 nisi
1217 1750 1235 1791 a
1249 1732 1402 1812 plerisque
1416 1734 1569 1814 theologis
1592 1734 1680 1795 baud
1700 1740 1780 1794 recte
1797 1731 1832 1792 sit
1848 1748 1888 1791 ac·

365 1818 459 1880 ditur.
481 1823 513 1880 l.
534 1820 587 1881 Ea
611 1819 677 1881 illis
697 1822 788 1884 tertia
802 1822 907 1883 merito
931 1824 1093 1903 respuitur,
1144 1829 1242 1903 cepta.
1265 1824 1350 1886 Adeo
1365 1826 1442 1886 mibi
1456 1826 1495 1886 ab
1509 1826 1650 1905 Magistri
1666 1843 1776 1898 sensu,
1790 1840 1889 1901 acpro-

365 1930 433 1992 qme
451 1930 516 1973 cam
536 1912 638 1973 anima
660 1921 688 1974 et
709 1932 829 1993 corpore
850 1933 908 1974 noa
932 1914 1096 1994 cunjunctis
1145 1916 1246 1995 posito
1260 1915 1418 1978 aberrasse
1431 1917 1587 1980 videntur.
1650 1972 1656 1981 .

349 1998 483 2065 'unitum
500 2002 624 2065 Vatum
635 2003 774 2079 adstrait,
788 2005 1012 2085 primuoeroab
1025 2024 1097 2067 non·
1187 2009 1229 2068 Il.
1251 2009 1355 2069 Prima
1367 2015 1414 2071 εει
1425 2009 1562 2085 eorum¹,
1582 2010 1668 2090 uqrri
1681 2007 1890 2085 dicuntinipsa
1915 2015 1985 2110 ὦ

366 2093 1094 2171 nalle'sdamnata,adeommudumsensnmredaeta
1149 2100 1241 2161 Verbi
1259 2102 1473 2163 incarnatione
1496 2101 1660 2163 huminem
1687 2099 1840 2179 quemdem
1861 2114 1890 2157 ex
1913 2080 1988 2173 nmen*

366 2185 549 2267 defenditur.
564 2188 594 2248 5.
608 2186 780 2249 Ostenditar
793 2190 972 2269 enantiqnis
986 2189 1094 2251 Patri·
1147 2192 1252 2253 anima
1283 2192 1437 2264 rationali,
1468 2198 1500 2254 et
1521 2193 1664 2254 humana
1686 2209 1774 2253 carne
1798 2189 1890 2251 musti·
1907 2164 1988 2269 ἔξω

370 2276 441 2352 bas,
470 2297 560 2338 anam
583 2278 716 2359 aliquam
748 2280 941 2342 substantiam
970 2281 1097 2343 dominis
1147 2289 1266 2345 tutum:
1282 2285 1441 2364 quilrumo
1457 2286 1551 2365 coepit
1566 2302 1633 2346 esse
1646 2286 1737 2354 Deus,
1756 2301 1814 2343 nou
1835 2280 1890 2360 qui·
1948 2218 1988 2385 ω]

368 2376 568 2450 assumptam,
598 2379 628 2430 et
658 2372 775 2434 unitam
796 2391 853 2433 esse
883 2371 992 2451 Verbo,
1022 2373 1100 2454 paud
1146 2376 1219 2437 dem
1232 2382 1344 2437 nattam
1358 2378 1423 2448 Dei,
1440 2377 1493 2438 sed
1513 2376 1772 2456 personaverbi:
1788 2375 1890 2435 etiteus
1987 2390 1988 2451 t

366 2461 484 2543 priores
519 2459 588 2522 due
620 2461 764 2543 Mapistri
794 2465 943 2526 sementia
983 2467 1096 2526 ducem.
1148 2469 1240 2547 caepit
1253 2486 1318 2530 esse
1331 2460 1426 2529 bomo
1440 2469 1502 2531 ille.
1519 2469 1705 2530 Concedunt
1715 2468 1801 2529 edam
1811 2463 1890 2525 homi·

370 2549 576 2632 7.ltesellitur
588 2552 796 2615 iternmtertia
807 2553 1097 2636 ejusdemseatentia.
1148 2574 1222 2617 nem
1235 2557 1325 2618 illum
1343 2563 1536 2637 assumptum
1562 2556 1711 2632 aVerbo,
1736 2561 1766 2617 et
1789 2552 1890 2614 unium
1987 2568 1988 2571 ¹

1149 2647 1251 2708 Verbo
1265 2653 1297 2710 et
1309 2653 1413 2709 tamen
1434 2666 1499 2709 esse
1512 2648 1664 2710 Verbum.
1692 2648 1730 2708 Et
1749 2665 1782 2707 ea
1793 2644 1890 2705 ratione

159 2745 307 2843 0222&th
372 2737 399 2798 I.
419 2738 490 2798 Duo
515 2743 589 2799 sunt
614 2755 654 2799 ex
680 2739 931 2801 antecedentibus
960 2740 1101 2819 proxime
1149 2739 1407 2801 traduutdictum
1420 2741 1610 2816 esse,Deum
1620 2737 1889 2806 iactumhomiuen,

160 2853 220 2898 uem
235 2852 308 2905 sacrm
333 2828 619 2910 totidemcapitibas
627 2830 809 2906 colligenda,
821 2849 892 2910 quse
903 2830 942 2891 ad
952 2832 1102 2893 unitionis
1149 2830 1277 2892 velasse
1300 2832 1481 2892 huminem:
1497 2832 1573 2911 quia
1588 2833 1673 2893 Deus
1694 2830 1786 2890 iactus
1801 2832 1851 2896 est,
1866 2823 1891 2883 id
1987 2844 1988 2847 ’

178 2906 294 3012 gam·
332 2922 473 2997 mudum,
490 2922 771 3002 incarnationisque
784 2941 850 2983 non
862 2941 973 3003 parum
988 2924 1102 2985 condu-
1151 2928 1214 2997 est,
1235 2923 1408 3002 cespitasse
1422 2923 1566 3002 quaedam
1580 2918 1892 2983 substantiaexsnima

1987 2804 1988 2841 l

1852 3007 1857 3018 ,

177 3011 294 3056 scamni.
333 3020 418 3076 cunt.
437 3015 576 3075 Primum
589 3020 645 3088 est,
660 3015 968 3075 naturasduasitain
983 3014 1101 3077 Christo
1150 3014 1305 3090 rationali,
1321 3015 1503 3075 athamana
1516 3032 1609 3075 earne
1624 3013 1800 3082 subsistens,
1814 3005 1892 3068 etdlu

1987 3430 1988 3471 l

1987 3596 1988 3637 l

1987 4044 1988 4093 l

334 3104 491 3183 colligatas
509 3104 603 3166 fuisse
620 3111 656 3166 nt
673 3123 738 3166 non
758 3106 859 3167 amboe
872 3108 1011 3183 seorsim,
1028 3114 1059 3168 et
1083 3127 1101 3169 a
1151 3106 1322 3167 substantia
1334 3106 1413 3167 iacta
1433 3111 1497 3174 est,
1520 3106 1552 3167 id
1566 3112 1625 3178 est,
1642 3105 1734 3184 eoepit
1746 3119 1804 3165 esse
1816 3101 1888 3161 Deus.

334 3215 367 3258 se
382 3202 490 3258 mutuo
503 3197 680 3275 disjuncte,
697 3216 737 3258 ne
749 3204 865 3277 puncto
879 3199 1006 3278 quidem
1018 3204 1101 3260 tem-
1152 3200 1294 3276 Cumque
1317 3198 1430 3270 dicant,
1451 3197 1541 3258 illum
1567 3198 1731 3258 homiuem
1751 3213 1785 3255 ex
1807 3189 1892 3251 anima

334 3290 419 3368 puris
432 3289 623 3351 exstiterint:
653 3289 706 3351 sed
729 3289 822 3350 simul
850 3291 1008 3365 liumana3
1032 3309 1103 3369 quea
1152 3289 1310 3361 rationali,
1327 3294 1358 3350 ει
1380 3289 1519 3349 bumana
1539 3306 1634 3350 carne
1659 3288 1892 3358 subsisteremus

334 3379 400 3442 sola
413 3381 539 3442 initium
551 3380 661 3441 babuit
673 3381 855 3462 intempore
867 3401 876 3456 ;
891 3387 1038 3461 concepta
1051 3383 1101 3460 sit,
1152 3385 1258 3441 tamen
1279 3380 1416 3441 fatentur
1432 3399 1471 3441 ex
1484 3379 1606 3440 duabus
1621 3380 1740 3440 naturis
1752 3395 1809 3437 esse
1825 3387 1892 3433 eum·
1987 3390 1988 3411 ι

335 3472 419 3533 etad
445 3471 559 3532 divinae
585 3472 839 3534 communionem
862 3474 1036 3553 hypostasis
1049 3493 1102 3535 as·
1152 3473 1299 3553 positum,
1311 3472 1751 3547 fficiuascilieetmthumaua,
1766 3485 1816 3528 nec
1826 3463 1892 3524 intus

335 3568 460 3642 sumpta
468 3564 657 3641 pervenerit:
667 3563 752 3642 quod
765 3569 829 3625 toto
841 3566 994 3645 superiori
1004 3566 1103 3644 capite
1147 3569 1254 3645 partes
1264 3582 1329 3625 esse
1341 3564 1418 3626 duas
1431 3569 1571 3638 naturus,
1585 3564 1640 3625 sed
1652 3564 1784 3625 animum
1793 3560 1892 3620 mamm
1987 3572 1988 3593 ¹

335 3653 523 3716 declaratum
538 3661 593 3715 est.
607 3654 758 3727 Alterum,
774 3655 813 3716 de
826 3673 889 3734 quo
903 3656 935 3716 in
950 3655 1013 3717 fine
1027 3657 1115 3717 nuni'
1153 3662 1184 3718 et
1196 3673 1332 3717 carnem.
1355 3677 1370 3714 s

335 3745 443 3825 capitis
470 3745 626 3821 diximus3
662 3746 805 3807 eamdem
834 3752 941 3807 tamen
967 3747 1104 3808 bominis
1156 3739 1160 3749 '
1194 3748 1745 3826 Secundaesteorum,«quidicunt,
1759 3739 1891 3802 hemum

335 3837 552 3914 substantiam,
577 3856 690 3917 genere
713 3839 849 3918 quodum
872 3840 1102 3919 successionis,
1152 3835 1889 3912 illumnonexanimarationalt‚etcamecsntuu;
1987 3864 1988 3903 ι

335 3930 420 4011 quud
431 3943 461 4011 τῇ
473 3937 585 4010 ἐπινοίᾳ,
600 3930 633 3991 id
646 3935 692 3991 est
705 3930 895 4010 capitatione,
917 3936 972 3991 aut
989 3932 1105 3993 ratione
1153 3933 1207 3994 sed
1225 3951 1264 3993 ex
1277 3935 1433 4008 humana,
1449 3935 1481 3991 et
1494 3932 1600 3993 divina
1615 3938 1743 4003 natura,
1758 3925 1786 3986 id
1797 3928 1850 3996 est,
1862 3934 1891 3978 ex

335 4026 473 4082 constat:
492 4021 542 4082 νε]
566 4023 657 4082 etiem
675 4025 806 4098 natura,
830 4026 916 4099 prius
934 4022 965 4082 in
980 4041 1012 4083 se
1025 4042 1103 4104 quo·
1154 4025 1253 4085 tribus
1265 4023 1454 4098 substantiis,
1469 4023 1644 4099 divinitate,
1656 4037 1757 4093 earne,
1770 4023 1798 4078 et
1809 4012 1892 4074 anius

335 4112 501 4173 dammodo
517 4114 649 4192 spectari
662 4113 749 4175 velut
773 4119 962 4185 exstantem,
983 4122 1015 4176 et
1032 4135 1104 4196 pro·
1153 4121 1311 4190 mustene,
1336 4121 1368 4176 et
1380 4115 1464 4175 hune
1478 4115 1586 4175 Jesnm
1602 4114 1758 4174 Christum
1769 4107 1890 4173 faenus
1987 4096 1988 4177 i

335 4204 577 4284 ductam,quam
591 4224 664 4266 cum
677 4205 780 4266 Verbo
794 4206 981 4284 copulatam.
995 4207 1103 4286 Cujus-
1154 4214 1185 4268 et
1203 4224 1299 4267 unam
1322 4223 1487 4286 personum
1501 4211 1718 4266 tentumesse:
1733 4198 1890 4262 antelncn·
1987 4210 1988 4281 ι

335 4296 420 4358 modi
427 4297 548 4375 prioris,
556 4297 880 4377 posteriorisqueratio
889 4315 955 4357 nun
965 4297 1105 4361 absoluta
1152 4298 1313 4358 nationem
1326 4315 1400 4359 vero
1414 4296 1611 4358 solummodo
1627 4294 1800 4375 simplicem,
1811 4284 1891 4386 sedis
1987 4288 1988 4349 l

335 4398 392 4462 est,
407 4407 466 4449 nec
477 4407 513 4449 ex
527 4408 563 4450 ea
576 4389 756 4469 simpliciter
767 4388 884 4449 auaris
898 4390 993 4464 notio,
1003 4392 1105 4470 appel·
1154 4389 1369 4450 lucarnatione
1389 4390 1500 4451 factam
1524 4388 1726 4468 compositam
1746 4402 1782 4445 ex
1801 4377 1891 4439 diune
1987 4394 1988 4471 ἐ

335 4478 473 4560 latioque
486 4480 637 4559 sequitur,
649 4487 685 4543 ut
698 4480 828 4541 omnino
839 4485 922 4556 ente,
937 4480 985 4541 νε]
1000 4488 1105 4560 postea
1153 4486 1234 4556 tate,
1256 4487 1288 4541 at
1307 4481 1513 4541 humanitate.
1532 4480 1595 4540 Nec
1618 4486 1665 4539 est
1684 4478 1751 4538 ideo
1767 4472 1819 4534 aliu
1837 4482 1890 4565 ptrj
1987 4476 1988 4559 ᾗ

336 4572 498 4653 quippiam
520 4573 669 4634 exstitisse
696 4573 827 4634 dicatur.
862 4572 897 4632 ld
932 4573 1017 4634 euim
1048 4573 1105 4635 suli
1153 4574 1244 4649 sona,
1267 4589 1361 4652 qnam
1384 4570 1490 4650 prius:
1511 4572 1565 4631 sed
1584 4588 1656 4631 cnm
1676 4568 1757 4649 prius
1769 4557 1890 4625 esactllet
1987 4566 1988 4657 ,

335 4664 485 4741 temporis
497 4664 719 4740 antegressioni
728 4662 882 4725 convenit.
900 4663 991 4724 Valet
999 4670 1105 4725 umen
1153 4668 1278 4725 tantum
1300 4681 1446 4742 persona,
1472 4662 1506 4723 in
1531 4662 1746 4723 incarnatione
1768 4657 1836 4716 lucta
1855 4649 1890 4706 cut

335 4755 376 4815 ad
390 4754 503 4815 mentis
516 4760 629 4815 nostra
641 4755 836 4834 dirigendam
848 4754 1105 4835 immundamque
1154 4756 1247 4817 etiam
1261 4755 1396 4817 bominis
1410 4772 1553 4834 persona.
1575 4754 1712 4815 Persona
1733 4763 1812 4827 ergo,
1833 4752 1888 4818 ΨΒ

336 4844 640 4925 contemplationem,
656 4853 687 4908 et
696 4853 731 4906 ut
743 4864 798 4907 sua
807 4846 1106 4925 cuiquereicoguite
1153 4849 1239 4929 prins
1252 4853 1319 4908 erat
1332 4846 1482 4925 simplex,
1503 4852 1534 4907 et
1547 4847 1580 4906 in
1594 4863 1658 4906 una
1674 4847 1790 4905 tantum
1801 4838 1889 4895 natura

335 4938 516 5018 proprietas,
534 4938 674 4999 sineulla
688 4938 879 5015 confusione,
893 4944 1043 4999 servetur.
1057 4939 1106 4999 Ad
1155 4940 1299 5013 existens,
1315 4938 1349 4998 in
1358 4937 1525 5013 duabus,et
1537 4956 1575 4998 ex
1589 4935 1708 4998 duabus
1720 4926 1841 4993 subsistit
1847 4935 1889 4981 m·

334 5029 422 5105 huuc
454 5030 547 5109 igitur
574 5030 703 5092 mudum
730 5037 876 5092 naturam
903 5030 1039 5092 huminis
1067 5049 1106 5092 ex
1154 5032 1245 5108 turis,
1256 5037 1435 5111 etpersona,
1451 5047 1522 5109 quae
1536 5034 1658 5089 tantum
1667 5012 1888 5091 conscissum

335 5123 441 5185 anima
467 5129 498 5185 ει
520 5142 612 5186 carne
639 5124 857 5203 compositam,
887 5141 982 5202 qnam
1005 5123 1106 5185 carnis
1155 5122 1405 5186 estetiamverus
1418 5120 1513 5183 bomo
1526 5120 1705 5193 subsistens,
1718 5108 1886 5176 nannetum

335 5213 430 5276 subus
454 5216 605 5298 vocabum
628 5215 812 5298 plerumque
836 5216 995 5296 Scriptura
1020 5233 1106 5277 com·
1156 5233 1193 5277 ex
1208 5215 1466 5289 animaetuurue,
1482 5212 1535 5275 sed
1550 5211 1696 5273 eusmex
1710 5202 1883 5268 diuinitate.»

362 5415 373 5458 l
388 5416 436 5461 illi.
447 5414 486 5463 lu.
498 5415 551 5461 dist.
563 5425 586 5459 u
595 5415 712 5460 ctum-3
721 5415 776 5460 uta.
788 5426 818 5460 rr.
