4078 6168
355 279 413 341 l28
924 278 1125 340 ELENCHUS
1145 278 1355 341 THERIACAE

354 444 457 521 vellet,
472 461 636 523 nunquam
647 444 748 505 molus
757 449 847 519 esset,
861 445 1122 526 etc.'l'alequippe
1171 445 1289 506 viribus
1307 445 1400 506 liberi
1412 444 1543 522 arbitrii,
1557 446 1664 526 quales
1676 464 1764 508 nunc
1778 452 1858 526 sunt,
1873 448 1931 514 bre-

245 611 249 619 ,
354 542 420 599 erat
432 536 631 615 adjutorium,
646 537 730 615 quod
754 539 906 600 desereret
928 556 1000 599 cum
1017 537 1122 614 vellet,
1171 550 1221 597 rat
1243 537 1277 598 in
1302 537 1441 612 homine,
1469 543 1636 616 antequam
1649 538 1785 615 caderet,
1798 544 1855 608 etc,
1870 542 1933 603 Post

356 636 386 690 ct
397 628 431 689 in
444 647 506 708 quo
520 635 716 709 permaneret
729 629 755 689 si
768 629 869 707 vellet,
881 648 945 690 nou
959 648 1022 709 quo
1036 629 1125 690 fieret
1171 646 1278 689 casum
1304 635 1410 689 autern
1435 629 1572 690 hominis
1599 630 1727 692 nonnisi
1748 631 1786 692 ad
1814 632 1932 711 gratiam

356 727 390 782 ut
406 721 509 782 vellet.
526 742 541 779 u
566 723 609 782 Ae
623 721 754 783 subinde
771 720 961 784 luculentius
979 739 1122 802 perseve·
1174 737 1264 780 suam
1274 721 1356 782 Deus
1369 720 1467 782 voluit
1477 721 1646 801 pertinere,
1664 728 1702 783 ut
1715 722 1812 784 borno
1821 726 1933 788 accedat

353 812 599 892 rendlgratiam,
616 813 716 892 qualis
735 814 864 882 Adamo.
887 819 920 875 et
932 813 1059 893 Angelis
1077 819 1124 875 est
1172 812 1212 873 ad
1225 830 1314 888 eum3
1337 816 1439 893 neque
1460 813 1521 873 nisi
1533 814 1573 874 ad
1589 815 1726 894 gratiam
1747 832 1835 877 suam
1848 816 1933 878 voluit

355 905 437 982 data,
452 905 496 967 sic
507 904 649 986 exponit:
665 907 772 967 «Tunc
782 924 855 985 ergo
866 905 1124 967 dederathomini
1172 905 1339 983 pertinere,
1355 910 1391 966 ut
1403 906 1498 967 homo
1508 924 1573 967 non
1584 908 1710 968 recedat
1721 907 1761 968 ab
1776 910 1933 984 coronare

353 999 435 1059 Deus
447 997 563 1059 bouem
578 998 769 1060 voluntatem
786 1017 793 1059 ε
814 998 847 1059 in
867 1016 904 1059 ea
920 998 1037 1078 quippe
1051 1015 1125 1060 eum
1172 998 1327 1076 potentior
1341 997 1520 1059 hominibus
1527 1016 1582 1078 per
1588 999 1750 1061 Christum
1764 1001 1834 1061 data
1845 1001 1934 1081 gratia

352 1089 475 1163 fecerat,
500 1089 554 1170 qui
573 1089 689 1151 fecerat
704 1096 835 1151 rectum.
852 1090 982 1151 Dederat
992 1096 1022 1150 et
1035 1090 1123 1169 adju·
1172 1094 1228 1164 est,
1253 1108 1316 1168 qua
1339 1090 1438 1167 ficret,
1466 1097 1588 1151 utnon
1617 1091 1722 1153 solum
1749 1111 1933 1173 perseverare

352 1183 479 1259 tarium,
497 1183 564 1244 sine
577 1201 639 1261 quo
650 1182 684 1243 in
698 1200 734 1243 ea
747 1200 813 1242 non
826 1188 930 1263 posset
942 1200 1124 1261 permanere
1171 1188 1307 1261 possent,
1323 1180 1348 1243 si
1361 1182 1461 1244 libero
1474 1182 1602 1245 arbitrio
1617 1183 1751 1260 vellent;
1765 1185 1819 1246 sed
1831 1191 1864 1246 ut
1875 1205 1933 1267 per·

354 1273 381 1335 si
392 1274 485 1336 vellet
500 1295 508 1334 ε
524 1279 560 1334 ut
574 1279 678 1336 autem
692 1273 795 1347 vellet,
813 1274 846 1334 in
860 1275 925 1352 ejus
939 1273 1036 1335 libero
1050 1273 1123 1334 reli·
1172 1291 1313 1335 severare
1325 1274 1442 1337 vellent
1457 1295 1464 1336 ι
1490 1296 1505 1333 o
1521 1275 1653 1338 Proinde
1668 1278 1727 1339 etsi
1742 1296 1808 1338 non
1822 1278 1932 1340 interim

353 1367 421 1447 quit
437 1367 574 1428 arbitrio.
590 1368 696 1428 Posset
706 1384 970 1447 ergopermanera
980 1365 1005 1426 si
1014 1365 1122 1442 vellet,
1172 1365 1291 1428 lettere
1305 1385 1401 1444 nunc,
1416 1369 1459 1428 ait
1473 1369 1668 1447 Augustinus
1682 1368 1707 1446 ¹,
1731 1377 1932 1433 verumtamen

352 1460 427 1539 quia
443 1477 508 1520 non
522 1459 626 1520 deerat
649 1458 850 1539 adjutorium,
875 1477 931 1539 per
951 1458 1035 1539 quod
1054 1476 1125 1538 pos-
1173 1458 1347 1539 potentiore
1356 1460 1457 1538 gratia
1469 1458 1678 1538 indigentisti.
1694 1483 1711 1521 a
1725 1463 1932 1542 ltaqueotanto

352 1556 409 1620 set,
437 1557 468 1613 et
491 1552 557 1612 sine
582 1569 644 1631 quo
673 1569 739 1611 non
762 1555 865 1630 posset
893 1554 1125 1631 perseveranter
1173 1551 1410 1631 ampliusdatur
1428 1551 1617 1629 adjutorium
1638 1572 1695 1634 per
1713 1554 1820 1615 Jesum
1842 1554 1933 1615 Chris·

352 1642 472 1705 bonurn
494 1647 600 1704 tenere
627 1642 711 1723 quod
734 1643 838 1704 vellet.
862 1642 922 1704 Sed
937 1642 1011 1722 quia
1024 1642 1126 1703 noluit
1172 1649 1241 1703 tum
1256 1643 1425 1704 Dominum
1436 1649 1578 1705 nostrum
1589 1644 1612 1719 ²,
1628 1645 1748 1724 quibus
1760 1646 1793 1707 id
1806 1647 1933 1708 darelleo

353 1753 548 1817 permanere,
561 1734 698 1815 prolecto
713 1734 779 1814 ejus
791 1735 882 1815 culpa
897 1740 953 1812 est,
965 1734 1052 1813 cujus
1062 1753 1125 1796 me-
1173 1734 1300 1814 placuit,
1317 1740 1429 1796 utnon
1443 1736 1545 1797 solum
1564 1736 1645 1798 adsit
1659 1738 1728 1799 sine
1742 1757 1805 1818 quo
1827 1756 1932 1819 perma-

353 1828 451 1890 ritum
467 1828 585 1903 luisset,
610 1827 636 1887 si
659 1845 842 1908 permanere
859 1826 1006 1888 voluisset
1023 1846 1030 1887 :
1046 1827 1125 1888 siout
1174 1845 1248 1888 nere
1258 1844 1323 1888 non
1337 1845 1513 1907 possumus,
1529 1829 1624 1889 etiam
1637 1829 1664 1889 si
1678 1830 1934 1907 velimus,rernm-

353 1921 493 1983 fecerunt
514 1919 625 2000 Angeli
650 1918 760 1997 sancti,
783 1919 838 1999 qui
856 1918 1034 1982 cadentibus
1057 1919 1125 1981 aliis
1174 1918 1267 1981 etia'm
1281 1920 1525 1997 tantum,actale
1538 1921 1933 2002 situtvelimns.Estquippe

351 2032 408 2095 per
433 2012 568 2074 liberum
593 2010 767 2084 arbitrium,
798 2029 854 2090 per
880 2012 964 2072 idem
990 2010 1125 2072 liberum
1174 2010 1209 2071 in
1245 2011 1334 2073 nobis
1368 2029 1424 2093 per
1457 2012 1537 2074 hanc
1569 2013 1623 2074 Dei
1649 2015 1785 2093 gratiam
1804 2014 1837 2075 iu
1861 2013 1932 2074 bono

352 2104 516 2167 arbitrium
530 2108 682 2166 steterunt
696 2104 793 2184 ipsi.»
1174 2104 1363 2183 recipiendo.
1393 2109 1424 2165 et
1449 2111 1684 2184 perseveranter
1708 2106 1852 2182 tenendo,
1878 2123 1932 2166 non

393 2200 474 2259 Tum
488 2199 522 2259 in
540 2197 603 2258 fine
616 2195 722 2276 capitis
740 2195 902 2276 perspicue
924 2194 1040 2256 indicat
1053 2212 1125 2274 gra·
1175 2197 1276 2258 solum
1299 2213 1387 2276 posse
1415 2197 1498 2275 quod
1531 2198 1706 2276 volumus3
1744 2198 1931 2260 verumetiam

352 2292 429 2350 tiam
443 2288 660 2368 perseverandi
677 2287 778 2368 primo
792 2305 967 2349 conoessum
990 2286 1122 2361 homini,
1175 2288 1254 2349 velle
1277 2287 1361 2368 quod
1383 2306 1556 2368 possumus.
1575 2291 1684 2352 »Nam
1706 2290 1827 2371 primus
1851 2289 1932 2351 homo

353 2382 447 2443 fuisse
461 2381 603 2460 gratiam,
615 2380 702 2459 cujus
716 2398 774 2461 ope
788 2385 909 2459 poterat
918 2398 983 2440 non
997 2397 1126 2459 peccare
1180 2385 1366 2459 «acceperat
1379 2398 1467 2459 posse
1480 2399 1689 2460 perseverare,
1711 2382 1738 2443 si
1755 2382 1845 2443 vellet
1861 2401 1868 2441 ε
1887 2378 1931 2440 sed

232 2491 237 2501 ·
355 2474 381 2536 si
394 2479 500 2535 tamen
511 2471 1044 2534 hoevellet.Gumenimdixisset:o
1059 2473 1125 2532 Pri·
1176 2490 1241 2532 non
1252 2471 1360 2534 babuit
1375 2470 1930 2554 vellequodpossetmamsibabuis·

354 2583 492 2645 maergo
520 2565 645 2626 libertas
667 2564 837 2626 voluntatis
860 2570 925 2624 erat
946 2582 1034 2644 posse
1060 2582 1125 2624 non
1175 2570 1231 2639 set,
1243 2568 1476 2644 perseverasset.

355 2677 501 2741 peccare:
531 2657 700 2719 novissima
718 2656 779 2718 erit
800 2656 901 2716 multo
927 2656 1038 2734 major,
1062 2675 1127 2716 non
1214 2657 1254 2715 Et
1266 2656 1299 2716 in
1313 2655 1411 2736 capite
1430 2655 1626 2733 duodecimo,
1646 2657 1850 2731 manifestius,
1868 2654 1931 2716 utri·

355 2770 442 2832 posse
451 2768 581 2833 peccare
596 2770 603 2810 z
620 2772 635 2808 u
653 2768 727 2811 mox
741 2749 780 2810 de
793 2755 923 2828 utraque
938 2748 1046 2810 scribit
1057 2749 1099 2809 sic
1116 2768 1123 2809 ε
1174 2765 1273 2827 usque
1289 2747 1397 2827 gratia
1417 2747 1583 2809 discrimen
1604 2752 1736 2830 exponit
1753 2750 1801 2811 his
1821 2747 1928 2810 verbis:

357 2844 494 2905 «Primo
507 2850 573 2905 crat
586 2841 821 2923 perseverantie
840 2846 985 2921 potestas,
1006 2840 1126 2901 bonnm
1150 2854 1154 2861 ·
1179 2840 1312 2900 «Primo
1323 2840 1427 2918 itaque
1441 2839 1573 2914 bomini,
1597 2842 1652 2920 qni
1666 2843 1702 2902 in
1716 2860 1754 2903 eo
1771 2841 1861 2917 bono,
1878 2855 1930 2918 quo

356 2955 444 3018 posse
465 2955 531 2998 non
548 2936 711 2997 deserere:
732 2934 900 2994 novissima
921 2932 981 2994 erit
999 2931 1127 2993 felicitas
1176 2930 1384 2992 lactusfuerat
1398 2938 1512 3006 rectus,
1528 2940 1686 3012 acceperat
1699 2950 1859 3012 possenon
1869 2948 1929 3011 pec·

354 3028 602 3108 perseverantiae,
618 3027 737 3087 bonnm
753 3044 817 3087 non
835 3042 922 3103 posse
942 3024 1094 3085 deserere.
1107 3045 1123 3083 u
1175 3040 1352 3103 eara‚pesse
1362 3041 1427 3084 non
1441 3023 1531 3100 mori,
1544 3042 1632 3103 posse
1644 3025 1749 3104 ipsum
1757 3025 1930 3085 bonumuon

355 3121 443 3196 Quod
457 3126 487 3182 at
496 3119 594 3199 rapite
604 3117 786 3179 duodecimo
794 3116 972 3195 diligentins
980 3117 1125 3195 inculcat,
1175 3113 1927 3199 deserere;datumestaojutoriumperseverantie,

354 3218 386 3275 et
399 3230 526 3273 causam
546 3210 640 3272 etiam
659 3209 809 3289 explicat,
825 3227 881 3269 cur
900 3209 1127 3288 perseverantia
1175 3225 1240 3268 nou
1258 3227 1320 3287 quo
1338 3207 1426 3269 lieret
1440 3214 1475 3268 ut
1503 3217 1725 3289 perseveraret,
1741 3210 1793 3271 sed
1806 3209 1929 3285 sineque

358 3304 393 3365 in
407 3304 461 3365 illo
474 3302 764 3378 statuinnocentiae,
779 3300 879 3362 libero
892 3301 1030 3362 bominis
1043 3300 1126 3362 arbi·
1175 3299 1374 3379 perlibernm
1387 3299 1755 3380 arbitriumperseverare
1764 3300 1927 3380 nonpossct

355 3396 415 3456 trio
429 3396 579 3477 permissa
601 3394 650 3455 sit.
684 3414 699 3452 o
722 3393 761 3454 Ut
785 3411 858 3472 crgo
880 3411 946 3452 non
962 3392 1123 3471 acciperet,
1176 3391 1266 3454 Nunc
1279 3410 1353 3452 uero
1369 3392 1488 3452 Sanctis
1501 3392 1676 3472 iurognum
1686 3395 1802 3473 Deiper
1814 3389 1929 3472 gratiam

356 3487 470 3568 iuquit,
484 3488 545 3549 boc
566 3485 881 3559 donumDei,idest,
901 3484 1034 3546 inbono
1055 3504 1125 3565 per·
1177 3484 1231 3545 Dei
1254 3484 1488 3563 predestinatis,
1514 3504 1579 3545 uon
1601 3492 1725 3548 tantum
1747 3486 1807 3547 tale
1828 3482 1929 3561 adjuto

356 3579 563 3641 severantiam
576 3578 803 3658 primushomo
822 3596 829 3637 ε
846 3576 897 3637 sed
918 3595 1123 3654 perseverare,
1176 3576 1260 3636 rium
1287 3576 1523 3656 perseverantiae
1548 3578 1655 3654 datur3
1674 3580 1729 3641 sed
1755 3578 1815 3639 tale
1839 3579 1871 3635 ut
1893 3572 1929 3631 eis
2001 3610 2002 3615 κ

358 3672 405 3733 vel
432 3689 497 3732 uon
520 3688 716 3751 perseverare
739 3668 773 3728 in
799 3668 865 3746 ejus
898 3668 1127 3747 relinqueretur
1176 3668 1404 3748 perseverantia
1427 3669 1493 3747 ipsa
1514 3670 1647 3732 donetur
1667 3690 1675 3732 ι
1698 3690 1764 3733 non
1788 3668 1881 3731 solum
1899 3666 1928 3722 ul

358 3763 497 3839 arbitrio,
519 3763 596 3824 tales
623 3763 706 3823 vires
731 3759 864 3821 habebat
883 3760 950 3838 ejus
970 3760 1123 3827 voluutas.
1178 3759 1244 3820 sine
1254 3760 1312 3821 isto
1324 3760 1406 3820 dono
1418 3768 1650 3839 perseverantes
1659 3782 1727 3825 esse
1737 3781 1800 3824 non
1814 3757 1926 3841 possint,

357 3876 427 3938 quae
441 3856 507 3916 siue
520 3855 585 3915 ullo
598 3854 699 3915 fuerat
708 3853 849 3914 instituta
861 3857 997 3932 peccato,
1008 3858 1040 3913 ct
1049 3853 1127 3914 nihil
1177 3871 1287 3914 verum
1301 3852 1393 3914 etiarn
1407 3856 1442 3912 nt
1455 3872 1511 3933 per
1524 3854 1583 3915 hoc
1607 3855 1729 3917 donum
1742 3850 1860 3916 nonnisi
1871 3863 1927 3928 per·

357 3949 402 4010 illi
416 3967 454 4010 ex
467 3947 567 4029 seipsa
577 3944 898 4026 concupiscentialiter
911 3944 1079 4024 resistebat,
1091 3948 1129 4006 ut
1177 3951 1351 4006 severantes
1371 3944 1444 4005 sint.
1461 3966 1476 4003 a
1494 3947 1566 4006 Mox
1578 3946 1661 4009 illius
1683 3945 1843 4028 adjutorii,
1857 3937 1927 4020 quod

357 4041 450 4120 digne
473 4045 567 4102 tantae
587 4038 731 4114 bonitati,
753 4036 876 4099 atbene
890 4036 1015 4097 vivendi
1030 4037 1128 4097 facili·
1179 4036 1292 4097 Christi
1320 4038 1453 4097 donatur
1479 4039 1609 4116 meritis,
1635 4041 1702 4102 vim
1727 4047 1759 4102 et
1783 4033 1926 4099 efficaciam

358 4130 648 4211 tati,persererandi
657 4130 902 4190 committeretur
920 4126 1123 4189 arbitrium»)
1177 4128 1323 4203 declarat,
1338 4128 1438 4189 multo
1456 4130 1558 4208 priore
1571 4131 1645 4207 illo,
1662 4134 1747 4213 quod
1761 4130 1871 4193 Adamo
1884 4121 1927 4184 ui·

359 4223 511 4298 Quoniam
533 4222 631 4302 igitur
656 4221 743 4301 sortis
770 4228 797 4282 ct
817 4238 889 4281 sona
917 4219 1046 4281 coloratas
1063 4228 1129 4282 erat
1177 4221 1290 4282 butum
1303 4227 1359 4298 est,
1374 4221 1679 4303 valentiorem:quia
1697 4246 1712 4284 o
1725 4228 1878 4305 postquam
1890 4217 1927 4275 est

356 4315 452 4397 primi
468 4314 607 4391 domt‘nio,
624 4318 660 4376 ut
674 4312 784 4375 eodem
798 4312 896 4391 capita
909 4321 1015 4392 postea
1028 4313 1126 4374 dicit:
1177 4313 1231 4374 illa
1257 4329 1370 4389 magna
1396 4313 1513 4393 peccati
1541 4317 1653 4377 merito
1676 4318 1789 4377 amissa
1806 4311 1923 4375 libertas,

357 4408 427 4469 ideo
442 4408 508 4487 ejus
523 4407 650 4469 arbitrio
672 4405 822 4486 permissa
839 4409 885 4466 est
912 4406 1128 4483 perseverandi
1177 4406 1273 4467 etiarn
1295 4405 1464 4484 majoribus
1486 4405 1576 4467 donis
1596 4408 1771 4487 adjuvanda
1795 4395 1926 4465 remansit

357 4505 501 4577 potestas.
1179 4498 1342 4558 infirmitas
1352 4496 1375 4574 ³,
1391 4504 1456 4574 eto,
1473 4497 1668 4560 Subventum
1683 4508 1729 4563 est
1741 4500 1831 4578 igitur
1846 4489 1924 4553 infir-

400 4592 452 4651 lv.
470 4594 508 4651 at
529 4610 603 4653 vero
617 4598 686 4672 post
712 4591 822 4652 adami
842 4590 976 4670 lapsum,
992 4608 1129 4671 perseve-
1178 4590 1279 4650 mitati
1297 4589 1465 4649 voluntatis
1481 4588 1640 4667 humanae,
1665 4599 1701 4653 ut
1725 4591 1825 4652 dimna
1840 4578 1924 4664 gratia

359 4682 471 4759 rantia,
487 4700 556 4762 quae
571 4701 688 4745 merces
697 4688 769 4744 aute
780 4682 886 4743 futura
900 4687 977 4761 erat,
990 4682 1069 4745 facta
1083 4688 1129 4744 est
1179 4680 1448 4755 indeclinabiliter,
1464 4686 1495 4742 et
1519 4683 1765 4764 insuperabiliter
1777 4681 1906 4760 ageretur
1914 4688 1921 4742 ;

359 4775 479 4836 donum
491 4774 608 4853 gratim.
630 4795 645 4832 a
663 4775 870 4835 Nunoautem
889 4792 945 4855 per
966 4782 1126 4856 peccatum
1179 4773 1291 4834 etideo
1305 4772 1446 4852 quamvis
1459 4773 1605 4848 infirma,
1622 4794 1687 4837 non
1709 4781 1811 4836 tamen
1827 4765 1924 4830 defice-

359 4867 479 4947 perdito
489 4866 583 4944 bono,
596 4867 640 4927 eit
653 4866 752 4946 capite
770 4882 811 4940 xl,
835 4867 946 4928 merito
965 4868 1000 4927 in
1011 4867 1059 4928 bis
1072 4866 1126 4947 qni
1178 4870 1236 4941 ret,
1252 4882 1354 4944 neque
1366 4864 1548 4926 adversitate
1570 4866 1675 4945 aliqua
1687 4859 1922 4954 vincereturmlt·

358 4958 530 5021 liberantur
546 4957 614 5038 (boc
635 4963 683 5018 est
699 4956 930 5039 predestinatis)
954 4958 1127 5020 factumest
1179 4957 1357 5018 Fortissimo
1384 4957 1498 5037 quippe
1521 4956 1657 5036 dimisit,
1687 4966 1778 5038 atque
1802 4946 1924 5035 permssss

359 5049 478 5112 donum
500 5049 618 5129 gratioe,
653 5065 723 5127 quae
757 5067 874 5111 merces
896 5049 998 5112 meriti
1019 5050 1125 5111 futura
1178 5048 1278 5110 facore
1295 5049 1380 5127 quod
1392 5048 1485 5110 vellet
1501 5048 1655 5112 :infirmis
1669 5049 1808 5122 servavit,
1822 5046 1855 5104 ut
1865 5039 1921 5118 ip³⁰

359 5148 474 5205 erat.»
505 5143 544 5203 nt
570 5140 605 5201 in
629 5138 709 5201 libro
736 5139 771 5202 dc
792 5140 866 5203 douo
890 5142 1126 5223 perseverantior,
1179 5141 1315 5203 donante
1329 5139 1528 5203 invictissime
1541 5130 1920 5222 quodhonumestvelleot

359 5235 460 5316 capite
473 5251 531 5312 ru,
551 5233 649 5295 «Non
665 5238 712 5294 est
725 5233 785 5294 hoc
799 5234 948 5313 omnino,
965 5233 1078 5314 iuquit,
1094 5233 1128 5294 in
1179 5238 1211 5294 et
1223 5231 1283 5295 boc
1296 5234 1436 5296 descrere
1449 5233 1650 5298 invictissime
1662 5234 1816 5298 nollent.»

388 5440 399 5479 1
414 5435 472 5491 lug.
489 5434 516 5480 ds
525 5434 718 5489 donaparat·-
730 5431 744 5477 l
757 5431 844 5481 to.-a
856 5432 915 5489 Aug.
930 5432 960 5479 lb.
