4072 6164
536 343 587 404 DE
606 340 908 408 lNGARNATIONE.
929 342 1006 402 LlB.
1029 342 1068 415 V,
1092 341 1176 402 CAP.
1200 340 1254 400 111.
1629 343 1688 402 589

112 528 146 572 eo
162 507 343 589 suscepisset
365 506 526 584 invidiam,
555 506 639 587 quod
664 506 741 568 illud
768 506 872 586 ipsum
922 505 1090 568 tomusille
1104 510 1365 566 commemoratus
1383 507 1441 565 est.
1460 503 1582 583 Quippe
1605 504 1689 566 aliud

113 598 761 680 tndochioepraedicasset,quodinepistola
769 597 872 659 Procli
923 604 970 660 est
983 598 1156 679 epistolam,
1172 597 1235 658 sive
1249 596 1398 676 scriptum
1418 595 1578 675 quodlibet
1590 597 1624 657 in
1638 616 1688 657 aa·

112 692 224 769 eadem,
247 693 299 753 cui
318 696 465 772 praerat,
486 691 619 753 Ecclesia
638 707 710 751 cum
729 689 872 770 episcopo
922 691 1042 751 tholieis
1060 707 1247 751 numerare:
1263 689 1349 749 aliud
1362 706 1399 749 ea
1415 687 1521 748 omnia
1533 687 1690 767 sigillatim

112 802 164 844 suo
175 785 297 844 loanne
315 782 566 863 comprobasset?
923 802 980 863 pro
995 783 1152 844 catholicis
1171 781 1354 862 approbare,
1376 799 1448 860 quae
1467 780 1501 840 in
1518 780 1572 840 illo
1591 781 1689 841 conti-

147 873 224 949 Quid
236 875 292 936 illa
304 875 428 936 Justino
445 876 619 954 imperante
633 877 670 937 de
684 875 792 938 eadem
805 879 873 937 orta
923 882 1048 937 nentur.
1077 874 1166 948 Quod
1197 873 1344 935 adversus
1371 872 1531 953 epistolam
1559 872 1623 933 Ibe
1651 871 1691 933 cd

111 967 276 1046 questione
301 967 462 1043 dissensio,
489 985 584 1047 quam
610 968 644 1028 in
665 969 767 1048 primo
791 967 872 1029 libro
923 967 1036 1030 Marim
1056 966 1192 1039 Persam,
1211 966 1246 1026 in
1276 964 1518 1027 Chalcedonensi
1533 969 1689 1043 receptam

110 1059 343 1139 descripsimus?
365 1060 427 1121 Cur
446 1059 550 1121 statim
569 1065 663 1139 atque
687 1060 725 1121 ab
750 1060 873 1139 Scythis
923 1060 1054 1140 synodo,
1071 1058 1188 1137 quintae
1197 1057 1309 1138 synodi
1321 1059 1425 1118 Patres
1437 1061 1644 1136 exceperunt:
1659 1062 1692 1117 et

110 1152 264 1212 monachis
283 1158 330 1213 est
349 1151 432 1213 edita
450 1152 602 1213 sententia
618 1153 696 1229 hoec,
721 1150 820 1214 Unum
837 1151 873 1214 de
923 1151 978 1231 qui
1000 1150 1144 1230 deinceps
1165 1149 1284 1211 famosa
1306 1149 1358 1210 illa
1379 1149 1513 1229 capitula
1532 1149 1592 1209 tria
1606 1149 1691 1209 dam·

113 1240 255 1305 Trioitctc
269 1243 450 1321 monstrum
459 1262 535 1318 esse,
550 1244 608 1305 suh
616 1244 761 1305 nodutis
773 1243 872 1321 elogio
922 1250 1049 1305 narum.
1076 1244 1182 1322 ltaque
1209 1242 1326 1303 mirum
1353 1259 1418 1303 non
1450 1247 1496 1302 est
1521 1246 1586 1301 tam
1614 1241 1691 1301 Hor-

32 1377 35 1382 -
111 1333 249 1397 damnata
264 1336 402 1416 primum
422 1343 468 1398 est
489 1343 520 1399 et
540 1335 731 1417 proscripta?
749 1337 873 1415 quando
922 1335 1031 1396 misdsa
1048 1334 1165 1414 legatos
1185 1334 1307 1413 dixisse,
1329 1333 1450 1394 nullam
1470 1332 1505 1393 in
1526 1331 1710 1411 Chalcedo,

111 1427 319 1508 etbpostolici
329 1428 423 1508 legati
436 1435 545 1491 contra
554 1430 720 1490 monachos
728 1428 798 1490 illos
806 1434 874 1489 tan·
923 1424 1691 1489 nensiconciliomentionemistiustermulaeluisse

111 1522 209 1598 tepere
222 1521 372 1582 commoti
386 1528 479 1598 sunt3
495 1528 525 1584 et
545 1520 708 1583 Hormisda
725 1521 791 1601 ipse
808 1524 873 1583 Ro·
922 1517 1058 1594 lactam3
1074 1535 1169 1598 quam
1182 1519 1312 1598 Scythas
1331 1518 1413 1598 ipsos
1428 1516 1596 1577 monachos
1609 1516 1691 1577 illius

110 1626 214 1672 manus
231 1612 374 1692 pontifex
394 1614 504 1675 eodem
526 1613 624 1693 stylo,
650 1619 680 1674 et
702 1613 875 1691 apostolica
924 1616 1088 1673 assertores
1109 1610 1140 1670 id
1156 1609 1239 1670 ultro
1255 1627 1322 1671 esse
1341 1609 1502 1670 confessos.
1519 1609 1589 1669 Non
1607 1608 1691 1669 enim
1745 1644 1749 1651 -

110 1703 284 1766 auctoritate
311 1712 488 1785 persecutus
512 1711 568 1767 cst.
590 1706 676 1780 Quod
695 1723 869 1785 nimquam,
924 1708 1048 1783 aperte,
1073 1708 1163 1763 etex
1184 1700 1356 1781 semetipsis
1383 1701 1470 1761 illam
1493 1700 1692 1780 protulissent

111 1791 224 1870 opinor,
246 1793 412 1871 accideret,
437 1794 461 1855 si
485 1794 520 1856 in
543 1793 666 1869 celebri,
688 1799 719 1854 et
732 1794 875 1857 omnium
924 1794 1186 1857 chalcedonenses
1208 1795 1331 1869 Patres;
1355 1793 1409 1854 sed
1432 1792 1577 1872 oblique,
1602 1798 1693 1853 etex

110 1882 175 1944 trita
200 1885 349 1946 manibus
372 1886 502 1965 epistola
529 1885 633 1947 Procli
657 1884 697 1946 ad
721 1887 872 1964 Amnenos,
924 1885 1125 1966 consequenti
1139 1886 1253 1962 solum,
1268 1891 1421 1965 quatenus
1439 1885 1600 1964 epistolam
1612 1886 1690 1946 Pro·

110 1972 179 2035 illud
191 1975 296 2055 ipsum
313 1978 488 2039 exstitisset.
924 1978 974 2051 cli,
990 1978 1024 2038 in
1036 1995 1099 2057 qua
1111 1977 1189 2039 illud
1198 1982 1343 2054 exstaret,
1359 1977 1440 2037 inter
1454 1976 1651 2052 orthodoxas,
1661 1982 1692 2037 et

145 2068 246 2129 Tertio
260 2087 328 2130 non
346 2068 413 2130 lere
427 2070 511 2131 istud
531 2074 578 2131 est
590 2069 744 2149 opinionis
759 2076 872 2134 nostras
925 2070 1038 2150 probas
1060 2069 1248 2131 ascivissent.
1273 2071 1327 2130 Est
1347 2074 1452 2129 tamen
1475 2067 1611 2146 profecto
1635 2085 1691 2128 cur

111 2159 295 2238 praesidinm,
307 2161 391 2241 quod
399 2162 417 2222 J
420 2179 536 2223 oannes
546 2161 700 2223 sccundus
710 2162 872 2242 epistolam
925 2162 1087 2235 miremur,
1100 2161 1243 2223 eamdem
1255 2160 1340 2222 illam
1349 2159 1527 2235 formulam,
1538 2159 1641 2220 statim
1656 2163 1692 2218 ut

111 2247 221 2329 Procli,
236 2253 324 2314 unde
337 2253 449 2314 lacinia
463 2253 516 2314 illa
529 2260 653 2335 sumpta
670 2260 735 2333 est,
757 2273 821 2316 non
834 2253 875 2317 ad
924 2272 941 2315 c
965 2253 1088 2333 Scythis
1110 2252 1271 2314 monachis
1284 2258 1331 2313 est
1353 2252 1469 2319 audita,
1495 2251 1535 2311 ob
1557 2251 1590 2312 id
1611 2270 1691 2331 prae-

110 2341 254 2421 Anaews,
266 2342 767 2426 sedchecr'dectotesinsriptam
780 2346 873 2408 basse
924 2345 1043 2421 sertim,
1065 2345 1149 2424 quod
1170 2362 1253 2406 nova
1269 2349 1359 2421 esset,
1383 2342 1422 2403 ab
1441 2340 1607 2404 Catholicis
1627 2361 1691 2404 om-

111 2431 271 2511 signifieat:
300 2434 364 2497 sive
389 2436 491 2516 potius
511 2437 550 2497 ad
573 2435 752 2515 Orientales,
777 2443 813 2497 ut
827 2444 873 2499 est
923 2438 1016 2498 nibus
1035 2444 1188 2506 vexatam,
1212 2442 1243 2498 et
1265 2437 1423 2516 explosam
1443 2434 1558 2510 fuisse;
1578 2435 1691 2497 sicam

111 2525 184 2602 apud
199 2526 364 2605 Cyrillum,
381 2529 436 2607 qui
449 2527 534 2589 aliud
551 2546 590 2590 ex
603 2529 712 2590 cadem
732 2528 791 2590 hac
809 2529 872 2609 epi·
924 2529 1048 2590 Proclus
1068 2536 1161 2592 antea
1181 2528 1261 2590 tanti
1281 2529 1427 2597 nominis,
1448 2531 1480 2589 et
1502 2528 1691 2589 auctoritatis

111 2615 180 2676 stola
188 2617 403 2698 fragmentum
416 2619 531 2680 attulit.
923 2621 1093 2702 episeopus,
1106 2621 1295 2701 ubicumque
1306 2618 1478 2681 tandem'id
1489 2619 1604 2693 lecerit,
1621 2618 1690 2699 plus

146 2707 291 2781 Quocirca
317 2710 464 2771 Proclum
491 2711 632 2772 existimo
659 2730 724 2772 non
750 2710 785 2772 in
812 2730 869 2789 ea,
922 2713 1018 2774 semel
1031 2717 1218 2793 usurpasset.
1237 2714 1282 2775 lle
1301 2730 1363 2792 qua
1378 2730 1412 2773 re
1428 2711 1522 2773 velim
1542 2711 1689 2772 attentius

112 2815 196 2875 quam
220 2801 260 2862 ad
289 2803 443 2863 mmenos
473 2802 614 2882 scripsit,
645 2802 774 2882 epistola
799 2804 872 2865 talia
922 2805 1058 2884 cogitent
1071 2804 1195 2868 cruditi.

111 2889 263 2970 scripsisse,
291 2894 346 2954 sed
364 2895 398 2955 in
411 2894 518 2971 altera,
534 2911 628 2973 quam
650 2891 689 2956 cd
710 2892 873 2956 orientales
960 2897 1085 2958 Atenim
1112 2896 1294 2959 Theodorus
1313 2894 1454 2956 Abucm
1477 2893 1509 2954 in
1541 2894 1687 2973 opusculo

111 2981 196 3059 misit,
210 2985 318 3046 minus
332 2985 466 3064 cognita,
481 3003 583 3064 neque
592 2985 717 3065 publico
726 2986 872 3066 suffragio
922 2995 1045 3067 quarto,
1065 2987 1311 3050 Chalcedoueuse
1330 2986 1495 3049 concilium
1517 2986 1625 3047 asserit
1637 2987 1689 3047 de-

112 3073 239 3149 probats.
258 3077 336 3138 Non
356 3077 441 3138 enim
466 3076 626 3156 probabile
645 3082 701 3153 est,
723 3082 872 3158 tanquam
921 3078 1067 3152 finivisse,
1088 3080 1277 3141 «Christum
1298 3097 1362 3141 esse
1383 3096 1481 3139 unam
1497 3078 1688 3159 hypostasim

113 3180 146 3223 cx
158 3175 326 3248 compacto,
341 3174 388 3230 tot
403 3169 455 3230 illa
468 3168 642 3248 fragmenta
660 3187 698 3230 ex
715 3168 753 3228 iis
766 3187 871 3231 exem·
922 3170 1116 3233 ex'lrinitatc
1125 3172 1203 3233 duas
1211 3178 1339 3233 naturas
1346 3171 1525 3245 habentem,
1537 3170 1686 3248 divinam,

112 3253 239 3333 phrihus
262 3279 353 3323 erasa
373 3261 478 3329 luisse.
505 3260 618 3340 quihus
646 3260 869 3340 Ephraemium,
922 3269 953 3325 et
974 3264 1212 3325 humanans.»
1238 3264 1356 3324 Verum
1378 3279 1534 3341 nusquam
1553 3262 1614 3324 hoc
1631 3282 1687 3325 ex·

112 3347 293 3429 Liberatum,
309 3358 341 3414 et
353 3353 537 3433 Dionysium
550 3353 707 3431 Exiguum
721 3371 792 3415 usos
806 3371 871 3415 esse
921 3373 1024 3434 presse
1038 3353 1171 3416 decrevit
1192 3354 1246 3415 illa
1265 3355 1421 3435 synodus:
1441 3355 1566 3415 tametsi
1577 3355 1610 3415 id
1623 3354 1689 3433 ejus

113 3448 236 3519 constat;
251 3444 309 3525 qui
322 3444 400 3505 nihil
413 3445 518 3515 aliud,
533 3444 595 3505 nisi
608 3464 699 3504 unuin
712 3463 750 3505 ee
766 3444 869 3507 Triui-
921 3466 960 3510 ex
973 3448 1126 3509 sententia
1137 3446 1309 3509 deducitur.
1331 3447 1489 3526 Siquidem
1503 3446 1536 3508 in
1549 3446 1622 3508 fidei
1634 3447 1689 3508 de·

112 3535 165 3592 tate
185 3533 372 3598 incarnatum
394 3554 462 3613 esse,
485 3536 531 3597 ihi
553 3536 702 3616 scriptum
725 3554 745 3596 a
764 3537 870 3599 Proelo
920 3540 1073 3614 finitione,
1097 3556 1193 3618 quam
1214 3538 1288 3600 citat
1315 3538 1466 3612 Abucara,
1490 3557 1561 3618 quae
1588 3538 1689 3600 estin

113 3618 287 3701 significant.
328 3628 517 3689 Crediderim
550 3627 646 3706 igitur
680 3627 871 3691 Maxentium
921 3632 1041 3693 actione
1058 3628 1302 3710 quinta¹,unam
1312 3648 1377 3692 esse
1386 3629 1487 3691 sciscit
1496 3630 1689 3711 hypostasim

113 3728 298 3799 prepropere
314 3719 505 3798 relegentem
528 3717 581 3780 illa
602 3719 723 3795 Procli,
745 3738 815 3799 quae
838 3720 872 3781 in
922 3723 1043 3797 Christi,
1057 3728 1149 3804 atque
1165 3740 1330 3802 personam
1344 3722 1466 3784 duabus
1479 3722 1600 3782 naturis
1611 3740 1690 3801 prse-

114 3803 200 3869 altera
224 3810 356 3890 epistola
383 3810 635 3886 continebantur,
663 3810 871 3873 celeberrimas
920 3815 1028 3892 ditarm
1048 3815 1256 3895 eumdemque
1274 3833 1339 3876 esse
1354 3814 1454 3875 filium
1467 3813 1685 3891 unigenitum:

113 3893 150 3956 illi
163 3899 201 3961 sd
213 3903 366 3963 Armenes
378 3902 557 3983 imputasse.
573 3903 661 3976 Quod
679 3910 710 3964 et
729 3902 871 3964 Facundo
920 3907 1023 3969 atalia
1040 3907 1214 3985 ejusmodi;
1237 3925 1277 3968 ex
1296 3907 1410 3986 quibus
1428 3922 1511 3967 unus
1528 3905 1567 3965 de
1588 3905 1688 3966 Trini-

113 3992 238 4054 evenisse
250 3994 288 4055 tit
298 4012 336 4056 ex
343 4012 380 4055 eo
390 3994 599 4068 verisimilius,
613 3995 697 4074 quod
708 3995 735 4054 is
746 3994 779 4055 in
792 4013 871 4075 prae·
918 4004 992 4072 tate,
1016 3997 1066 4059 vel
1086 4017 1149 4059 una
1173 3998 1211 4058 dc
1231 3998 1331 4058 tribus
1357 4015 1489 4076 persona
1509 3995 1685 4075 colligitur:

112 4075 227 4161 baone,
247 4087 287 4148 de
304 4088 449 4166 angustia
468 4086 531 4148 dati
551 4085 609 4147 sihi
625 4087 665 4148 ad
678 4087 869 4166 responden·
919 4091 1004 4170 quod
1016 4096 1123 4151 mmen
1136 4089 1248 4151 diserte
1259 4107 1324 4150 non
1335 4088 1532 4169 exprimitur.
1548 4087 1610 4149 Sed
1620 4088 1687 4167 jam

113 4169 181 4234 dum
196 4178 356 4259 temporis,
379 4180 479 4258 deque
499 4179 701 4240 mendositate
715 4179 867 4258 codicum,
919 4188 1048 4244 caeteros
1059 4181 1276 4261 suffragatores
1288 4181 1397 4242 lormae
1410 4181 1498 4241 istius
1510 4180 1685 4257 audmmus,

114 4264 215 4341 qtuibus
224 4269 315 4330 initio
329 4276 375 4331 est
387 4288 471 4346 usus,
487 4271 718 4332 excusationem
729 4271 827 4351 petiit.
918 4280 983 4335 tam
993 4273 1046 4352 qui
1060 4291 1162 4334 rmum
1174 4273 1212 4333 de
1226 4273 1375 4334 Trinitate
1388 4271 1545 4334 Christum
1559 4290 1624 4333 esse
1637 4271 1687 4333 vel

147 4355 197 4418 VI.
219 4362 375 4422 Caeterum
400 4362 524 4423 mmetsi
550 4362 603 4422 illa
631 4362 706 4442 ipsa,
736 4379 807 4441 quae
834 4361 869 4421 in
918 4366 1114 4427 incarnatum
1133 4383 1197 4426 esse
1216 4364 1394 4445 simpliciter
1412 4364 1576 4425 dixerunt:
1592 4382 1686 4443 quam

112 4442 281 4525 lagueum
314 4451 479 4532 leguntur,
508 4454 545 4514 da
570 4473 627 4515 uno
651 4472 690 4514 erc
719 4452 869 4514 Trr'rritote
918 4456 973 4536 qui
1002 4474 1100 4516 unum
1124 4456 1163 4517 de
1187 4456 1336 4517 Trinitate
1363 4473 1502 4535 passum,
1532 4460 1564 4516 et
1586 4458 1686 4517 cruci·

108 4553 195 4617 parto,
208 4551 237 4602 et
256 4542 413 4623 cruciliao,
436 4563 476 4606 ex
492 4551 578 4606 tomo
597 4543 637 4605 ad
652 4545 793 4607 Armenes
813 4545 868 4613 de·
918 4548 1029 4609 fixum.

112 4636 206 4709 cerpta
217 4636 484 4710 credantur3non
503 4635 573 4698 ideo
595 4635 729 4697 formula
748 4636 807 4697 ista
825 4636 869 4696 lo·
958 4640 1024 4700 Vll.
1049 4639 1162 4712 Quinta
1184 4638 1321 4718 synodus
1345 4638 1378 4698 in
1407 4656 1527 4700 canone
1554 4644 1683 4719 quarto,
1711 4662 1848 4719 synodorum

112 4724 216 4797 queudi
229 4726 351 4788 concilii
364 4728 546 4789 oecumenici
559 4729 741 4789 auctoritate
751 4727 868 4789 sancita
922 4731 1124 4791 «Dominum
1151 4736 1292 4790 nostrum
1318 4731 1426 4791 lesum
1452 4730 1607 4792 Christum
1631 4751 1718 4811 no,

1724 4728 1846 4762 conuasur

1721 4781 1734 4812 n
1758 4770 1857 4813 amdam

111 4810 199 4874 videri
211 4817 336 4894 debuit,
351 4819 435 4898 quod
448 4820 482 4879 in
495 4819 676 4881 allocutione
686 4818 727 4880 ad
736 4818 870 4900 imperc-
918 4818 1016 4879 minat
1039 4835 1139 4878 unum
1159 4818 1197 4879 de
1220 4824 1326 4879 sancta
1348 4818 1498 4880 Trirritate
1510 4818 1532 4889 1,
1551 4839 1563 4877 r
1591 4820 1628 4879 111
1651 4820 1686 4880 in
1709 4821 1848 4867 unrocum.

110 4906 190 4966 torem
202 4927 221 4968 a
232 4911 375 4972 Patribus
389 4911 486 4988 adita,
499 4911 581 4973 inter
594 4912 743 4973 catholica
755 4911 869 4990 scripta
918 4908 1028 4990 quinto
1041 4927 1160 4971 canore
1175 4909 1327 4987 similiter,
1348 4931 1360 4967 r
1376 4911 1572 4972 incarnatum
1584 4928 1685 4972 unum

142 5094 161 5134 a
177 5082 256 5140 bruc.
275 5085 369 5142 oleoso
380 5086 409 5141 rt
421 5092 464 5156 τῆς
473 5085 506 5150 εἰς
522 5088 624 5160 Χριστὸν
637 5088 770 5161 ὁμολογίας
783 5086 867 5155 ἂληθι-
914 5086 1014 5159 ὁρίζων,
1030 5085 1088 5158 μίαν
1102 5084 1236 5141 &deraso
1256 5084 1283 5139 ἔκ
1300 5091 1344 5154 τῆς
1363 5088 1461 5160 τριάδος
1475 5081 1536 5142 εἶναι
1550 5087 1593 5141 δύο
1606 5087 1686 5161 pistre

111 5156 146 5212 tit
159 5164 234 5238 δόγμα
249 5169 264 5223 ὁ
282 5175 325 5238 τῆς
345 5168 369 5223 ἔν
395 5171 536 5244 Καλχηδόνι
556 5173 778 5243 ονγκεκροτημίνης
802 5170 867 5233 Θείας
915 5169 1017 5242 ἔχοντα,
1031 5169 1101 5241 φύσιν
1115 5169 1191 5241 θείαν,
1206 5168 1248 5222 ml
1261 5169 1331 5241 priori
1346 5169 1506 5241 ἀνθρωπίνην·

111 5246 202 5302 writer
215 5257 263 5306 τῶν
276 5252 354 5326 ἁγίων
368 5252 688 5327 πατέρωνίροςόρθοτομεῖ,
703 5253 745 5309 τὸν
759 5254 866 5325 Χριστὸν
916 5252 1033 5401 ,15⁶7ny
1033 5268 1186 5409 ppaqtquqo
1187 5252 1219 5397 5l
1244 5249 1278 5305 ‘0
1290 5251 1376 5323 Κύριος
1384 5250 1456 5323 ἡμῶν
1475 5250 1685 5324 ’ίηοοΰςΧριστὸς

135 5456 146 5504 1
156 5459 217 5510 Cone.
227 5466 299 5515 Chalc.
