3994 6164
904 253 911 285 l

528 363 578 424 DE
597 362 895 439 INCARNA'I’IONE,
919 365 991 426 tta.
1013 364 1038 440 l,
1059 363 1142 426 CAP.
1167 363 1245 425 XVI.
1620 359 1682 421 233

11 560 13 573 .
108 524 291 603 diutissimus,
306 526 418 588 eodem
428 529 623 591 renuntiatus
635 538 690 607 est,
702 538 734 593 et
747 551 863 612 purpu·
911 535 970 593 tes.
995 532 1057 598 cui
1081 532 1244 593 timotheo
1272 528 1432 606 detracto,
1461 527 1613 609 populum
1649 528 1683 586 in

110 633 167 678 ram
178 617 286 695 induit,
310 619 388 680 tutti
404 638 490 681 nono
507 640 562 683 :ac
583 623 699 697 statim,
715 624 865 686 Vitaliani
913 624 1067 687 contrariu
1081 625 1183 685 studia
1194 623 1375 685 diviserunt.
1389 623 1469 682 Nam
1493 619 1684 681 Theodosius

110 708 233 788 magistri
252 710 409 787 militum,
423 730 517 792 quem
539 716 671 777 Severus
696 716 865 777 maledictis
912 717 1083 778 themora
1101 722 1183 778 nutu
1197 733 1352 777 successor
1374 714 1418 775 illi
1441 712 1617 774 destinatus
1639 718 1684 773 est

109 802 252 879 lacerarat,
282 803 436 883 impulsu,
470 805 566 867 misso
602 809 720 869 lrenaeo
755 809 865 888 Magis·
912 809 1100 889 suffragante
1124 809 1225 869 Clero.
1246 810 1288 868 At
1315 806 1556 872 monachicum
1581 803 1682 883 plebe,

107 894 207 969 tnanc,
226 902 262 955 ut
275 896 319 956 ait
341 896 513 972 Liberatus,
535 900 602 980 rapi
627 902 668 962 ad
689 918 753 962 sese
773 901 866 979 jussit
913 901 1028 961 Gaiano
1054 901 1171 962 Juliarn
1204 899 1344 980 partibus
1377 897 1499 959 addicto
1533 896 1682 969 faventes,

108 985 284 1063 hmsficam,
307 1007 344 1049 ac
367 989 508 1069 linguam
534 992 563 1053 ei
585 994 750 1073 amputari.
776 994 865 1068 Quod
913 992 1006 1066 hunc,
1022 999 1148 1055 canusa
1162 992 1345 1065 Theodosio,
1357 1008 1413 1070 per
1426 989 1491 1050 vim
1504 989 1684 1049 introduxe

108 1078 407 1153 cumillereseisset¹,
422 1081 496 1161 fuga
513 1084 700 1164 supplicium
721 1091 864 1147 antever-
912 1088 997 1146 runt.
1014 1088 1057 1146 Ac
1076 1086 1211 1147 vicissim
1237 1084 1412 1159 Theodora,
1441 1083 1533 1142 misso
1557 1082 1683 1142 Nassete

108 1169 147 1239 tit,
168 1176 198 1230 et
216 1170 393 1251 Septembri
415 1192 521 1236 mense
545 1176 667 1256 elapsus
689 1178 863 1256 Antiochia,
913 1177 1115 1253 cubiculario,
1129 1179 1280 1239 Gaianum
1297 1175 1515 1254 Carthaginem
1522 1173 1681 1252 relegarit,

107 1261 311 1324 Alexandriam
324 1282 357 1326 se
371 1268 497 1346 recepit,
513 1286 575 1347 quo
589 1276 621 1330 et
635 1270 779 1331 Julianus
799 1271 864 1331 Ha·
913 1269 1161 1331 etTheodosium
1175 1268 1330 1330 rassdtuit.
1353 1268 1398 1327 Ex
1418 1285 1481 1345 quo
1506 1265 1683 1341 seditiones,

106 1353 321 1418 bonisensis
335 1358 476 1435 ejusdem
488 1361 640 1442 particeps
652 1363 779 1424 haeresis
792 1369 865 1424 ante
914 1365 945 1421 et
957 1361 1056 1422 cedes
1067 1362 1224 1440 utrimque
1237 1362 1341 1435 tactae3
1356 1360 1410 1420 sed
1423 1358 1522 1436 major
1536 1356 1683 1432 militum,

107 1445 287 1525 confugerat.
306 1449 523 1513 Praeerattunc
536 1453 754 1515 Alexandrinae
765 1455 866 1516 Eccle-
913 1451 946 1513 in
961 1471 1039 1531 quos
1064 1469 1178 1531 magno
1206 1470 1358 1514 consensu
1378 1449 1512 1531 populus
1533 1450 1685 1528 impeturn

106 1537 151 1597 sis
162 1539 341 1602 Timodreus
360 1541 535 1621 haereticus,
551 1545 605 1623 qui
626 1544 773 1624 profugos
797 1546 866 1608 illos
912 1543 1004 1619 fecit;
1024 1544 1206 1606 mulieribus
1229 1545 1264 1604 in
1277 1562 1331 1605 eos
1344 1541 1496 1622 quidquid
1510 1543 1687 1601 occurreret

107 1627 365 1712 lihentmexccpit.
914 1653 932 1697 e
956 1638 1087 1697 summis
1109 1638 1198 1699 tectis
1217 1635 1438 1715 jaculantibus.
1467 1632 1529 1694 Sed
1550 1632 1686 1692 vicisshn

140 1723 181 1781 lix
193 1724 252 1783 isto
266 1724 487 1788 sceleratorum
509 1729 674 1790 hominnm
700 1748 862 1806 concursu,
913 1727 960 1788 illi
973 1728 1110 1808 subjecto
1132 1729 1251 1790 aedibus
1264 1728 1407 1790 incendio
1422 1724 1481 1786 ulti
1494 1742 1538 1800 se,
1551 1729 1686 1802 stragem

108 1832 138 1875 sc
157 1816 355 1878 contubernio
377 1820 491 1899 triplex
507 1822 674 1902 impietatis
696 1821 775 1884 fetus
797 1842 866 1884 eru·
914 1821 1083 1882 maximam
1108 1822 1283 1882 ediderunt.
1313 1820 1373 1880 Diu
1399 1820 1504 1897 itaque
1528 1817 1562 1876 in
1584 1824 1687 1896 partes

107 1907 155 1985 pit.
181 1909 259 1969 Cum
288 1910 374 1971 enim
397 1912 435 1973 de
462 1913 576 1975 Seuero
598 1915 765 1976 sciscitatus
787 1922 866 1977 esset
914 1913 1060 1974 distracta
1074 1914 1208 1989 civitate,
1222 1913 1274 1973 alii
1294 1911 1454 1985 Goiour'toe,
1470 1909 1535 1970 sive
1552 1907 1685 1969 Phonta-

107 1998 263 2061 Monachus
284 2002 413 2080 qrsidum
424 2003 448 2077 ',
463 2023 504 2065 au
523 2004 636 2066 Christi
655 2007 781 2067 Domini
797 2026 865 2069 cor·
913 2009 1035 2080 ciostoe3
1064 2006 1118 2067 alii
1140 2004 1363 2076 Theodosium,
1390 2002 1446 2081 qui
1473 2006 1504 2062 et
1527 1998 1686 2079 Corrupti-

107 2093 733 2179 puscomptidilefuissetanrorruptrom's
747 2119 863 2181 erpere,
915 2097 1006 2169 coice,
1042 2090 1188 2176 deinceps
1222 2096 1376 2156 nominati
1408 2098 1492 2155 sunt.
1526 2093 1686 2153 Postremo

106 2182 152 2243 ille
175 2187 374 2265 corruptibile
397 2207 417 2249 a
443 2190 563 2251 Sanctis
590 2191 733 2252 Patribus
757 2193 866 2255 haberi
915 2189 1106 2250 Theodosius
1134 2188 1242 2268 populi
1276 2184 1480 2247 seditionibus
1503 2183 1685 2259 exagitatus,

107 2277 264 2355 respondit.
283 2280 348 2339 lloc
374 2281 496 2355 audito,
521 2283 664 2343 nonnulli
683 2284 864 2345 Alexandri·
914 2279 1212 2359 Constantinopolim
1226 2280 1266 2340 ad
1278 2278 1474 2339 Theodoram
1496 2277 1563 2355 ejus
1587 2274 1687 2335 accitu

109 2383 214 2427 norum
230 2370 384 2432 talianum
412 2373 709 2435 Halicarnassensem
737 2376 866 2437 interro
914 2373 1079 2452 proiectus,
1097 2373 1180 2450 quod
1195 2371 1228 2432 in
1242 2370 1396 2432 sententia
1409 2373 1631 2449 perseueraret,
1647 2365 1687 2426 ab

106 2467 212 2537 garum
224 2462 294 2540 quid
308 2464 374 2543 ipse
388 2466 526 2526 sentiret.
543 2466 599 2527 Hic
619 2467 746 2528 Sanctus
761 2469 866 2530 Patres
914 2465 1093 2524 iustiniano
1104 2465 1143 2525 ad
1157 2470 1278 2525 matum
1291 2463 1331 2522 ab
1346 2461 1429 2523 Urbe
1453 2460 1586 2520 milliare
1607 2458 1685 2519 rele-

106 2554 288 2614 econtrario
320 2555 551 2635 [incorruptibile
577 2576 752 2620 asseverare
774 2561 862 2639 dixit,
914 2562 1004 2635 gatus
1018 2562 1074 2617 est.
1091 2558 1133 2617 De
1148 2555 1369 2617 Theodosianis
1389 2558 1421 2614 et
1445 2551 1592 2613 Gaianitis
1605 2568 1688 2629 quae-

106 2640 209 2705 muse
232 2645 366 2707 scintilla
388 2664 540 2727 magnum
565 2651 665 2710 subito
687 2651 866 2713 incendium
914 2649 987 2710 dam
1000 2648 1080 2709 scitu
1094 2649 1189 2728 digua
1213 2649 1307 2710 refert
1334 2666 1373 2708 ex
1399 2644 1528 2725 Eulogio
1556 2643 1687 2705 Photius

105 2735 209 2796 exstitit
236 2755 243 2795 :
270 2743 403 2818 utroque
432 2758 522 2800 suam
544 2742 724 2821 opinionem
752 2762 867 2823 propu-
914 2742 1017 2803 codice
1037 2743 1108 2803 227.

105 2830 220 2903 gnante,
235 2847 272 2889 ac
284 2829 407 2909 scriptis
425 2831 554 2894 alteram
580 2833 758 2896 lacessente.
786 2836 866 2896 ilinc
954 2834 1032 2894 Xlll.
1050 2834 1149 2894 Porro
1162 2833 1357 2894 lastinianus
1373 2829 1606 2891 Catholicorum
1614 2844 1686 2905 par·

7 2920 89 3015 ¹:2²·
107 2916 392 3000 tempestatum,
409 2929 439 2983 et
454 2923 754 3005 Incorruptr'rotorom
765 2934 866 2989 enatae
915 2930 972 3000 tes,
984 2931 1015 2985 et
1029 2926 1314 2986 chalcedonensem
1328 2919 1575 3001 amplectebatur
1593 2936 1686 2996 syno-

6 3028 85 3079 -ruc
108 3015 169 3069 sunt
194 3020 295 3073 sectae.
324 3014 468 3075 hlouebat
493 3016 552 3077 hos
565 3018 759 3097 potissimum
783 3020 866 3081 istud
916 3017 991 3078 dum
1008 3037 1015 3077 :
1031 3018 1193 3078 Theodora
1217 3033 1290 3076 vero
1316 3013 1423 3076 Severi
1446 3013 1560 3090 dogma
1581 3009 1689 3070 tueba-

19 3079 60 3123 '¹²
109 3106 329 3178 argumentum,
352 3106 390 3163 ut
416 3104 522 3165 scribit
543 3106 701 3182 Leontius,
730 3109 813 3186 quod
840 3109 866 3169 si
914 3114 977 3170 tur.
994 3109 1085 3183 Quod
1106 3109 1232 3187 quidem
1260 3107 1369 3168 ambos
1392 3124 1431 3167 ex
1453 3103 1623 3183 composito
1649 3101 1690 3163 fe·

109 3192 317 3271 corruptibilem
332 3195 445 3256 Christi
459 3214 585 3258 carnem
598 3198 722 3275 dixeris,
731 3200 798 3278 jam
807 3201 867 3262 hoc
915 3201 992 3261 cisse
1015 3201 1182 3281 Procopius
1196 3202 1230 3260 iu
1253 3202 1371 3260 Arcano
1394 3196 1518 3259 turon
1539 3195 1689 3275 scriptum

110 3282 167 3360 ipso
190 3285 265 3346 duas
285 3285 320 3345 in
347 3286 466 3348 Christo
493 3295 621 3350 naturas
647 3309 714 3352 esse
740 3292 865 3369 fateare,
915 3292 1055 3370 reliquit,
1075 3310 1143 3352 rem
1163 3294 1197 3352 in
1220 3292 1315 3352 dubio
1335 3289 1485 3368 relinquit
1505 3284 1685 3365 Euagrius&

110 3391 192 3436 unam
204 3377 430 3457 incorruptam,
445 3381 574 3442 alteram
586 3385 795 3463 corruptionis
814 3404 865 3447 ca-
915 3384 1086 3444 'l'heodorcc
1115 3385 1213 3443 accitu
1225 3382 1248 3456 ⁸,
1274 3379 1577 3459 Constantinopolim
1603 3375 1689 3438 venit

107 3483 214 3545 pacem
238 3470 321 3531 Huic
342 3471 474 3533 Severm
492 3475 683 3547 occurrebat,
708 3477 867 3538 nihilomi-
918 3475 1062 3549 SeveruS,
1084 3492 1155 3536 cum
1183 3475 1212 3535 ei
1237 3474 1310 3534 urbi
1334 3477 1480 3554 praeesset
1508 3470 1686 3543 huthimus,

108 3575 161 3619 aus
183 3579 322 3623 asserem
349 3581 439 3642 posse
473 3572 593 3628 natura
619 3567 867 3646 singularitatem
915 3567 1142 3646 Trapezuntina
1170 3584 1208 3627 ex
1238 3566 1309 3627 sede
1338 3565 1372 3624 in
1401 3564 1488 3624 illam
1521 3561 1688 3623 translatus

106 3651 225 3729 adsum,
239 3655 297 3714 etsi
312 3657 506 3735 corruptioni
519 3677 646 3719 carnem
660 3660 813 3738 subjicias.
916 3676 1000 3720 anno
1027 3662 1097 3736 535,
1123 3656 1301 3720 Ju'stiniano
1320 3653 1520 3736 imperante⁸.
1550 3655 1688 3733 Cumque

140 3743 204 3805 xtt.
219 3747 324 3807 Tertia
347 3748 459 3809 exinde
479 3750 643 3828 pullulavit
656 3753 868 3830 Agnostarum
916 3757 1071 3834 agapetus
1105 3751 1245 3813 Pontifex
1278 3750 1437 3810 Romanus
1465 3765 1548 3807 anno
1578 3746 1689 3806 codem

107 3835 200 3898 factio.
215 3839 416 3900 Timotheum
429 3843 515 3902 enim
529 3843 776 3905 alexandrinum
790 3846 868 3924 epis
916 3843 1214 3925 Constantinopolim
1232 3838 1385 3913 adiisset⁷,
1415 3839 1600 3899 anthimum
1626 3836 1689 3897 hac·

107 3945 220 4007 capum,
251 3932 319 4009 qui,
334 3938 370 3992 ut
391 3932 486 3994 refert
503 3934 676 4011 Liberatus,
698 3936 733 3996 in
761 3936 867 3997 Severi
916 3938 993 4000 resis
1005 3936 1181 3998 convictum
1195 3933 1354 4012 deposuit,
1369 3930 1578 4009 nequicquam
1590 3927 1689 3988 obsis·

107 4023 283 4083 mutiam
305 4030 371 4084 crat
388 4026 580 4104 propensior,
597 4031 633 4087 ut
646 4033 751 4088 autom
771 4030 868 4090 Leon·
917 4037 1000 4092 sente
1022 4028 1200 4100 Theodora;
1215 4043 1252 4099 ec
1272 4026 1419 4085 Mennem
1443 4021 1473 4081 ei
1497 4019 1687 4097 subrogarit.

107 4111 316 4187 tusuffirmat,
341 4117 543 4193 modohuuc,
559 4119 652 4180 modo
666 4119 799 4181 alterum
823 4139 868 4182 se·
919 4127 1033 4185 Auctor
1061 4125 1106 4180 est
1140 4114 1322 4193 sisagriam,
1353 4114 1504 4174 Severum
1540 4110 1688 4172 Authimo

9 4216 82 4268 m
109 4205 269 4283 quamtum
285 4208 685 4287 interrogavit‘lhemistius
696 4212 866 4289 Diaconus,
916 4213 1113 4294 persuasisse,
1143 4215 1179 4270 ut
1218 4207 1362 4269 haeresim
1389 4223 1478 4266 suem
1511 4204 1689 4283 episcopatu

109 4312 143 4355 an
163 4305 194 4359 et
214 4299 374 4378 ignorasse
394 4300 498 4378 aliqua
525 4301 680 4363 Christum
707 4308 869 4367 consenta-
918 4301 1262 4381 Constantinopolitano
1277 4300 1429 4379 potiorem
1439 4299 1575 4369 duceret,
1590 4312 1689 4373 eoque

109 4404 192 4451 auam
206 4393 299 4464 esset,
314 4391 340 4450 si
365 4391 493 4470 quidem
519 4393 710 4472 comuptioni
727 4393 786 4455 fuit
810 4396 866 4456 ob·
917 4397 1048 4459 cederet.

109 4482 218 4543 soritas.
248 4483 388 4561 Negante
413 4482 478 4560 illo,
504 4485 693 4545 Themistius
725 4486 766 4547 ab
801 4486 868 4565 ejus
957 4489 1080 4549 Mortuo
1090 4486 1156 4565 jam
1170 4481 1438 4563 Agapeto⁹,quem
1451 4482 1499 4541 tt).
1516 4476 1687 4551 Calhlaias,

108 4574 319 4635 communione
331 4575 491 4649 recedens,
520 4575 728 4653 ignorantiam
749 4579 868 4639 Christo
917 4599 1001 4645 anno
1016 4581 1086 4653 536,
1108 4577 1219 4638 obiisse
1246 4574 1352 4636 scribit
1373 4570 1552 4633 Anastasius
1569 4569 1604 4629 in
1623 4568 1690 4647 ejus

108 4666 305 4740 mearant
318 4666 506 4733 adscribere.
526 4673 557 4727 ct
580 4670 791 4746 agnoetarum
802 4688 867 4730 sec·
917 4673 991 4748 vita,
1015 4670 1152 4750 synodus
1179 4663 1446 4745 Constantinopoli
1467 4662 1573 4724 habita
1601 4666 1647 4722 est
1670 4679 1689 4721 a

109 4757 161 4816 lam
174 4758 324 4818 condidit.
350 4776 421 4837 quae
445 4757 484 4819 ab
511 4765 636 4821 auctore
658 4760 868 4823 Themistiane
917 4759 1405 4840 Manna,cuilegati1tomanae
1439 4755 1518 4818 sedis
1543 4752 1689 4814 interlue-

109 4845 246 4911 dictaest.
917 4860 1003 4928 runt,
1019 4860 1184 4932 cceptaque
1198 4855 1215 4911 'l
1231 4869 1307 4911 non.
1332 4851 1439 4910 Maias.
1469 4849 1507 4908 ln
1520 4845 1688 4926 quarmiis

141 4940 183 5000 Ex
199 4940 282 5016 his⁸,
298 4942 354 5019 qui
371 4942 489 5018 Severi,
500 4948 531 5003 et
543 4944 664 5004 unuani
681 4951 783 5024 partes
795 4964 868 5007 auc·
918 4946 1112 5013 clericorum,
1129 4949 1161 5005 et
1178 4943 1405 5004 monachorum
1424 4941 1461 5001 de
1484 4940 1610 5010 Severo,
1637 4938 1690 4997 Pe·

110 5029 221 5094 urica
266 5032 515 5108 substentabant,
563 5035 626 5096 duo
672 5037 869 5098 Alexandriae
917 5045 966 5099 tro
980 5037 1177 5118 Apameensi‚
1199 5037 1306 5111 Zoara,
1335 5040 1366 5095 et
1384 5032 1533 5094 Anthimo
1556 5028 1690 5108 querelis

110 5116 196 5195 fuere,
210 5123 399 5198 Theodosus,
416 5129 447 5185 ct
471 5127 621 5201 Gaienus3
640 5127 692 5188 ille
717 5128 867 5209 corrupti·
918 5131 1060 5209 acceptis,
1076 5130 1110 5189 hi
1123 5146 1232 5188 omnes
1244 5123 1502 5188 excommunicati
1517 5125 1599 5182 sunt.
1616 5120 1689 5179 Post

112 5207 180 5288 hle·
191 5214 241 5277 hic
253 5216 461 5296 inemptum
476 5218 586 5281 Christi
606 5237 718 5300 corpus
729 5238 866 5282 asseren-
918 5222 1018 5282 edicto
1031 5219 1198 5281 iustiniani
1205 5217 1400 5298 imperatoris
1413 5211 1578 5292 relegeti¹⁰,
1591 5214 1624 5271 et
1636 5226 1688 5268 eo·

134 5386 145 5428 f
158 5391 222 5446 Bssg.
234 5392 265 5437 ts.
274 5405 296 5437 c.
307 5393 387 5439 arei
396 5393 465 5438 hiber.
477 5407 496 5439 t.
508 5396 603 5440 ιιι-3
617 5397 692 5440 boant.
705 5405 749 5444 set.
760 5410 782 5445 r.
792 5400 872 5456 Bothy.
885 5398 937 5443 Pru.
952 5400 987 5443 tit.
1000 5398 1095 5442 ιιι-4
1109 5397 1159 5442 att.
1173 5397 1209 5447 tv,
1219 5407 1239 5439 o.
1250 5393 1320 5439 1.-c
1332 5392 1401 5446 ttrag.
1417 5390 1447 5433 lh.
1457 5396 1479 5432 et
1490 5400 1510 5432 c.
1523 5399 1553 5435 rr.
1564 5394 1587 5429 at
1596 5385 1688 5440 Nlfflllh·

112 5448 127 5493 Ι.
138 5449 197 5501 rur.
207 5465 227 5497 e.
237 5455 336 5499 rrn.-d
349 5454 396 5499 tra.
404 5468 464 5505 car:
474 5456 550 5512 Nicen.
561 5460 577 5501 t.
589 5458 654 5510 xvir,
666 5463 773 5505 cun-'i
787 5462 859 5505 Lthsr.
867 5474 887 5507 c.
897 5472 931 5504 ιιι
938 5463 990 5516 syn.
1000 5460 1073 5504 sauss.
1085 5460 1136 5505 suh.
1148 5455 1286 5502 tenua-8
1300 5455 1347 5498 tlh.
1356 5454 1392 5503 tt.
1405 5463 1453 5506 tlt·
1469 5449 1548 5493 ΧΗ)
1559 5447 1688 5503 misi&

113 5516 160 5555 ten.
169 5514 266 5559 ltCoac.
278 5516 327 5561 lite.
343 5517 359 5559 l.
371 5516 436 5569 xva,
450 5530 471 5562 c.
485 5520 574 5564 rs.-t⁰
582 5520 636 5565 Nor.
647 5533 699 5568 rrsr.
