3994 6164
355 357 414 420 ets
859 352 1184 419 incommodabit
1206 353 1423 417 melisseus

354 527 539 604 argumento
553 521 729 583 libabimus.
745 522 822 583 ilum
835 521 961 601 Sergius
976 522 1124 583 Constan-
1211 522 1280 583 Xii.
1304 520 1362 582 Hie
1378 538 1453 583 uero
1479 519 1755 582 iionntbeieturnm
1780 518 1854 580 naus
1870 528 1908 583 ssi

354 615 576 696 tinopolitanus
591 614 729 690 antistes,
744 616 791 676 uti
807 634 901 695 supra
909 612 1068 689 memini¹,
1084 614 1122 675 de
1171 611 1908 693 animadvertenda,quiambiguosensuvolrmtaics

355 707 482 768 dissidio
494 723 601 767 reeens
612 712 720 767 exorto
727 706 843 786 Cyrum
852 707 934 767 inter
947 711 979 767 et
989 704 1123 784 aspiro
1171 703 1250 781 illas,
1265 724 1343 785 quas
1362 707 1438 768 duas
1451 706 1609 786 negabunt
1631 704 1664 765 in
1701 703 1813 767 Christo
1824 702 1906 778 inissa

353 800 454 875 nium,
468 814 561 878 super
574 799 753 877 operatione
766 799 889 877 Christi,
906 798 1061 860 retulisset
1072 797 1122 864 ,ad
1171 804 1382 878 sumpserunt.
1398 799 1520 860 Etenim
1535 790 1594 857 luit
1611 796 1678 858 haec
1700 795 1818 855 iliorum
1828 811 1908 873 mens,

354 891 528 952 Honorium
538 891 775 970 papam,itaque
783 890 994 969 significasset,
1003 889 1123 951 duabus
1170 897 1206 951 ut
1217 888 1251 951 in
1262 890 1381 952 Christo
1398 891 1525 952 nonnisi
1538 890 1678 951 divinam
1698 887 1809 962 inerms
1822 887 1909 949 bunn-

352 982 385 1043 in
404 983 523 1044 Christo
547 970 654 1060 positis
681 982 923 1062 operationibus,
947 982 1123 1042 voluntates
1170 1001 1244 1045 nam
1258 983 1362 1044 deesse
1379 984 1571 1044 voluntatem
1598 983 1754 1044 docerent.
1775 980 1851 1054 Quod
1864 979 1908 1042 hac

353 1094 477 1156 quoque
500 1074 575 1155 poni
600 1074 693 1151 duas,
719 1076 890 1136 contrarias
917 1075 1062 1149 invicem,
1090 1078 1123 1135 et
1170 1075 1290 1136 ratione
1312 1081 1385 1136 sunt
1411 1076 1542 1156 probare
1569 1075 1693 1150 conatii
1710 1073 1743 1135 Si
1764 1072 1908 1134 enindus

352 1173 577 1248 repugnantes:
602 1184 635 1227 se
657 1184 732 1228 vero
752 1167 923 1231 concordiae
937 1167 1035 1246 gratia
1048 1185 1121 1227 een·
1168 1168 1343 1229 uoluntates
1361 1175 1473 1240 essent,
1490 1186 1541 1229 eas
1554 1167 1638 1229 inter
1651 1184 1683 1228 se
1693 1164 1847 1228 conneries
1857 1164 1908 1225 iore

352 1260 458 1335 suisse,
475 1278 532 1321 nec
553 1275 665 1335 unam,
685 1276 743 1319 nec
765 1260 842 1320 duas
863 1259 998 1321 notiones
1017 1258 1120 1319 nomi·
1169 1260 1313 1322 dicebant
1329 1280 1336 1321 r
1352 1259 1445 1340 idque
1458 1260 1624 1321 hominum
1634 1257 1772 1338 exemplo
1784 1260 1908 1319 monsta-

352 1354 487 1426 nandasr
523 1352 577 1413 sed
608 1369 708 1412 unum
743 1351 894 1413 duntaxat
920 1356 1118 1432 operantem:
1169 1352 1266 1417 bant:
1283 1354 1317 1414 in
1330 1352 1442 1433 quibus
1461 1353 1637 1427 innataest,
1654 1356 1685 1412 et
1699 1350 1906 1427 domestieapu·

352 1445 509 1506 Honorius
520 1443 965 1522 adesseseribens²,j11dieiam
977 1444 1070 1520 iilius,
1085 1462 1120 1506 ac
1168 1461 1242 1524 gna,
1259 1463 1354 1525 quam
1366 1444 1504 1520 agnoseit
1516 1444 1603 1519 inse,
1614 1440 1906 1524 deploratquei’aulus

351 1535 796 1610 sententismlaudavit,etita
807 1535 1120 1598 iaciendumomnino
1167 1533 1904 1617 apostolusodRomosmseribens,cepiteseptino.

351 1628 498 1691 decrevit.
514 1629 616 1690 Unam
629 1646 723 1708 porro
745 1629 938 1690 voluntatem
951 1629 984 1690 in
999 1629 1119 1690 Christo
1169 1629 1254 1692 Hanc
1269 1636 1374 1692 autem
1387 1648 1453 1693 non
1466 1630 1526 1692 alia
1540 1629 1579 1691 de
1604 1645 1698 1690 eausa
1710 1622 1775 1688 iieri
1787 1626 1818 1687 in
1836 1626 1906 1686 nobis

351 1721 506 1782 ooniesms
516 1726 572 1797 est,
583 1725 614 1781 et
622 1737 692 1780 eam
701 1720 774 1782 dieti
784 1720 832 1781 sui
840 1721 993 1783 rationem
1003 1721 1117 1797 attulil;
1168 1723 1356 1799 asserebant,
1369 1723 1429 1785 nisi
1437 1722 1520 1803 quod
1530 1722 1661 1784 diversas
1674 1719 1904 1791 suntvomitione,

180 1851 325 1900 senonens
354 1814 470 1894 «quod
499 1832 519 1874 a
547 1811 708 1874 divinitate
730 1818 842 1874 natura
871 1818 977 1875 nostra
1002 1820 1049 1874 est
1074 1828 1120 1874 es·
1167 1816 1305 1879 camales
1330 1816 1493 1889 videlicet,
1523 1830 1560 1876 ae
1574 1812 1750 1895 spirituales
1773 1808 1905 1890 tmqnod

217 1920 290 1952 seam
350 1912 492 1985 sumpta,
513 1922 578 1966 non
601 1904 712 1984 culpat
730 1904 881 1966 nimirum
899 1910 1012 1966 nature
1033 1905 1117 1984 ejus-
1167 1923 1234 1968 caro
1258 1908 1435 1990 concupiscit
1452 1906 1590 1969 educam
1607 1906 1758 1988 spiritum,
1771 1912 1796 1965 ci
1809 1902 1906 1984 spere

178 1962 312 2007 vindicatur.

350 1999 446 2073 modi,
462 1998 562 2078 qualis
576 2002 648 2058 ante
662 2002 823 2076 peecatum
837 1997 961 2058 condita
974 2003 1035 2075 est,
1051 2015 1118 2058 non
1167 1997 1302 2061 aduersus
1311 2018 1430 2062 cornea
1439 1998 1460 2062 ⁴.
1473 2020 1489 2057 o
1503 2000 1570 2074 Quo
1577 1996 1709 2062 exiente
1718 1993 1904 2078 peemtiiabes,

349 2109 419 2170 quae
440 2097 509 2171 post
534 2088 811 2169 transgressionem
824 2088 990 2170 depravata
1011 2094 1114 2151 aar.»
1167 2098 1198 2152 et
1218 2093 1393 2172 corruptele
1414 2092 1560 2154 nascitur.
1576 2093 1657 2153 Cum
1681 2091 1774 2171 igitur
1791 2091 1905 2150 consere

350 2183 499 2259 Quocirca
528 2183 685 2243 lionorius
718 2181 795 2243 duas
828 2181 1003 2243 voluntates
1032 2182 1118 2244 haud
1167 2185 1226 2246 hoe
1238 2185 1320 2247 inter
1334 2186 1525 2248 Christianos
1538 2184 1760 2263 intelligerent,
1775 2181 1904 2242 Christum

349 2274 622 2337 absoluteGhristo
636 2274 821 2354 denegavit:
836 2276 1117 2336 sedtantummodo
1167 2277 1337 2340 Dominum
1358 2296 1422 2339 non
1442 2278 1535 2339 modo
1558 2295 1625 2338 non
1652 2291 1796 2356 peccasse,
1818 2271 1904 2333 sedne

349 2369 535 2431 contrarias:
563 2367 736 2447 cujusmodi
760 2367 794 2428 in
808 2366 899 2428 nobis
920 2386 957 2428 ex
971 2373 1117 2448 corrupto
1166 2384 1292 2449 peecare
1314 2370 1442 2450 quidem
1462 2370 1611 2450 pontisse,
1638 2374 1674 2429 ut
1698 2367 1805 2447 peccati
1824 2364 1903 2427 aditus

348 2467 468 2523 naturae
495 2465 577 2522 statu
603 2461 810 2541 reperiuntur.
842 2460 966 2521 Etenim
981 2458 1117 2522 bunede
1166 2462 1493 2537 omnesobstruerent,
1514 2461 1904 2543 temperationemque

349 2552 471 2614 duabus
496 2552 707 2614 voluntatibus
730 2569 906 2614 sermonem
927 2553 968 2613 ad
994 2552 1114 2631 Sergii,
1165 2554 1361 2617 voluntatum
1375 2555 1586 2617 diversitatem
1599 2549 1901 2623 auterrescdioebant,

349 2645 437 2723 eujus
454 2645 594 2724 epistolae
614 2646 830 2723 respondebat,
849 2649 986 2706 mentem
997 2663 1117 2706 accom-
1166 2665 1206 2708 ne
1219 2647 1458 2727 repugnantiam
1472 2647 1669 2709 inducerent.
1694 2647 1740 2707 lta
1752 2643 1860 2722 &rgias
1877 2639 1903 2699 in

349 2738 494 2799 modevit.
516 2737 556 2799 At
570 2737 627 2798 iste
641 2756 705 2798 non
720 2737 900 2819 simpliciter
913 2738 990 2799 duas
1000 2737 1116 2798 volun·
1165 2739 1293 2819 epistola
1306 2738 1346 2801 ad
1359 2739 1528 2801 Honorium
1543 2741 1662 2821 Papam
1677 2739 1900 2818 argumentatum

347 2832 425 2891 tates
438 2848 503 2892 esse
518 2829 681 2909 colligebat
694 2844 733 2890 ex
753 2847 802 2905 eo,
818 2830 902 2908 quod
915 2829 1116 2891 Christoduce
1165 2831 1219 2893 ubi
1242 2832 1319 2893 duas
1346 2850 1378 2894 se
1405 2850 1519 2912 negare
1548 2831 1593 2893 ait
1619 2830 1814 2911 operationes,
1836 2820 1900 2905 quod

219 2958 224 2968 ·
347 2923 531 2985 tribuuntur
544 2923 758 3004 operationes:
776 2924 829 2984 sed
843 2923 921 2983 dues
935 2922 1112 2984 contrarias.
1171 2925 1285 2986 «exiis
1298 2941 1489 3005 consequens
1502 2924 1541 2985 sit
1555 2924 1635 2985 duas
1648 2938 1807 3003 agnoscere
1816 2917 1902 2980 volun·

348 3016 395 3077 ita
409 3017 493 3078 enim
513 3016 736 3077 catholicorum
755 3015 941 3077 sententiam
964 3013 1115 3077 invidiose
1162 3021 1241 3078 tates
1249 3018 1331 3078 inter
1338 3035 1370 3078 se
1379 3016 1547 3079 conbarias
1562 3014 1799 3096 :tanquamiieo
1818 3006 1901 3070 Verbo

346 3109 486 3169 solebant
500 3125 655 3185 exponere
682 3108 918 3171 itionotheletes:
941 3109 1030 3187 quasi
1049 3125 1115 3170 non
1164 3104 1901 3189 volentesalutaremimpierlpassionemthumane

345 3201 435 3261 aliter
444 3199 557 3261 divina
571 3199 723 3261 voluntati
744 3199 858 3260 Christi
869 3199 1008 3261 humana
1020 3201 1116 3280 possit
1163 3219 1247 3277 vero,
1265 3220 1334 3281 qua
1349 3202 1381 3264 in
1395 3201 1463 3282 ipso
1477 3201 1590 3279 inerat,
1605 3206 1716 3263 natura
1729 3198 1806 3259 iliius
1823 3191 1901 3255 obsie

345 3292 483 3372 adjungi,
510 3310 605 3372 quam
619 3299 655 3353 ut
676 3292 743 3353 haeo
763 3292 829 3372 ipsa
851 3292 992 3369 earnalis,
1008 3311 1115 3372 pecca-
1163 3300 1258 3370 terrie,
1274 3313 1310 3356 ac
1326 3298 1521 3374 repugnante
1538 3294 1693 3356 voluntati
1709 3288 1900 3366 :indidemque

344 3384 470 3466 trixque
484 3385 532 3446 sit.
555 3384 825 3460 Quemadmodum
838 3385 991 3447 Macarius
1004 3385 1113 3446 Antio·
1164 3387 1318 3448 contraria
1343 3388 1480 3448 volentes
1507 3387 1616 3448 induci
1641 3386 1719 3448 duos
1742 3402 1750 3444 ;
1772 3379 1845 3462 quod
1866 3377 1901 3437 eti

345 3477 462 3539 chenus
471 3476 727 3538 obstinatissimus
737 3477 862 3539 haeresis
875 3477 959 3538 illius
973 3477 1113 3540 defensor
1161 3478 1382 3559 impiumNon
1392 3481 1475 3541 enim
1484 3470 1899 3560 fieripotestinunoetcodem

316 3631 320 3639 ,
344 3569 561 3632 demonstrati:
581 3571 635 3650 qui
651 3571 791 3632 humana
804 3571 938 3632 remisse
953 3570 1114 3633 voluntate
1162 3572 1297 3650 subjecto
1311 3572 1387 3633 duas
1400 3571 1505 3647 simul,
1520 3577 1551 3633 et
1566 3570 1651 3633 eirca
1660 3571 1742 3632 idem
1754 3566 1899 3629 voluntates

343 3663 497 3725 Christum
511 3663 570 3724 hoe
581 3668 765 3741 argumento
779 3663 900 3742 prohat,
917 3663 991 3742 quia
1004 3682 1114 3725 earna-
1163 3662 1515 3726 analemmatorum
1532 3663 1698 3726 haereticus
1721 3663 1774 3723 iste
1795 3651 1899 3719 subdole

342 3754 423 3817 libus
432 3754 657 3828 voluntatibus,
672 3760 703 3816 et
713 3755 952 3835 cogitationibus
966 3756 1113 3818 humanis
1162 3757 1379 3819 controversiae
1394 3761 1509 3818 statum
1523 3754 1584 3816 elio
1598 3754 1765 3829 transtulit,
1777 3746 1899 3813 etvoinn·

343 3849 458 3924 oaruit;
486 3847 621 3929 (peccato
643 3847 756 3909 scilicet
769 3847 901 3924 iniectis,
924 3852 955 3908 et
975 3847 1014 3908 ab
1029 3856 1113 3910 reeta
1161 3854 1239 3911 tates
1262 3850 1330 3911 ilias
1356 3850 1444 3924 duas,
1474 3864 1611 3928 quarum
1631 3847 1806 3910 invidiosam
1823 3854 1897 3919 repu-

343 3942 462 4003 ratione
496 3937 736 4021 dissidentibus.)
765 3940 830 4001 iioe
854 3940 948 4001 modo
971 3940 1112 4002 catholici
1161 3941 1320 4018 gnantiam
1329 3941 1367 4002 ad
1376 3942 1490 4020 dogma
1501 3957 1595 4002 sunm
1605 3939 1795 4021 probandum
1803 3944 1898 3994 amem

342 4034 516 4113 complures
529 4033 627 4094 sancti
641 4037 672 4094 et
685 4032 884 4100 eruditiviri,
898 4032 952 4111 qui
966 4032 1112 4111 perillud
1161 4034 1321 4111 modavit,
1357 4052 1422 4095 non
1457 4033 1596 4112 ejusdem
1631 4050 1703 4094 oum
1733 4030 1768 4091 iis
1798 4020 1897 4106 generi!

340 4130 465 4202 tempus
492 4126 675 4201 ssoruenrnt,
690 4124 865 4187 Honorium
879 4130 1026 4186 excusant
1044 4145 1051 4187 ι
1076 4130 1112 4186 ut
1160 4127 1327 4194 constituit.
1343 4144 1420 4206 quas
1438 4126 1471 4187 in
1486 4144 1542 4187 suo
1565 4126 1709 4207 dogmate
1729 4115 1894 4204 pretenta·

341 4218 495 4279 Maximus
502 4222 621 4297 martyr
635 4217 668 4279 in
682 4217 882 4297 disputatione
893 4236 959 4279 cum
968 4216 1108 4300 Pyr-riso:
1160 4220 1279 4300 Quippe
1297 4219 1368 4280 due
1381 4219 1557 4281 voluntates
1579 4218 1652 4296 iiia,
1668 4233 1742 4298 quas
1762 4207 1895 4276 termes

340 4314 371 4371 et
383 4310 519 4372 ioannes
531 4309 577 4371 Vl
593 4309 647 4389 qui
661 4309 756 4390 paulo
770 4317 839 4390 post
854 4316 988 4371 mortem
1002 4311 1108 4371 Hono·
1161 4312 1282 4373 Christo
1307 4310 1440 4385 volebat,
1456 4312 1596 4373 bumana
1609 4314 1726 4372 suntet
1744 4304 1853 4375 divinu3
1865 4310 1895 4356 ⁰1

339 4401 409 4479 rii⁸,
434 4404 607 4465 Romanam
626 4403 731 4463 sedem
758 4402 877 4480 tenuit,
906 4403 940 4462 in
967 4402 1105 4482 epistola,
1159 4404 1364 4485 quibusbane
1380 4404 1478 4465 solam
1490 4403 1706 4483 relinquebam
1721 4414 1791 4480 quas
1811 4396 1894 4455 annm

339 4512 434 4575 quam
447 4496 480 4556 in
494 4494 560 4573 ejus
568 4494 778 4556 defensionem
787 4495 906 4575 scripsit
915 4495 953 4555 ed
963 4495 1108 4557 Constan-
1158 4495 1194 4555 in
1207 4493 1385 4574 exemplum
1398 4492 1501 4579 attulit
1512 4497 1578 4553 tam
1591 4489 1768 4553 hominibus
1785 4484 1892 4547 innuen

338 4586 440 4647 tinum
455 4587 676 4666 imperatorem
697 4587 830 4648 Heraclii
848 4587 965 4664 iiiium,
983 4589 1104 4667 eodem,
1158 4604 1291 4668 vereque
1304 4586 1387 4647 inter
1400 4604 1433 4647 se
1446 4591 1631 4666 pugnantes,
1644 4600 1737 4664 quem
1750 4570 1893 4641 memte

339 4696 401 4757 quo
415 4678 571 4740 Heraclius
583 4684 726 4740 mortuus
740 4686 785 4741 est
799 4699 894 4743 anno.
1157 4698 1223 4742 non
1240 4678 1352 4761 reipsa,
1365 4679 1419 4741 scd
1433 4678 1614 4760 inspeciem
1628 4677 1772 4739 duntaxat
1792 4668 1892 4731 coum·

373 4847 394 4891 ιι
412 4832 519 4889 Horon.
528 4827 600 4886 Ὀθιι
611 4832 652 4887 sai
660 4833 686 4887 tv
695 4824 1105 4907 natantianatantia
1194 4850 1210 4892 e
1227 4835 1308 4891 Sese.
1325 4833 1355 4895 iu
1372 4834 1443 4906 sps.
1459 4837 1514 4891 aet.
1530 4847 1577 4889 ιιι.
1605 4828 1681 4888 Ἀλλὰ
1692 4826 1738 4902 γὰρ
1760 4823 1796 4881 tsi
1813 4816 1891 4877 inii*

343 4908 428 4985 Ἰησοῦ
438 4916 552 4987 Χριστοῦ·
568 4912 647 4985 ἐπειδὴ
660 4917 789 4988 προδήλως
801 4915 850 4971 ὑπὸ
864 4921 907 4984 τῆς
918 4914 1032 4987 θεότητος
1044 4937 1105 4991 προ·
1155 4919 1230 4993 ταύτῃ
1257 4917 1286 4972 τὸ
1312 4917 1354 4973 καὶ
1376 4917 1419 4975 tto
1439 4916 1578 4989 spetiosa
1595 4900 1892 4988 interstetisset<

336 4999 443 5070 σιλήφθη
457 4995 588 5071 ὴῆματέρα
601 4998 679 5069 φύσις,
694 4998 744 5072 αὗχ
757 4996 863 5072 ἁμαρτία
873 4998 897 5052 ἐν
908 4996 995 5072 ἐκείνῃ·
1011 5000 1104 5071 δηλαδὴ
1157 5001 1254 5069 ἄλληλα
1274 4999 1373 5074 ἔχοντα·
1397 4999 1430 5063 ὡς
1457 5004 1501 5052 τοῦ
1524 4998 1567 5072 μὲν
1590 4999 1645 5053 θεοῦ
1669 4997 1741 5069 λόγου
1753 4991 1780 5047 τὸ
1791 4980 1891 5055 alstidi*ov

335 5078 434 5154 ἡφύσις
446 5081 462 5150 t
476 5082 523 5155 ape
543 5086 586 5151 τῆς
606 5077 727 5156 &pepticas
749 5084 881 5149 κτισθεῖσα,
897 5083 973 5156 eigil
994 5102 1029 5146 τις
1042 5076 1104 5156 perd
1155 5085 1268 5148 θέλοντος
1282 5082 1465 5158 ἔκαληρωθῆναι
1477 5082 1562 5150 πάθος,
1577 5082 1620 5153 τῆς
1632 5081 1658 5136 δὲ
1670 5078 1722 5134 κατ’
1735 5075 1801 5130 αὐτὸ*
1817 5069 1891 5139 &dpe-

335 5165 379 5234 τὴν
394 5164 529 5237 παράὸασιν
543 5164 641 5238 ἐφθάρη.
1154 5170 1259 5237 strator
1272 5166 1460 5234 ἀντιπιστσὺσης
1473 5170 1510 5243 τῷ
1519 5164 1592 5221 αὐτοῦ
1605 5164 1727 5238 θελήματι,
1740 5158 1778 5213 scd
1790 5153 1889 5209 tresso-

371 5249 387 5305 b
408 5250 513 5307 Micia.
534 5254 589 5305 ael.
614 5264 662 5304 tiit
691 5264 737 5305 sex
756 5264 818 5319 syn.
845 5245 936 5321 ‘lipare
951 5248 1102 5321 ἀνθρώπινον
1155 5251 1238 5324 μένης,
1252 5251 1293 5304 καὶ
1307 5248 1372 5303 ἔνθεν
1387 5249 1430 5303 tto
1444 5251 1500 5311 τοὺς
1514 5240 1629 5303 τάναντία
1642 5247 1751 5306 θέλοντας
1767 5231 1889 5307 ἀσίτων

335 5331 429 5405 θέλημα
452 5330 490 5387 ἐπὶ
502 5325 546 5385 τοῦ
559 5332 663 5404 Χριστοῦ
675 5329 704 5385 οὗ
715 5331 829 5404 λεγόμεν,
854 5333 916 5387 θεῖον
930 5333 956 5388 el
970 5333 1020 5391 sei.
1043 5334 1103 5408 δίχα
1153 5330 1213 5407 ὅπερ
1232 5334 1352 5396 ematis.
1369 5333 1486 5389 ἀδύνατον
1508 5331 1556 5407 γὰρ
1573 5331 1617 5403 tvl,
1631 5331 1671 5387 sai
1691 5332 1725 5400 τῷ
1740 5323 1801 5395 vitii
1810 5317 1888 5373 (Μ’

334 5413 381 5486 γὰρ
395 5421 516 5488 σαρκικῶν
523 5415 678 5487 θιλημίιυι,
688 5413 863 5488 ιιαὶὶαγισμῶν
870 5415 1100 5489 eremitatem.
1153 5418 1221 5490 pivs)
1231 5416 1275 5473 tto
1289 5418 1351 5490 dp«,
1360 5414 1473 5475 καὶκατὰ
1483 5414 1572 5475 reduit
1585 5410 1713 5489 Μαι
1720 5406 1837 5478 &didimi

361 5544 372 5590 i
386 5545 439 5600 cap.
453 5550 496 5598 air,
508 5543 576 5600 st·
588 5544 603 5589 i
616 5544 674 5591 tion.
684 5544 708 5591 in
719 5547 762 5591 sot.
774 5552 813 5591 nrt
827 5555 876 5602 syn.
886 5556 958 5591 sen-01·
968 5546 983 5591 t
995 5543 1022 5591 in
1030 5546 1085 5593 doit.
1099 5544 1229 5592 Arest-t
1242 5547 1290 5593 dot
1304 5556 1326 5597 ι,
1340 5544 1375 5593 tt.
