4078 6162
300 319 359 381 444
825 321 1149 388 THEOICGICORUM
1170 324 1387 389 manatura

299 484 548 567 compositionem,
565 493 620 548 aut
632 487 835 568 compositione
856 487 967 551 iseum
985 508 1067 553 asse·
1116 490 1201 552 enim
1229 489 1400 553 substantia
1425 491 1516 565 foret,
1540 490 1630 552 fieret
1656 489 1825 552 messario
1844 507 1878 551 er

298 578 650 660 runt,oompositomesse
660 585 729 642 tum
736 579 928 660 hypostasim
937 583 1065 656 Christi3
1116 582 1238 644 duabus
1253 583 1382 660 naturis,
1399 584 1463 645 sive
1477 582 1665 657 substantiis,
1679 599 1744 643 non
1757 598 1797 642 ex
1808 582 1880 647 sosi-

298 677 378 746 tum,
398 671 483 750 quod
503 670 586 732 idem
604 677 662 745 est,
682 672 837 735 Christum
855 674 958 754 ipsum
972 675 1066 754 signi·
1116 675 1214 752 denti,
1237 675 1290 737 md
1311 675 1516 752 substantive,
1540 694 1597 755 per
1620 692 1712 754 seque
1735 673 1880 754 eapulatis

298 762 411 824 fleant:
429 764 698 837 Quemadmodum
710 768 742 826 et
751 766 805 844 qui
813 766 970 829 Christum
978 768 1068 830 aiunt
1116 785 1217 828 uniam
1228 767 1355 847 aliquod
1368 768 1587 847 compositum.

298 873 363 917 esse
382 862 510 918 naturas
532 857 618 930 duas,
639 858 703 919 sive
722 871 921 943 suosmetipsos,
943 861 1003 923 boo
1023 868 1069 924 est
1155 860 1329 922 Maxentius
1342 861 1418 923 item
1433 860 1516 922 Petri
1528 859 1650 921 diaconi
1665 857 1764 920 sosius
1782 858 1816 919 ia
1836 875 1880 919 se·

298 947 394 1025 emto,
423 949 598 1028 exquibus
624 957 764 1015 sonent:
791 959 826 1014 ut
846 954 1065 1017 etheredum.
1116 952 1217 1014 eundo
1243 953 1364 1029 dialogo
1377 951 1400 1025 ⁸,
1427 952 1611 1027 «Quamvis
1636 968 1676 1012 ex
1702 949 1881 1027 divinitate,

298 1040 358 1114 Qui
376 1041 408 1102 in
431 1047 565 1103 mactatu
584 1042 678 1105 etiam
695 1043 730 1105 de
750 1065 807 1107 uno
824 1045 951 1120 Christo,
965 1047 1066 1109 haere·
1114 1044 1226 1125 inquit,
1243 1051 1275 1106 et
1286 1045 1479 1107 humanitate
1499 1045 1598 1106 Deum
1615 1049 1759 1105 nostrum
1777 1042 1882 1103 tasum

298 1132 374 1195 tioos
388 1134 542 1214 queritur,
558 1137 1064 1219 «prounitate,eteompositione,
1115 1136 1271 1199 Christum
1293 1137 1511 1218 compositum,
1534 1137 1598 1198 sive
1616 1135 1743 1197 unitum
1756 1151 1823 1195 esse
1839 1133 1882 1195 is·

297 1224 395 1287 solam
418 1227 629 1307 operationem
642 1230 814 1293 humanam
827 1230 1002 1293 adnisuros
1023 1251 1062 1292 :s
1114 1236 1247 1303 mamus,
1269 1230 1481 1292 confusionem
1502 1234 1609 1291 tamen
1631 1233 1817 1289 naturarum
1836 1244 1884 1306 pe·

297 1336 391 1397 quem
404 1319 509 1381 losum
522 1320 595 1382 eitat
615 1322 723 1383 Petrus
746 1323 894 1384 diaeonm
911 1340 950 1384 ex
969 1323 1065 1384 Atha·
1115 1323 1201 1384 nitus
1220 1322 1403 1402 refugimus,
1422 1323 1498 1402 quia
1516 1328 1665 1401 utrasque
1678 1325 1808 1381 naturas
1821 1336 1883 1379 ars·

297 1411 406 1473 nasio:
422 1412 460 1474 de
474 1431 537 1493 quo
552 1418 660 1476 tamen
672 1415 813 1477 dubitare
832 1416 1010 1477 medixian
1024 1415 1064 1478 ab
1114 1415 1219 1477 dimus
1252 1432 1379 1477 manere
1413 1414 1573 1496 periectas.
1615 1434 1631 1472 ν
1669 1413 1778 1491 Pergit
1813 1428 1882 1471 uero

296 1502 350 1564 illo
371 1503 410 1563 sit
422 1504 565 1584 scriptus.
1115 1508 1260 1587 deinoeps
1272 1508 1311 1569 de
1324 1507 1548 1587 compositione
1557 1507 1617 1567 ista
1627 1503 1771 1585 pluribus
1783 1504 1884 1584 dispu-

336 1596 416 1657 Tum
439 1597 494 1677 qui
518 1598 626 1660 dieunt
645 1616 683 1660 ex
701 1599 832 1675 duabus,
856 1607 887 1662 et
900 1600 932 1661 in
946 1599 1066 1662 duabus
1114 1605 1192 1675 tare,
1207 1599 1245 1661 de
1259 1600 1372 1679 quibus
1384 1600 1487 1660 dieam
1499 1605 1618 1679 postea.

296 1688 416 1749 naturis
431 1689 590 1751 Christum
604 1690 769 1753 subsistere
781 1691 821 1754 de
834 1692 948 1772 quibus
961 1698 1065 1755 aetum
1154 1693 1311 1754 Postremo
1326 1692 1515 1753 Novatianus
1527 1691 1562 1751 in
1580 1690 1660 1750 libro
1673 1687 1709 1751 de
1724 1687 1883 1764 Trins'tuts,

297 1780 484 1860 estsupra'.
1113 1784 1435 1865 pauloantelaudatus
1444 1779 1884 1845 assentitur⁸zdumeristum

336 1873 406 1935 Vll.
428 1873 539 1936 Petrus
553 1875 703 1937 diaeonus
715 1873 748 1937 in
762 1876 843 1938 libro
863 1878 899 1938 de
916 1876 1064 1939 laeuone·
1114 1895 1153 1940 ex
1170 1877 1290 1939 duabus
1313 1875 1433 1938 naturis
1449 1880 1669 1948 aoontextum,
1693 1878 1790 1952 atque
1815 1889 1884 1933 eon·

296 1965 383 2043 tione,
404 1966 459 2046 qui
478 1972 524 2028 est
546 1968 629 2029 inter
648 1985 743 2048 opera
766 1968 931 2048 Fulgentii,
950 1989 966 2028 ο
984 1970 1065 2032 Hine
1113 1976 1233 2032 eretum
1253 1970 1306 2043 ait,
1326 1974 1357 2030 et
1375 1969 1409 2028 in
1432 1966 1593 2047 utriusque
1616 1963 1794 2028 substantiae
1816 1981 1885 2026 eon-

296 2058 401 2133 etiam,
416 2058 472 2135 ait,
492 2060 639 2121 asanotis
651 2060 798 2121 Patribus
817 2061 1005 2122 adunatione
1026 2080 1065 2123 ex
1113 2063 1227 2134 cordia,
1239 2060 1480 2123 confibulatione
1489 2061 1648 2121 sooiatnm.
1666 2079 1679 2115 ν

295 2150 468 2222 divinitate,
493 2158 525 2213 et
547 2152 740 2214 humanitate
762 2152 902 2214 Christus
914 2154 1065 2215 Dominus
1153 2148 1885 2232 VillNonminuseompositumesseChristum

295 2244 612 2324 nostereompositus
631 2245 827 2325 praeditatur.
851 2245 940 2319 Quod
954 2245 1064 2309 nolens
1113 2246 1271 2309 declarant
1283 2245 1404 2325 antiqui
1415 2244 1476 2320 illi,
1495 2247 1551 2324 qui
1563 2261 1637 2304 eum
1655 2241 1821 2324 gotthum,
1837 2240 1885 2302 rel

239 2386 243 2393 ,
297 2334 411 2396 Paulus
423 2337 642 2399 Samosatenus
651 2337 790 2399 confiteri
799 2338 963 2399 damnatus
972 2343 1018 2399 est
1026 2341 1064 2400 ab
1112 2338 1265 2419 duplicem
1279 2354 1344 2398 esse
1364 2337 1483 2410 dieunt,
1497 2342 1535 2397 ut
1550 2334 1705 2415 imprimis
1718 2333 1886 2412 Gregorius
2023 2340 2024 2431 4

294 2426 487 2490 Antiocheno
514 2429 662 2503 coneilio,
686 2429 858 2492 Malebione
885 2430 1065 2511 presbytero
1113 2432 1321 2493 Nazianzenus
1348 2429 1488 2490 amnone
1513 2430 1649 2490 meando
1667 2425 1704 2488 de
1718 2425 1800 2487 Filio
1812 2423 1835 2501 ⁵,
1858 2431 1886 2487 et

295 2517 435 2597 ejusdem
447 2521 794 2584 Antiochenaseaolesiae
807 2523 941 2602 vir-oper
959 2523 1066 2584 omnia
1113 2519 1282 2582 inXXVlll
1299 2516 1336 2579 ds
1351 2513 1887 2596 Noe1·oitate,quian0nappdtn
1913 2519 2000 2573 m

295 2610 520 2689 eruditissimo,
543 2619 574 2675 et
600 2612 640 2675 ab
664 2614 816 2675 universis
838 2614 1063 2693 sacerdotibus,
1113 2613 1236 2694 ipsum:
1257 2628 1358 2689 eoque
1380 2608 1559 2671 testimonio
1579 2607 1773 2670 Theorianus
1785 2607 1891 2669 utitrrr.

295 2704 351 2783 qui
379 2710 486 2765 eontra
510 2706 656 2767 eumdem
683 2705 817 2769 Paulum
844 2713 1063 2784 convenerant,
1113 2706 1147 2767 in
1173 2703 1331 2784 legatione
1352 2700 1392 2763 ud
1423 2702 1566 2764 Armenes
1585 2700 1609 2763 ⁸.
1635 2699 1821 2762 Athanasius
1847 2698 1887 2760 ab
2024 2706 2025 2781 4

294 2802 371 2857 tune
385 2795 492 2861 eleeto.
509 2817 525 2856 ι)
543 2799 619 2860 Mox
630 2798 767 2876 ejusdem
780 2797 963 2860 Malchionis
971 2799 1065 2860 verba
1114 2796 1282 2876 Euthymio
1309 2795 1421 2856 eitatus
1450 2811 1489 2855 ex
1511 2793 1591 2856 libro
1618 2800 1723 2854 tonna
1754 2790 1886 2854 Valenti·

295 2887 429 2967 subjioit,
457 2908 497 2951 ex
524 2909 561 2952 ea
585 2891 811 2972 disputatione,
840 2907 934 2970 mam
959 2896 1067 2952 eontra
1113 2890 1231 2961 omnes,
1251 2887 1413 2968 «Duplex,
1437 2885 1561 2965 inqrrit,
1588 2884 1709 2946 mmsis
1731 2888 1778 2945 est
1796 2882 1887 2944 Chri·

296 2980 428 3041 Paulum
450 2982 688 3045 samosatenum
711 2982 967 3063 oompositionem
980 2983 1065 3044 ibam
1114 2987 1190 3057 stus,
1204 2984 1235 3041 et
1246 2978 1405 3060 hypostasi
1418 2976 1646 3053 singularism

294 3077 464 3151 negantem
477 3074 623 3136 institnit.
643 3096 658 3133 ο
672 3077 720 3135 Ex
733 3074 937 3154 simplieihus‚
951 3074 1065 3154 iuquit,
1155 3069 1596 3154 cyrillusllierosolymitanus
1605 3067 1757 3130 eateehesi
1763 3073 1887 3147 quarta

294 3163 331 3225 fit
344 3171 425 3227 eerte
444 3167 659 3246 oompositum,
676 3173 713 3228 ut
730 3166 764 3227 in
778 3166 899 3228 Christo
912 3168 996 3236 lesu,
1012 3167 1067 3246 qui
1118 3165 1267 3245 «Duplex
1280 3169 1347 3226 erat
1358 3162 1509 3238 Christus,
1522 3161 1585 3222 ait:
1601 3161 1696 3222 homo
1712 3159 1842 3239 quidem
1857 3159 1888 3221 id

296 3273 335 3318 ex
347 3257 419 3327 Deo,
431 3263 462 3318 et
468 3259 584 3337 Verbo,
595 3264 627 3321 et
634 3260 774 3321 humano
788 3277 927 3339 corpore,
939 3267 970 3322 et
982 3259 1066 3340 quod
1115 3257 1200 3338 quod
1216 3254 1405 3336 apparebat:
1427 3255 1508 3314 Deus
1521 3257 1637 3323 autem,
1654 3250 1738 3331 quod
1752 3269 1817 3312 non
1830 3268 1887 3330 ap·

296 3355 394 3412 estex
405 3352 524 3414 semine
539 3353 646 3427 David,
662 3370 745 3414 unus
757 3351 855 3413 iaetus
867 3356 928 3429 est,
947 3370 1065 3431 nequa-
1115 3348 1243 3430 parebat
1256 3346 1281 3410 t.
1298 3368 1314 3406 o
1332 3346 1391 3421 Qui
1412 3345 1499 3407 loeus
1512 3344 1551 3406 ab
1572 3344 1702 3406 leontio
1715 3349 1763 3405 est
1776 3341 1888 3405 aliatus

296 3460 393 3522 quam
415 3443 544 3506 anterius
567 3444 718 3506 divisione
743 3444 857 3523 aliqua,
875 3444 929 3505 sed
948 3444 1068 3504 unitate
1114 3440 1149 3502 in
1169 3439 1249 3502 libro
1262 3440 1277 3499 I
1291 3443 1396 3500 eontra
1408 3436 1591 3513 Nestorium,
1607 3443 1636 3497 et
1656 3431 1842 3517 Eutyeitem,
1859 3441 1890 3496 et

297 3534 475 3597 subsistens.
499 3537 548 3597 Tu
569 3555 643 3598 vero
663 3536 778 3598 videris
796 3535 873 3597 mihi
896 3536 1067 3597 seeundum
1115 3548 1174 3594 nos
1195 3549 1262 3611 eap.
1282 3530 1404 3610 rujam
1424 3545 1498 3591 eum
1521 3527 1753 3608 adseripsimus.
1778 3527 1889 3589 Antio·

296 3626 356 3687 boe
369 3626 452 3689 nolle
465 3629 722 3708 compositionem
741 3628 843 3701 fateri,
861 3633 897 3689 ut
919 3626 1069 3689 nonsub-
1116 3625 1193 3686 obus
1218 3622 1417 3684 Ptolemaidis
1451 3620 1613 3701 episeopus
1643 3618 1683 3680 ab
1710 3618 1888 3699 Ephraemio

296 3718 409 3780 stantia
428 3719 467 3780 sit
489 3721 524 3780 in
546 3738 582 3782 eo
602 3719 685 3781 filius
699 3719 765 3790 Dei,
781 3720 834 3782 sed
852 3719 1004 3800 sapientia
1023 3736 1069 3780 se·
1117 3716 1308 3780 hnhooheno
1328 3714 1438 3776 uitatem
1458 3714 1501 3775 ita
1518 3712 1678 3774 Christum
1698 3710 1886 3791 compellat:

297 3811 436 3873 eundum
456 3812 734 3893 partieipationem.
761 3813 827 3873 Hoo
847 3813 931 3873 enim
951 3811 1066 3888 dixisti,
1121 3808 1282 3869 «Domine
1290 3806 1348 3868 fflii
1355 3805 1465 3883 David,
1479 3804 1605 3885 duplex,
1616 3809 1649 3866 et
1657 3802 1811 3884 simplex;
1827 3804 1889 3865 duo

296 3901 381 3982 quod
402 3904 552 3984 sapientia
570 3905 767 3985 dispendium
787 3904 932 3984 patiatur,
953 3907 984 3964 et
996 3903 1067 3964 ideo
1117 3907 1148 3964 et
1160 3909 1324 3962 uuum·.o
1347 3897 1436 3973 Quod
1449 3896 1685 3979 Mphiloobius
1699 3895 1837 3975 explieat
1848 3896 1890 3957 sie

297 3996 466 4075 mmposita
491 4015 557 4059 esse
582 3998 688 4078 possit.
715 4023 728 4051 ν
758 3997 832 4058 llaee
859 3995 1009 4071 Malebio,
1034 3995 1069 4056 in
1118 3993 1216 4056 leonii
1230 3992 1401 4073 episeopus,
1424 3993 1461 4050 ut
1480 3990 1520 4052 sit
1539 4010 1552 4048 ι
1572 3988 1688 4069 duplex
1704 3986 1887 4066 substantia,

297 4087 410 4167 quibus
434 4089 662 4167 argumentatio
679 4088 854 4151 continetur
876 4087 968 4149 firma
982 4105 1066 4161 sane,
1117 4087 1181 4149 sive
1193 4091 1304 4146 natura
1321 4103 1328 4145 :
1344 4101 1409 4145 non
1423 4087 1528 4144 autem
1541 4080 1656 4160 duplex
1667 4080 1830 4160 hypostasi
1837 4079 1886 4141 i.»

257 4177 263 4188 ’
297 4197 334 4241 ao
347 4181 500 4241 momenti
513 4181 649 4244 maritum
671 4181 789 4243 babens
812 4181 851 4242 ad
871 4179 1069 4259 oompositio-
1156 4177 1294 4240 Affertur
1312 4181 1344 4236 et
1363 4192 1402 4235 ex
1416 4174 1537 4235 loanne
1555 4173 1788 4252 Chrysostomo,
1809 4171 1890 4232 libro

298 4290 372 4332 nem
396 4272 599 4352 probandam.
625 4274 703 4334 Nam
731 4273 793 4334 nisi
818 4272 1004 4352 compositus
1029 4271 1069 4332 sit
1117 4271 1220 4350 primo
1252 4270 1286 4328 in
1316 4267 1442 4328 Joonnis
1476 4262 1692 4344 Euonymiton,
1728 4263 1820 4323 loeus
1851 4262 1890 4324 ab

298 4364 435 4426 Christus
451 4384 490 4426 ox
503 4366 616 4443 Verbo,
640 4365 703 4427 sive
726 4364 833 4426 divina
853 4364 1013 4444 sapientia,
1037 4367 1068 4424 et
1118 4360 1297 4440 Ephraemio
1315 4359 1426 4421 eodem
1443 4356 1528 4437 apud
1542 4355 1702 4430 Photium3
1717 4353 1773 4415 ubi
1787 4353 1889 4415 italo

298 4457 438 4518 humana
451 4464 563 4521 nattrra
583 4458 782 4539 compositus,
802 4474 991 4536 oonsequens
1009 4459 1065 4528 est,
1117 4453 1243 4533 quitur:
1264 4450 1376 4519 «Quid
1388 4449 1490 4518 iaeies,
1504 4466 1576 4509 eum
1589 4446 1642 4508 ille
1656 4445 1747 4508 nobis
1761 4446 1890 4528 simplex

298 4548 482 4629 sapientiam
495 4550 529 4612 in
543 4550 595 4612 illo
610 4569 675 4614 non
699 4568 763 4613 esse
783 4548 1012 4610 subsistentem.
1035 4547 1068 4609 si
1117 4543 1369 4626 natura,duple1
1381 4540 1555 4622 ingreditur
1565 4548 1590 4600 θ.
1605 4560 1621 4598 o

335 4762 357 4802 a
374 4746 478 4803 hanla.
498 4747 545 4800 ast
568 4746 622 4801 ἀντὶ
645 4746 765 4811 itabant,
783 4749 825 4801 tal
845 4747 988 4811 συνθέσεως,
1004 4741 1070 4816 ἔνέρ·
1153 4741 1176 4798 d
1193 4743 1261 4799 Clu.
1281 4741 1387 4803 Διπλοῦς
1399 4736 1429 4808 ἧν
1443 4738 1587 4811 dipesele·
1603 4736 1730 4809 ἄνθρωπος
1739 4735 1785 4809 pto
1799 4735 1890 4808 τδφαῑ·

299 4848 367 4902 γιιαν
380 4829 541 4902 ἀνθρωπίνην.
1118 4827 1231 4898 νόμενον·
1243 4823 1372 4888 sentiet
1387 4822 1587 4896 phpussdpssov.

337 4911 353 4968 b
371 4912 448 4968 Orat.
464 4928 557 4969 xxxvi.
578 4912 681 4985 Κοὶγὰρ
692 4910 722 4982 ἧν
737 4914 846 4975 διπλοῦς.
862 4913 896 4970 Et
909 4910 1068 4968 xsxrnteit.
1154 4908 1318 4966 chanaan.
1342 4906 1416 4979 apud
1445 4904 1525 4962 Pbot.
1550 4903 1614 4961 eod.
1636 4919 1741 4959 censa.
1762 4903 1835 4975 liupo
1853 4899 1891 4954 oli

299 5010 317 5050 a
332 4994 446 5052 Leontio
462 5001 528 5052 tom.
541 4995 577 5052 lv
586 4995 663 5052 Boot.
678 4999 732 5051 ΡΙ).
1119 4991 1196 5045 datto
1206 4992 1221 5045 d
1232 4991 1343 5053 διπλοῦς,
1355 4990 1396 5042 καὶ
1411 4987 1514 5054 ἁπλοῦς,
1529 4988 1545 5040 d
1558 4986 1603 5040 ido
1615 4987 1657 5040 aui
1670 4985 1706 5040 is.

336 5080 456 5136 oborn.
481 5082 554 5135 Pan.
586 5095 644 5151 par.
668 5079 694 5144 1,
722 5079 763 5135 tit.
781 5079 834 5145 rx,
852 5093 913 5149 esp.
943 5093 972 5133 n.
997 5077 1070 5131 ’End
1154 5072 1395 5149 sturninapud
1416 5067 1772 5135 russilionensium
1792 5065 1890 5132 ὠσίαν,

300 5162 401 5224 διπλοῦς
414 5164 450 5216 ὢν
466 5165 520 5226 ταῖς
536 5162 634 5236 piston
648 5163 663 5217 d
678 5163 790 5236 Χριστὸς,
807 5161 938 5235 μοναδικός
951 5159 1003 5216 tots
1025 5159 1070 5229 rho
1118 5158 1174 5225 ἤτοι
1185 5157 1247 5210 κατὰ
1260 5155 1396 5228 τὴνφύσιν,
1411 5153 1440 5208 od
1452 5145 1552 5208 tensio
1566 5151 1593 5206 st
1604 5149 1802 5219 thsbndsseess.

300 5242 445 5303 ὓπόσταοιν.
1153 5256 1175 5310 9
1193 5238 1272 5311 Apud
1286 5237 1366 5295 Phoe.
1382 5237 1448 5294 ibid.
1474 5235 1544 5291 'Euo
1557 5235 1581 5290 at
1592 5235 1710 5304 ποιήσοις,
1725 5235 1783 5288 tm
1797 5232 1859 5305 ἡμῖν
1873 5231 1889 5286 d

1030 5323 1032 5325 ’
1119 5323 1210 5384 ἁπλοῦς
1223 5321 1267 5392 τὴν
1280 5322 1361 5393 φύσιν,
1376 5320 1490 5377 statuisse
1502 5312 1618 5386 διπλοῦς,

328 5493 339 5536 i
354 5494 413 5538 orat.
425 5495 499 5541 veh
512 5494 565 5540 ttds
577 5506 598 5539 t.
611 5492 760 5551 tetum-*l
773 5494 836 5540 Tum.
847 5493 874 5539 Ν
887 5493 942 5539 Bith
954 5495 997 5539 tol.
1012 5491 1091 5540 m.-
1100 5492 1114 5536 4
1124 5490 1140 5549 S
1150 5492 1222 5538 2-5
1235 5491 1297 5535 ron.
1312 5489 1341 5536 ΧΙ
1352 5489 1408 5535 ΒΝ.
