3994 6164
350 334 409 395 252
850 332 1175 397 Tfluomclcoltull
1200 333 1418 397 multarunt

352 501 462 562 aientia
473 520 480 561 ι
492 517 557 562 uon
567 518 698 562 mansas
711 500 955 563 «ferramentum
963 500 1121 581 quidagat
1171 503 1287 583 aliquot
1304 508 1541 583 excerpserunt:
1557 502 1611 564 sed
1624 519 1684 565 nec
1698 502 1842 584 integram
1862 526 1908 589 neq

353 593 469 655 nescit:
486 594 677 655 curationem
689 611 773 667 vero,
789 612 858 673 quae
873 613 929 675 per
942 594 1020 655 illud
1032 610 1120 655 exer·
1170 615 1208 659 ex
1219 595 1291 670 fide,
1307 595 1411 657 autad
1431 602 1593 657 auctorum
1607 613 1734 657 sensum
1751 597 1907 678 explicatas:

352 690 446 759 cetur,
465 685 550 746 novit
562 686 759 763 medicum»
776 687 819 747 ait
833 687 1077 766 chrysostomus.
1169 689 1252 751 utin
1266 696 1351 751 sexta
1363 689 1482 768 synodo
1493 687 1595 768 palam
1607 693 1764 753 ostensum
1776 694 1910 773 estzquod

392 779 559 839 Testantur
585 778 644 839 hoc
667 778 751 839 idem
774 779 929 840 Theodori
942 778 1120 839 Pharanitae
1171 782 1297 862 quidem
1311 782 1448 845 suoloco
1461 780 1678 844 declarabitur.

352 889 391 932 ex
404 871 524 951 synodo
538 876 623 932 sexta
637 890 730 951 supra
743 890 762 931 a
775 871 864 932 nobis
881 871 975 932 allata
987 870 1081 932 verba
1096 867 1119 944 ¹;

353 963 386 1023 in
421 963 532 1043 quibus
566 981 663 1024 unam
690 965 733 1024 ait
758 964 911 1025 astionem
935 962 1031 1023 totius
1056 979 1121 1023 esse

353 1055 475 1129 Christi,
502 1074 572 1135 quae
595 1055 633 1116 ab
660 1055 755 1116 Verbi
781 1055 878 1116 divini
904 1054 1066 1134 sapientia,
1090 1060 1121 1116 et

351 1146 504 1220 bonitate,
532 1164 568 1208 ae
597 1149 712 1208 virtute
732 1147 878 1225 profecta,
906 1165 962 1227 per
988 1146 1120 1208 mediam
1356 1120 1436 1210 CA
1451 1122 1487 1208 P
1504 1120 1589 1208 UT
1630 1119 1675 1206 X
1687 1120 1730 1205 X
1741 1120 1773 1205 Ῑ.

351 1238 576 1317 intelligentem
594 1240 743 1313 animam,
772 1256 945 1318 corpusque
963 1239 1119 1318 procedat.

391 1331 447 1391 lx.
470 1331 611 1392 Alterum
624 1331 848 1400 testimouium,
875 1331 1018 1410 idemque
1041 1330 1119 1392 aele-

351 1423 534 1497 berrimum,
544 1430 575 1485 et
588 1424 692 1504 inquo
702 1423 836 1485 fundum
849 1423 976 1486 haeresis
989 1423 1119 1501 inscitus,
1172 1427 1323 1505 Quodnam
1371 1426 1636 1489 Moootteietorum
1681 1426 1784 1508 dispono
1825 1426 1909 1506 [aaut.

352 1534 387 1576 ao
406 1514 492 1576 velut
524 1534 625 1576 arcem
653 1515 886 1595 propugnanda
903 1515 986 1575 illius
1012 1516 1121 1576 Mono-
1211 1524 1240 1582 l.
1257 1518 1351 1582 Unam
1364 1519 1395 1580 ip
1407 1519 1527 1582 Christo
1540 1518 1725 1581 voluntatem
1739 1518 1911 1579 constituentes

351 1607 475 1668 theletos
485 1607 669 1679 statuebant,
680 1625 718 1668 ex
728 1606 1120 1687 Dionysiiepistolaquarta
1158 1684 1159 1688 Ἰ
1209 1613 1301 1674 oou'is
1314 1611 1408 1673 modia
1423 1612 1618 1692 interpretati
1629 1620 1707 1672 suot.
1727 1612 1756 1672 i.
1772 1608 1813 1672 lt
1826 1608 1911 1692 quitus

352 1700 485 1779 petitur:
511 1698 565 1759 ubi
590 1699 751 1760 Christum
774 1700 832 1775 ait,
862 1718 961 1761 anon
981 1699 1119 1761 humano
1210 1704 1357 1767 irretiris
1367 1702 1530 1785 propoqoti
1540 1712 1618 1764 aaut.
1641 1702 1728 1764 Inter
1740 1701 1811 1764 dlioa
1826 1701 1909 1762 oNes·

353 1792 446 1852 modo
459 1792 585 1871 propria
609 1792 745 1853 hominis
767 1793 881 1871 egisse:
910 1791 963 1852 sed
983 1810 1054 1853 cum
1071 1793 1120 1853 vir
1211 1796 1286 1857 torsi)
1302 1803 1400 1857 ortum
1423 1793 1721 1876 occepissedicuntar
1735 1813 1746 1855 .·
1763 1791 1835 1875 quod
1846 1791 1911 1855 ooide

353 1890 431 1944 esset
452 1884 549 1944 factus
577 1885 668 1957 Deus,
696 1902 810 1945 novam
833 1884 1000 1964 quamdam
1015 1884 1119 1945 Deivi·
1209 1888 1320 1949 miram
1334 1891 1385 1948 sit.
1414 1889 1444 1948 3.
1471 1887 1629 1969 Praecipue
1646 1892 1745 1948 aulem
1763 1884 1797 1945 ol
1815 1883 1910 1964 Apolli-

352 1975 441 2036 rilem
477 1976 689 2054 operationem
722 1975 847 2036 vivendi
882 1994 995 2055 genere
1030 1977 1118 2037 insti-
1210 1980 1349 2044 parastis.
1382 1987 1410 2040 ot
1438 1977 1666 2060 Monoplsysitis.
1691 1980 1721 2039 i.
1750 1976 1792 2038 ue
1818 1975 1913 2038 Edisti

351 2066 468 2129 luisset.
484 2091 500 2127 ν)
519 2069 560 2128 Εο
575 2067 713 2148 Dionysii
726 2087 787 2128 vox
801 2068 1009 2147 perperamab
1021 2068 1118 2148 impe·
1210 2070 1673 2151 herolttetrypoCoustania,
1685 2071 1716 2131 iu
1725 2069 1823 2150 quibus
1830 2077 1911 2131 vetem

254 2204 257 2209 -
352 2160 429 2235 ritis,
454 2166 484 2220 et
512 2161 710 2221 contentiosis
729 2160 909 2222 hominibus
934 2167 1061 2240 excepta
1086 2162 1120 2221 in
1209 2161 1909 2234 concitatrimor'uot,unomvolantaterr.etuaou

351 2269 460 2312 eorum
485 2253 670 2331 perniciem,
706 2270 742 2313 ac
772 2252 1005 2313 firmamentum
1032 2253 1120 2313 cessit
1209 2259 1352 2316 ortionem
1366 2255 1457 2316 inesse
1472 2253 1600 2339 Christo.
1614 2257 1646 2316 5.
1662 2252 1724 2315 Sed
1733 2253 1819 2314 oiiter
1830 2248 1910 2309 trau

351 2342 562 2404 nefandissimi
576 2345 699 2404 erroris.
711 2344 817 2423 itaque
826 2346 1067 2424 deincepsnemo
1081 2362 1120 2405 ex
1210 2345 1360 2409 videniur.
1377 2344 1457 2407 Nom
1470 2345 1608 2408 Eothesia
1626 2365 1679 2407 uer
1690 2364 1786 2416 auom,
1800 2361 1845 2403 ries
1855 2339 1910 2402 duos

351 2435 403 2496 iilo
417 2453 521 2514 grege,
536 2437 688 2497 rationem
701 2436 834 2498 reddidit
847 2437 918 2498 fidei
934 2455 1019 2509 sua,
1042 2436 1119 2515 quin
1209 2439 1392 2522 operationes
1412 2439 1474 2499 diri
1486 2439 1606 2519 patitur
1617 2459 1629 2500 .·
1653 2437 1824 2499 voluntatem
1835 2441 1909 2495 tonet

180 2546 325 2610 οιννννννινν..
351 2536 490 2610 usurpati
506 2528 587 2588 illam
615 2535 735 2609 ἐνέργειαν
763 2529 926 2595 oedneret,
951 2546 987 2588 ac
1009 2533 1119 2589 testem
1209 2529 1413 2593 unomoollide
1423 2529 1607 2612 profitetur:
1626 2529 1909 2611 Typusuequsoperr

180 2605 327 2653 mmmm

351 2621 467 2691 citaret,
486 2633 516 2681 et
529 2624 688 2680 auctorem
701 2619 892 2699 Dionysium.
910 2621 956 2679 Ita
968 2620 1119 2681 Macarius
1208 2625 1315 2698 tiones,
1350 2641 1440 2703 oeque
1471 2621 1636 2684 autumares
1671 2623 1763 2694 duos,
1799 2634 1907 2681 mamre.

349 2713 574 2788 Antiochenus,
601 2712 762 2775 haereticus
785 2713 817 2772 in
841 2712 961 2773 actione
984 2712 1120 2773 secunda
1208 2718 1239 2777 6.
1262 2714 1477 2777 Erratiuntur
1502 2732 1613 2777 arcario
1635 2712 1717 2774 iilius
1742 2710 1858 2774 dorsus.
1880 2726 1908 2767 ea

349 2807 461 2885 synodi
473 2814 566 2869 sexta
580 2828 587 2868 :
604 2807 651 2868 ita
663 2806 763 2885 Cyrus
775 2805 1001 2866 ¹ilenandrinus
1009 2804 1119 2866 eodem
1207 2806 1313 2889 quibus
1331 2805 1508 2887 compilor,
1530 2824 1621 2866 unam
1635 2808 1820 2887 operationem
1831 2804 1908 2860 miuus

349 2897 477 2961 infectus
491 2900 620 2975 ermre’,
647 2900 681 2960 in
706 2897 1116 2977 anathemastimoseptimo.
1208 2898 1360 2975 armatu,
1388 2917 1477 2980 quum
1503 2897 1685 2960 volontatem
1705 2915 1789 2958 auom
1809 2892 1841 2953 ab
1857 2890 1908 2951 iilia

349 2991 396 3051 Ita
410 2993 550 3071 Pyrrhus
568 2992 601 3051 in
616 2990 823 3070 disputatione
834 3008 899 3049 eom
912 2988 1067 3050 Maximo:
1081 3006 1117 3049 ac
1206 2991 1397 3074 prudi'ootom
1404 2992 1505 3072 fuisse,
1521 2992 1608 3073 cujus
1617 2991 1697 3053 ratio
1709 2989 1906 3068 deincepsrapo·

349 3084 451 3143 caeteri
484 3101 592 3144 omnes
625 3082 733 3143 eadem
761 3082 882 3142 insania
906 3080 1033 3159 perciti:
1063 3081 1117 3160 qui
1206 3086 1301 3160 nitio,
1319 3103 1357 3144 er
1381 3089 1501 3163 ἐνεργείας
1517 3088 1720 3160 proprietate,
1736 3082 1763 3141 9.
1786 3073 1904 3139 etooiua-

189 3198 317 3242 retusam
348 3183 488 3255 teavtpulo
504 3181 622 3255 ἐνέργειαν
637 3174 721 3235 illam
744 3173 786 3234 sic
806 3191 825 3233 a
843 3173 991 3252 Dionysio
1015 3172 1115 3234 nomi·
1206 3177 1286 3237 totis.
1299 3179 1347 3237 tl.
1361 3174 1404 3237 lte
1418 3175 1549 3235 Honorio
1562 3174 1696 3237 Romano
1708 3164 1905 3254 poudficttltl'

178 3252 324 3305 mitonem
349 3272 456 3328 natam
469 3267 662 3346 interpretati
676 3270 759 3341 sunt,
775 3265 860 3344 quod
874 3264 912 3324 ab
926 3265 991 3324 sola
1004 3264 1114 3325 divini·
1205 3268 1241 3331 ab
1254 3267 1372 3331 iioeresia
1385 3266 1470 3328 illius
1483 3267 1651 3346 suspicione
1659 3272 1812 3347 parparus.

349 3364 431 3430 tate,
461 3378 525 3420 una
549 3365 580 3420 et
603 3359 735 3438 simplex
763 3357 842 3418 aetio
869 3356 1035 3437 producta,
1060 3374 1116 3434 per

348 3451 518 3513 humanam
530 3458 687 3526 naturam,
697 3450 784 3530 quasi
795 3468 851 3530 per
860 3450 1113 3525 instrumentum,
1205 3454 1228 3516 l.
1252 3453 1311 3528 Qui
1324 3453 1469 3514 οάνοοοιιο
1490 3451 1768 3512 Monotheletarum
1789 3446 1825 3506 ab
1843 3441 1903 3505 anti·
1943 3452 1962 3551 ”i

348 3562 384 3605 ac
397 3545 589 3619 vehiculum,
603 3543 684 3604 toras
698 3547 884 3622 erumperet.
903 3542 946 3601 De
960 3559 1023 3620 quo
1037 3541 1114 3601 Dio·
1165 3547 1235 3626 quis
1247 3546 1329 3608 edita
1338 3544 1479 3606 Patribus
1488 3544 1684 3606 monimenta
1694 3539 1807 3621 legerit,
1821 3532 1902 3597 multi-
1919 3509 1943 3603 ,ii

348 3636 429 3715 nysii
443 3637 510 3696 loco
533 3635 731 3714 postmodum
744 3633 870 3695 uberior
890 3633 1013 3693 anobis
1027 3633 1113 3694 insti·
1164 3637 1277 3718 plicam
1300 3643 1330 3699 et
1353 3636 1503 3698 absonam
1522 3634 1638 3696 numa
1658 3633 1791 3713 ejusdem
1808 3627 1841 3689 ob
1856 3624 1902 3686 ilis
1918 3614 1962 3716 ,ml

347 3727 694 3800 tueturoratio,oumde
704 3726 819 3787 Christi
829 3724 1116 3805 operationedispu-
1164 3728 1352 3811 explicandae
1371 3730 1524 3790 rationem
1536 3726 1632 3789 fuisse
1645 3725 1902 3806 compensamus
1931 3706 1962 3814 Ι]

347 3819 475 3896 tabitur,
504 3818 560 3880 ubi
585 3827 617 3880 et
644 3819 682 3880 de
709 3818 776 3879 aliis
803 3824 996 3893 sanctorum,
1023 3824 1114 3896 atque
1164 3818 1552 3902 hicpaucis,quoniamita
1565 3837 1690 3881 necesse
1699 3816 1902 3888 videturaxpo
1948 3814 1962 3863 a

347 3910 592 3973 orthodoxorum
604 3913 730 3972 Petrum
753 3910 829 3971 loeis
848 3927 987 3989 agemus,
1003 3910 1115 3989 quibus
1165 3913 1299 3974 nondam
1310 3912 1428 3974 censui.

347 4000 434 4064 abusi
459 4003 505 4064 ilii
527 4009 600 4065 sunt
624 4003 664 4065 ad
693 4003 837 4065 haeresim
870 4019 960 4064 suam
993 4002 1114 4063 adstru-
1205 4005 1362 4085 Imprimis
1383 4003 1451 4079 illa,
1472 4020 1568 4082 qaam
1590 3999 1740 4084 superiori
1758 3994 1902 4076 capiteha·

347 4095 472 4157 endam.
1165 4097 1239 4175 didi,
1253 4097 1439 4168 communis,
1455 4100 1486 4157 et
1496 4094 1615 4168 usitata,
1631 4095 1762 4157 maxime
1783 4079 1900 4166 ponenda
1961 4154 1962 4157 ,

387 4186 501 4249 Praeter
513 4189 581 4249 hac
593 4205 667 4248 vero
681 4188 774 4249 etiam
788 4185 848 4248 alia
859 4186 1034 4248 testimonia
1047 4204 1115 4247 eor·
1166 4196 1233 4265 est3
1258 4207 1328 4268 que
1355 4206 1469 4263 unam,
1497 4192 1529 4248 et
1555 4187 1725 4266 simplicem
1751 4184 1781 4243 in
1803 4174 1900 4238 Chriii)

347 4285 491 4341 raserunt
505 4298 543 4341 ox
564 4280 767 4360 supposititiis
776 4278 884 4340 libris:
908 4279 994 4339 velut
1008 4297 1046 4340 ex
1066 4297 1113 4358 eo,
1165 4281 1369 4354 voluntatem,
1394 4286 1425 4342 et
1457 4279 1610 4342 achonem
1644 4273 1805 4341 constituit.
1832 4265 1901 4328 Huni

348 4391 441 4452 quem
459 4374 588 4434 Mannas
608 4371 963 4450 Constantinopolitanus
974 4371 1013 4430 ad
1027 4370 1112 4448 vigi·
1165 4374 1315 4437 Macarius
1337 4372 1548 4434 Antiochenus
1561 4372 1691 4435 inserta
1704 4364 1814 4448 synodo
1825 4351 1900 4440 profi·

348 4465 427 4525 lium
441 4466 594 4543 scripsisse
606 4463 780 4525 ferebatur:
796 4479 890 4542 quem
903 4480 960 4542 pro
982 4461 1111 4523 conficto
1163 4471 1267 4541 tetur;
1285 4465 1361 4526 dum
1378 4486 1393 4523 u
1407 4468 1544 4539 negatae
1562 4464 1639 4524 duas
1660 4460 1834 4525 voluntates,
1858 4448 1901 4506 aut

349 4561 379 4616 et
399 4555 666 4635 pseudepigrapha
684 4556 821 4635 synodus
841 4561 926 4614 sexta
944 4554 1112 4630 damnauit,
1165 4556 1300 4617 actiones
1312 4557 1388 4617 duas
1396 4573 1531 4617 asserere
1544 4557 1578 4616 in
1590 4552 1799 4617 Inrarnatione
1808 4536 1899 4604 christi

349 4653 379 4708 et
392 4646 602 4726 proscripsit³z
626 4666 698 4708 cum
711 4647 838 4726 quidem
853 4645 1053 4707 multamilia
1067 4645 1116 4706 usi
1165 4649 1311 4710 Domini:
1335 4649 1387 4710 sed
1420 4665 1516 4709 unam
1543 4646 1743 4711 voluntatem,
1766 4643 1795 4700 et
1814 4633 1900 4695 uun·

349 4739 411 4799 sint
434 4739 569 4800 haeretici
591 4737 662 4798 istit.
679 4740 758 4799 Tum
773 4756 812 4799 ex
834 4739 989 4816 germanis
1002 4738 1118 4816 alioqui
1166 4740 1282 4801 driram
1310 4742 1523 4802 actionem⁶.u
1551 4739 1650 4813 Quam
1676 4737 1764 4798 ctiam
1787 4724 1900 4790 dittissim

348 4838 526 4893 sanctorum
561 4833 687 4891 Petrum
720 4830 921 4891 monimentis
953 4832 1120 4891 sententias
1168 4849 1233 4893 esse
1247 4832 1406 4907 duntaxat,
1423 4830 1505 4892 idem
1519 4835 1623 4911 postea
1643 4825 1812 4890 confirmat:
1827 4809 1900 4874 luat

385 5029 406 5069 a
424 5013 523 5068 Cultus.
540 5010 615 5066 hom.
631 5011 661 5066 in
683 5013 728 5064 Pa.
749 5025 788 5064 111.
811 5015 878 5066 tom.
897 5008 1116 5082 11111.”ί1σπερτ1
1166 5008 1223 5064 ἀλλ’
1236 5009 1397 5081 ἀνδρωθέντος
1415 5010 1480 5071 θεοῦ,
1494 5008 1579 5075 καινήν
1593 5025 1648 5061 τινα
1661 4982 1900 5073 fluitatipttiliiit‘

348 5097 448 5168 σίδηρον
458 5093 503 5148 οὐκ
518 5088 607 5148 citari
621 5092 721 5166 ἐνεργεῖ,
736 5092 780 5161 τὴν
791 5092 817 5147 δὲ
829 5093 869 5146 διὰ
883 5096 925 5147 τοῦ
937 5086 1036 5166 sibiipsae
1046 5094 1116 5166 θερα-
1165 5112 1231 5167 ysius
1245 5092 1303 5164 ἡμῖν
1317 5092 1529 5162 πεπολιτευμένος.

348 5179 418 5234 2³th
429 5174 494 5233 Οἶδεν
507 5179 521 5233 ὅ
534 5177 626 5251 ‘sarait-
1202 5190 1216 5231 ο
1235 5177 1295 5232 Αοῑ,
1311 5191 1370 5229 rui.
1393 5173 1427 5228 Oi
1442 5174 1509 5245 λέγω
1522 5172 1565 5227 bia
1578 5173 1711 5246 θελήματα,
1724 5168 1739 5234 ἢ
1752 5162 1791 5217 δύο
1804 5145 1899 5242 lupysisp

386 5263 402 5319 o
424 5264 501 5320 Diod.
520 5276 563 5333 ep.
578 5275 617 5318 111.
637 5260 673 5314 bt
695 5260 727 5315 τὰ
741 5260 878 5333 ἀνθρώπεια
900 5244 969 5313 sarii
977 5259 1115 5331 ἄνθρωπον,
1166 5256 1204 5312 tut
1225 5262 1268 5326 τῆς
1289 5257 1404 5330 ἔνσάρνον
1426 5256 1566 5329 οἰκονομίας
1585 5260 1629 5310 τοῦ
1646 5253 1725 5325 κυρίου
1745 5247 1808 5318 lpas
1830 5235 1899 5300 ’lautu

937 5343 939 5346 -
1165 5341 1280 5414 Χρῑῦῖθΰ,
1297 5339 1354 5395 ἀλλ’
1367 5341 1393 5395 ἓν
1404 5341 1508 5414 θέλημα,
1523 5339 1564 5393 aad
1578 5334 1715 5411 tsmbpisip
1729 5329 1842 5400 appru-

377 5499 388 5544 t
405 5499 481 5555 Parsa.
494 5499 544 5544 9.-
555 5497 570 5543 i
583 5498 633 5544 Aet.
648 5509 720 5544 run·
735 5498 749 5543 8
762 5498 812 5542 Aet.
823 5508 895 5543 nu-
907 5498 921 5542 l
932 5498 993 5551 serg.
1004 5496 1027 5541 in
1039 5508 1074 5553 op.
1085 5496 1115 5541 ort
1127 5498 1177 5550 cyr.
1192 5503 1235 5541 set.
1248 5507 1288 5546 ru,
1296 5496 1347 5549 syn.
1363 5505 1393 5539 rr.
1406 5493 1455 5551 Pyr.
1465 5493 1489 5537 tu
1501 5491 1562 5549 nup.
1574 5503 1626 5538 oum
1638 5499 1691 5536 nar.
