4078 6168
362 302 421 366 tit
938 304 1144 371 ELENCHUS
1163 308 1378 371 THERIAOAE

359 471 445 533 mine
459 471 561 551 primo
574 471 712 553 loquitur
724 471 769 534 ibi
782 473 921 554 Sapiens,
937 473 1065 555 ejusque
1079 494 1129 538 ar·
1181 479 1257 539 texit
1271 476 1411 559 Sapiens,
1421 495 1476 540 vos
1489 478 1602 540 erroris
1612 477 1775 540 admonere
1784 483 1918 556 potermt

360 562 452 625 bitrio
464 563 582 627 libero:
600 566 733 628 sednon
753 566 792 628 de
808 567 873 629 solo
891 567 956 645 illo,
968 567 1083 645 solove,
1095 570 1129 631 in
1179 567 1258 630 Nam
1272 568 1404 629 subinde
1424 568 1466 628 sic
1487 566 1593 628 scribit
1609 587 1617 629 ε
1633 569 1708 628 Ante
1723 566 1858 627 bominem
1871 570 1920 632 cita

360 673 423 736 quo
436 657 579 718 conditus
588 665 643 731 est,
658 658 819 737 incolumi,
830 666 861 721 et
867 660 1026 722 innocenti
1035 668 1127 724 statu.
1179 668 1207 722 et
1226 679 1313 735 more
1334 659 1437 722 ὸοιιιιι
1451 668 1478 721 ct
1492 659 1604 722 malm
1618 679 1631 722 .·
1653 658 1732 741 qaod
1738 657 1878 738 placuerit
1887 661 1919 740 ei,

361 748 440 811 Nam
462 750 500 811 de
522 752 657 813 naturali
669 751 812 813 facultate
835 752 942 816 liberae
962 754 1130 816 voluntatis
1178 752 1299 814 dabitur
1314 753 1368 814 illi
1383 773 1390 815 :
1406 752 1546 834 quoniam
1566 750 1662 814 multa
1675 751 1817 833 sapientia
1831 751 1922 827 licia
1950 828 1952 832 Α

361 841 440 921 agit;
457 843 507 904 cui
526 862 582 921 pro
610 844 737 905 arbitrio
765 862 889 906 versare
918 863 950 906 se
978 849 1130 916 utramvis
1178 846 1309 927 fatisia
1318 853 1461 929 potantia,
1492 843 1698 906 oideasomnes
1711 844 1774 905 cine
1793 844 1921 907 tetanic-
1998 890 1999 899 ι

360 932 523 1013 inpartem
537 935 628 997 licet:
649 955 720 1016 quae
740 936 868 1015 quidem
881 937 1003 999 homini
1014 941 1128 1019 primo,
1177 939 1266 1001 sione.
1280 939 1398 1014 Quibus
1411 938 1564 1013 verbis,et
1577 937 1775 1017 sequentibus
1787 937 1922 999 bicomis
1998 932 1999 1011 ]

360 1027 448 1106 quasi
462 1028 551 1107 stirpi
565 1033 596 1089 et
607 1029 729 1108 parenti
748 1031 904 1108 omnium,
920 1031 1067 1093 divinitus
1080 1034 1130 1095 in·
1178 1031 1230 1108 sis,
1245 1042 1367 1093 cauum
1378 1030 1478 1106 affert,
1493 1049 1549 1092 cur
1564 1048 1622 1111 pro
1642 1048 1679 1091 eo
1699 1028 1879 1109 scrivendo,
1897 1035 1922 1092 ιι

359 1117 428 1191 sita,
442 1119 482 1179 ab
496 1137 546 1198 eo,
562 1126 592 1182 et
606 1139 662 1201 per
675 1138 749 1182 eum
763 1128 931 1202 propagata
945 1124 1086 1185 transivit
1094 1126 1130 1185 in
1178 1125 1295 1186 utendo
1306 1125 1435 1187 arbitrio
1449 1141 1506 1184 suo
1519 1123 1665 1184 mortales
1684 1123 1810 1201 egerint,
1828 1124 1923 1183 merita

359 1216 515 1289 posteros;
530 1232 588 1274 nec
601 1214 665 1274 ullo
679 1214 792 1275 scelere
805 1215 855 1276 vel
878 1215 1050 1277 calamitate
1076 1234 1130 1296 op·
1178 1218 1321 1280 mercede
1354 1215 1576 1296 compensandi
1598 1216 1670 1290 sint,
1698 1214 1780 1275 bona
1799 1214 1921 1276 videlicet
1998 1272 1999 1279 ,

359 1302 463 1380 primi,
479 1304 711 1385 oblitterarique
723 1307 824 1386 potuit
838 1326 846 1367 :
861 1308 985 1368 tametsi
998 1308 1042 1368 sic
1062 1308 1129 1387 ejus
1177 1317 1231 1371 aut
1251 1311 1349 1388 mala;
1381 1310 1532 1372 nimirum
1556 1306 1640 1387 quod
1668 1306 1726 1368 snb
1747 1306 1877 1387 sapienti,
1893 1326 1923 1368 ιι

359 1401 527 1469 attenuata,
553 1404 585 1458 et
603 1398 733 1460 infracta
752 1398 799 1459 vis
820 1404 877 1476 est,
898 1404 934 1461 ut
957 1401 995 1462 ad
1009 1400 1129 1462 bonum
1177 1402 1261 1481 torti,
1284 1409 1315 1465 et
1335 1403 1414 1464 nihil
1436 1403 1599 1482 ignorante
1615 1399 1719 1479 judice
1734 1399 1805 1475 Deo,
1819 1398 1922 1459 nullum

358 1490 580 1569 capessendum
594 1491 817 1571 copiosioribus
838 1492 945 1572 gratiae
968 1494 1125 1573 presidiis,
1177 1496 1306 1577 impune
1318 1497 1448 1567 malum,
1462 1494 1584 1556 nullum
1598 1493 1664 1553 sine
1684 1492 1809 1572 praemio
1821 1491 1923 1552 bonum

359 1599 395 1641 ao
409 1580 534 1643 fulturis
547 1590 646 1662 egeat.
1177 1590 1335 1668 praeterire
1356 1588 1462 1669 possit.
1488 1587 1563 1661 Qua
1590 1584 1670 1646 ratio
1694 1583 1861 1664 pervicacia
1874 1583 1921 1661 ipsi

398 1673 627 1753 V.Hujusmodi
637 1694 729 1756 porro
742 1675 802 1737 loci
814 1675 902 1737 istius
911 1693 976 1737 esse
986 1694 1126 1757 sensum,
1176 1680 1280 1742 frenos
1294 1681 1405 1760 injicit,
1430 1684 1467 1740 ut
1485 1679 1526 1740 ad
1545 1676 1632 1737 illum
1655 1676 1805 1755 pertinere
1825 1680 1921 1734 statum

361 1769 399 1826 nt
411 1765 584 1844 generatim
598 1767 633 1830 dc
646 1767 806 1845 essentiali,
823 1773 855 1830 et
864 1773 1010 1830 manente
1023 1771 1128 1848 quoli-
1176 1773 1322 1853 sapientis
1352 1774 1411 1834 ista
1438 1773 1605 1852 praeoepta,
1636 1775 1667 1830 et
1696 1767 1812 1830 monita
1844 1766 1921 1827 fatea-

357 1857 411 1918 bet
432 1859 466 1920 in
486 1859 557 1920 ritae
575 1865 656 1922 statu
677 1861 817 1922 libertate
838 1860 975 1921 hominis
995 1860 1128 1942 intelligi
1175 1868 1249 1942 tur;
1283 1865 1339 1945 qui
1372 1882 1444 1927 cum
1476 1862 1604 1924 homine
1635 1861 1738 1942 primo
1770 1858 1922 1921 communis

357 1950 478 2021 debeat,
495 1952 643 2031 primum,
670 1952 847 2033 etquidem
869 1953 1021 2014 invictum
1034 1953 1128 2016 habet
1174 1958 1213 2019 sit
1242 1958 1371 2035 posteris
1399 1957 1466 2036 ejus
1479 1953 1634 2029 omnibus,
1650 1949 1921 2033 quossoiosadbo·

357 2049 577 2123 argumentum
595 2064 687 2108 causa
708 2046 775 2126 ipsa
795 2046 956 2124 sermonis,
971 2064 1007 2107 ac
1020 2047 1125 2109 series.
1175 2057 1297 2113 nestum
1322 2051 1416 2112 vitem
1430 2049 1491 2111 illis
1509 2047 1632 2122 instrui,
1650 2044 1827 2125 incitarique
1845 2060 1921 2105 neno

357 2136 466 2197 Studet
485 2136 528 2199 ibi
557 2138 687 2220 Sapiens
714 2158 733 2200 a
756 2140 880 2219 peceato
904 2140 1126 2201 committendo
1175 2142 1307 2205 dubitat.

357 2228 511 2291 deterrere
524 2230 681 2307 homines;
703 2236 735 2292 et
757 2230 783 2291 si
796 2230 871 2311 quid
891 2231 966 2291 mali
984 2231 1124 2310 fecerint,
1217 2237 1286 2298 Huc
1299 2234 1426 2311 ιιιιιιιι,
1442 2232 1526 2314 qrrod
1539 2238 1696 2311 postrema
1713 2228 1862 2292 fflarerln
1875 2228 1920 2289 Sa·
1998 2278 1999 2281 ,

356 2320 512 2397 admonet,
527 2328 562 2384 ut
575 2341 752 2385 necausam
770 2322 855 2385 illius
868 2328 900 2383 et
919 2323 1071 2386 invidiam
1091 2326 1125 2386 in
1173 2331 1263 2411 piens
1289 2346 1328 2390 ex
1354 2328 1438 2390 Mose
1465 2325 1648 2404 descripsit:
1669 2323 1724 2403 qui
1748 2339 1817 2383 cum
1838 2322 1921 2399 legem

356 2412 453 2474 alium
477 2414 673 2491 transferant,
702 2415 756 2476 sed
782 2414 840 2477 sibi
867 2415 1023 2495 imputent
1044 2417 1122 2497 ipsi3
1175 2422 1321 2484 Israelitis
1339 2420 1494 2491 edidisset,
1516 2417 1556 2478 ad
1569 2435 1638 2490 eam
1657 2412 1922 2478 observandamiis-
1998 2446 1999 2465 ι

356 2510 463 2585 utpote
490 2526 568 2587 mos
594 2508 635 2568 aa
662 2507 854 2587 peccandum
879 2507 966 2569 nunc
991 2526 1041 2569 res
1063 2508 1147 2569 alia·
1173 2516 1256 2590 dem,
1272 2513 1384 2595 putu
1410 2509 1615 2575 aeclesiastica·
1633 2508 1720 2571 locus
1738 2508 1799 2583 iile,
1813 2504 1921 2567 raucu-

355 2604 468 2678 praeter
481 2599 822 2678 ipsorumvoluntatem
840 2600 1034 2679 compulerit.
1054 2602 1124 2663 Non
1174 2608 1310 2684 nibus,et
1322 2604 1526 2667 hortamentis
1537 2595 1919 2677 utiturzluatate,inquit¹‚

356 2690 441 2753 enim
455 2692 578 2772 culpem
594 2693 626 2753 in
640 2693 739 2753 Deum
753 2691 880 2771 rejicere
894 2698 1041 2770 possunt;
1066 2711 1124 2755 nec
1172 2709 1214 2763 est
1227 2719 1319 2762 urnac
1331 2696 1414 2761 valde
1434 2698 1467 2758 ia
1481 2714 1530 2757 ore
1551 2703 1612 2771 tao,
1632 2702 1662 2755 et
1679 2694 1711 2754 ia
1732 2691 1813 2755 corde
1828 2699 1880 2768 tuo,
1893 2696 1918 2748 ct

356 2784 513 2861 inunctor,
522 2790 553 2846 ct
560 2803 668 2847 suasor
681 2790 780 2864 potest
793 2784 983 2865 essepcccati
993 2785 1137 2866 :quippe
1172 2792 1266 2874 facias
1278 2791 1379 2854 illam.
1396 2789 1514 2864 Quibus
1525 2786 1725 2849 observandae
1743 2786 1821 2865 leges
1833 2787 1919 2863 potes-

355 2877 411 2957 qui
419 2877 1123 2958 impiosneoamat,neciisopushabet:etho-
1171 2891 1268 2947 tatem
1295 2902 1390 2966 penes
1414 2882 1493 2959 illos,
1515 2888 1546 2941 et
1568 2880 1602 2939 in
1623 2880 1764 2959 ipsorum
1789 2879 1918 2958 potestate

355 2970 492 3032 minibus
501 2970 1123 3051 musuremueditqucmeumqueinpar-
1170 2978 1270 3040 libera
1291 2996 1356 3039 esse
1383 2976 1585 3046 demonstra,
1612 2972 1669 3034 bei
1691 2971 1794 3050 adjuta
1816 2968 1917 3046 pata:

354 3067 419 3123 tem
428 3062 591 3124 flectenda
602 3062 790 3125 voluntatis:
807 3068 920 3125 etvero
934 3064 1063 3125 cavendi
1073 3064 1125 3124 de-
1172 3089 1243 3151 qnae
1252 3071 1286 3131 in
1294 3070 1359 3131 istis
1370 3064 1571 3146 intelligenda
1585 3081 1709 3145 semper
1724 3062 1838 3138 est,etsi
1847 3059 1918 3123 nubo

355 3153 720 3235 lioti,arnpleotendaeque
742 3154 1123 3234 virtutis.Cumigiturloci
1172 3162 1390 3243 saepefiatcjus
1403 3176 1546 3241 expressa
1559 3157 1688 3219 mendo.
1708 3156 1806 3236 Pergit
1825 3152 1919 3215 deinde

354 3239 1123 3328 illiushaeceententiasitq'uidabsurdius,quamad
1172 3256 1271 3318 Moses
1288 3275 1296 3317 :
1312 3251 1481 3326 Cecidere,
1497 3250 1609 3330 inqrrit,
1639 3247 1719 3331 qaod
1738 3245 1920 3328 ιιᾰιιρνορι

354 3339 518 3401 vitandum
527 3339 821 3419 peccatumincitare
832 3340 975 3402 homines
984 3358 1020 3402 eo
1029 3341 1119 3416 velle,
1170 3348 1281 3409 saarim
1296 3346 1329 3408 ia
1347 3348 1499 3427 coaucta
1519 3349 1569 3404 tao
1585 3341 1681 3403 citam
1699 3346 1730 3404 et
1748 3340 1854 3412 bonum
1866 3345 1919 3398 ete

353 3430 439 3510 quod
465 3432 587 3511 primus
612 3433 738 3494 illorum
764 3450 877 3512 parens
900 3432 1032 3495 liberam
1055 3434 1122 3513 ejus
1142 3492 1146 3500 .
1170 3439 1490 3503 contrariomortemct
1503 3434 1626 3511 malam,
1643 3440 1703 3496 eto.
1718 3435 1847 3514 Apparet
1864 3429 1917 3491 bac

353 3527 536 3603 potestatem
549 3532 717 3605 antequam
731 3531 869 3605 peccaret
879 3524 1001 3601 babuit,
1016 3526 1042 3587 si
1051 3544 1122 3589 eam
1169 3538 1326 3615 postrema
1343 3531 1438 3593 Mosis
1451 3546 1530 3611 pene
1549 3527 1588 3588 ab
1602 3524 1917 3589 Ecclesiastcciauctore

353 3617 768 3697 peccandotamsibi,quam
778 3617 907 3698 posteris
920 3618 1121 3681 amisittNam
1169 3626 1323 3706 descripta
1342 3641 1408 3686 esse
1434 3622 1586 3684 verbatim
1606 3639 1615 3696 ;
1643 3620 1781 3700 adeoque
1806 3634 1864 3678 non
1886 3610 1918 3673 ad
1998 3688 1999 3691 Ἴ

352 3707 486 3771 sirecte
513 3710 705 3773 ratiocinatio
731 3711 789 3772 ista
816 3711 963 3790 procedit,
1001 3717 1122 3790 poterm
1169 3718 1271 3781 solum
1284 3715 1457 3778 innocentis
1481 3713 1593 3775 Adami
1617 3717 1734 3774 statum
1752 3708 1853 3772 reterri
1872 3705 1916 3766 de·

352 3799 460 3861 eadem
472 3801 512 3862 ad
525 3801 654 3878 boouti,
669 3807 706 3863 ut
718 3801 861 3864 homines
875 3802 914 3863 ad
927 3819 1036 3865 omnes
1048 3822 1120 3865 cor·
1168 3810 1267 3873 bere:
1298 3810 1337 3871 de
1362 3825 1425 3888 quo
1454 3805 1534 3867 nihil
1560 3806 1663 3866 Moses
1682 3804 1727 3865 ibi
1757 3798 1916 3881 cogitabat:

350 3891 445 3972 poris,
474 3893 633 3975 animique
659 3893 825 3971 molestias,
860 3892 991 3973 bmem,
1023 3896 1118 3973 sitim
1168 3904 1222 3965 sed
1247 3903 1287 3965 ed
1313 3901 1494 3962 uuiversum
1519 3898 1676 3978 pertinere
1708 3912 1802 3976 genus
1831 3888 1917 3953 homi·

351 3984 580 4063 egritudinem,
595 4004 631 4047 ac
644 3991 778 4048 mortem
789 3985 891 4066 ipsam
900 3986 1033 4068 denique
1045 4007 1119 4070 pro·
1167 4013 1257 4071 num,
1288 4010 1366 4074 quos
1399 3990 1439 4053 ad
1465 3989 1652 4052 laudabilem
1678 4005 1769 4050 usum
1789 3982 1916 4064 ingenita

350 4076 546 4156 pulsandam,
556 4078 733 4140 hortaretur
749 4099 757 4139 ι
772 4083 841 4140 tum
859 4080 899 4141 ad
912 4081 1041 4160 pristina
1053 4082 1117 4158 illa,
1168 4088 1226 4151 sibi
1246 4085 1397 4148 nonnus
1408 4101 1464 4147 sno
1482 4087 1614 4164 uterque
1632 4087 1772 4163 tempore
1792 4073 1917 4141 studebat

351 4167 464 4248 quibus
487 4169 636 4232 innocens
657 4170 788 4233 vallatus
809 4176 877 4232 eret
903 4172 1052 4250 Adamas,
1068 4193 1118 4237 oa-
1168 4180 1338 4261 impellere.

351 4258 475 4340 piendu,
491 4260 855 4341 buendcquccommoda
870 4283 878 4325 ι
892 4265 976 4344 quod
996 4265 1029 4326 id
1043 4266 1119 4329 olim
1208 4273 1277 4335 Vll.
1288 4272 1452 4333 Postremo
1466 4268 1559 4331 utvel
1569 4267 1765 4349 impudentiae
1777 4263 1916 4344 ipsiusora

352 4352 386 4412 in
400 4358 548 4432 potestate
560 4356 680 4436 primus
689 4355 740 4416 ille
753 4356 1119 4435 parenshabuerituuod
1168 4364 1367 4446 procudam,
1383 4368 1476 4425 testes
1487 4359 1643 4423 advocabo
1651 4362 1782 4435 Graecos,
1796 4354 1916 4418 Latinos

352 4444 378 4505 si
391 4446 543 4508 dementis
552 4455 598 4509 est
612 4448 822 4528 argumentari
836 4449 891 4525 sic,
905 4449 976 4512 vide
999 4468 1040 4512 an
1054 4470 1118 4513 non
1168 4474 1236 4555 qne
1248 4458 1377 4530 Patres;
1395 4455 1450 4536 qui
1468 4460 1600 4533 unoque
1621 4452 1676 4513 illo
1695 4451 1794 4523 Masis,
1808 4452 1837 4509 ct
1852 4445 1916 4506 teu

352 4540 567 4601 contumeliosi
584 4542 618 4602 in
640 4543 742 4603 Deum
760 4542 832 4619 sint,
855 4543 910 4621 qui
930 4542 1118 4606 illiusverbo
1167 4549 1313 4612 snaddae
1343 4546 1519 4609 testimonio
1549 4545 1682 4626 probare
1715 4541 1813 4605 conati
1841 4538 1913 4608 sunt,

352 4646 470 4707 parem,
517 4637 549 4693 ct
586 4633 728 4694 camdem
765 4634 1048 4712 ratiocinationem,
1083 4655 1119 4699 ac
1166 4642 1303 4704 liberum
1330 4641 1364 4702 iu
1387 4640 1497 4702 Adami
1523 4638 1652 4719 posteris
1679 4655 1743 4700 esse
1767 4625 1915 4696 colunnas

352 4724 536 4785 sententiam
549 4725 726 4803 subjiciunt,
744 4725 820 4787 dum
833 4726 893 4787 ibis
911 4727 1118 4808 interpretari·
1167 4734 1342 4809 arbitrium,
1357 4732 1441 4812 quod
1450 4730 1585 4812 profecto
1598 4730 1726 4792 ridicule
1746 4715 1914 4790 faoeremsi

352 4813 446 4892 tibus,
474 4816 674 4878 Ecclesiastici
697 4823 805 4879 auctor
826 4819 866 4880 ad
899 4819 990 4881 illum
1012 4821 1119 4884 libere
1167 4828 1207 4889 ad
1220 4827 1322 4888 solum
1340 4824 1526 4886 innocentiae
1541 4828 1668 4901 sutum,
1690 4812 1912 4884 ucvinceatiua

351 4906 521 4969 voluntatis
532 4926 626 4970 usum
636 4909 1119 4994 exdmtAdamiposterosguem
1167 4900 1392 4999 Armacanique
1406 4917 1508 4979 caeteri
1521 4934 1593 4978 cum
1610 4914 1758 4977 harcucis
1777 4911 1912 4986 iuterpre-

351 4998 434 5060 solus
446 5006 517 5061 ante
528 5006 692 5081 peccatum
697 5002 835 5065 Adamus
844 5022 987 5066 exemere
1000 5008 1116 5086 potmt3
1167 5017 1284 5088 untur,
1297 5011 1463 5073 amborum
1476 5009 1568 5071 effata
1581 5012 1762 5091 spectarent.

351 5090 396 5152 iffi
408 5092 478 5172 ipsi,
503 5111 582 5172 <1⁰⁰³
600 5094 778 5175 flll⁰tt¹1st¹¹1²2
803 5098 939 5177 parentis
959 5099 1007 5160 sui
1028 5100 1119 5180 culpa
1208 5104 1328 5166 Horum
1337 5103 1461 5165 testium
1472 5102 1590 5181 primus
1599 5103 1639 5163 sit
1653 5098 1845 5180 Augustinus,
1858 5101 1913 5168 qut

349 5201 438 5264 posse
451 5184 620 5249 desierunt.
1166 5215 1279 5258 exuno
1293 5196 1428 5276 pendere
1447 5212 1490 5269 se,
1506 5193 1666 5271 tamisiso,
1685 5207 1778 5273 quam
1790 5181 1911 5248 insolen-

390 5276 445 5339 Vl.
458 5277 502 5341 Aa
513 5278 685 5343 velcetera
707 5281 846 5360 ejusdem
859 5281 933 5360 loci,
952 5302 1023 5366 que
1047 5302 1119 5365 pcr-
1169 5294 1215 5350 ter
1224 5288 1376 5368 jaciunt.
1389 5287 1445 5351 Ille
1458 5286 1556 5368 igitur
1569 5287 1602 5349 in
1621 5286 1701 5349 libro
1718 5283 1754 5346 dc
1771 5275 1875 5349 Grau,
1888 5273 1913 5329 ιι

379 5481 556 5534 monstrauit
620 5496 623 5505 ·
