<?xml version="1.0" encoding="UTF-8"?>
<!DOCTYPE html PUBLIC "-//W3C//DTD XHTML 1.0 Transitional//EN"
    "http://www.w3.org/TR/xhtml1/DTD/xhtml1-transitional.dtd">
<html xmlns="http://www.w3.org/1999/xhtml" xml:lang="en" lang="en">
 <head>
  <title>
</title>
<meta http-equiv="Content-Type" content="text/html;charset=utf-8" />
  <meta name='ocr-system' content='tesseract 3.04.00' />
  <meta name='ocr-capabilities' content='ocr_page ocr_carea ocr_par ocr_line ocrx_word'/>
</head>
<body>
  <div class='ocr_page' id='page_1' title='image "./dogmatatheologi00unkngoog_0632.png"; bbox 0 0 4072 6164; ppageno 0'>
   <div class='ocr_carea' id='block_1_1' title="bbox 549 426 1677 508">
    <p class='ocr_par' dir='ltr' id='par_1_1' title="bbox 549 426 1677 508">
     <span class='ocr_line' id='line_1_1' title="bbox 549 426 1677 508; baseline -0.003 -18"><span class='ocrx_word' id='word_1_1' title='bbox 549 429 601 490; x_wconf 85' lang='lat' dir='ltr'>DE</span> <span class='ocrx_word' id='word_1_2' title='bbox 619 426 918 508; x_wconf 77' lang='lat' dir='ltr'>INGARNATIONE,</span> <span class='ocrx_word' id='word_1_3' title='bbox 940 430 1012 491; x_wconf 88' lang='lat' dir='ltr'>LlB.</span> <span class='ocrx_word' id='word_1_4' title='bbox 1034 430 1072 508; x_wconf 89' lang='lat' dir='ltr'>V,</span> <span class='ocrx_word' id='word_1_5' title='bbox 1095 428 1179 491; x_wconf 77' lang='lat' dir='ltr'>CAP.</span> <span class='ocrx_word' id='word_1_6' title='bbox 1199 429 1239 491; x_wconf 83' lang='lat' dir='ltr'>V.</span> <span class='ocrx_word' id='word_1_7' title='bbox 1621 428 1677 492; x_wconf 77' lang='grc'>597</span> 
     </span>
    </p>
   </div>
   <div class='ocr_carea' id='block_1_2' title="bbox 99 590 1688 1134">
    <p class='ocr_par' dir='ltr' id='par_1_2' title="bbox 99 590 1688 1134">
     <span class='ocr_line' id='line_1_2' title="bbox 103 590 1683 674; baseline -0.001 -21"><span class='ocrx_word' id='word_1_8' title='bbox 103 594 217 654; x_wconf 78' lang='lat' dir='ltr'>«cnm</span> <span class='ocrx_word' id='word_1_9' title='bbox 229 592 385 674; x_wconf 83' lang='lat' dir='ltr'>profertur</span> <span class='ocrx_word' id='word_1_10' title='bbox 396 591 504 670; x_wconf 92' lang='lat' dir='ltr'>bomo,</span> <span class='ocrx_word' id='word_1_11' title='bbox 518 599 632 654; x_wconf 88' lang='lat' dir='ltr'>natura</span> <span class='ocrx_word' id='word_1_12' title='bbox 644 597 777 668; x_wconf 76' lang='lat' dir='ltr'>tantam,</span> <span class='ocrx_word' id='word_1_13' title='bbox 798 610 868 671; x_wconf 87' lang='lat' dir='ltr'>quae</span> <span class='ocrx_word' id='word_1_14' title='bbox 917 594 1029 673; x_wconf 91' lang='lat' dir='ltr'>reipsa,</span> <span class='ocrx_word' id='word_1_15' title='bbox 1045 594 1127 674; x_wconf 93' lang='lat' dir='ltr'>quod</span> <span class='ocrx_word' id='word_1_16' title='bbox 1140 594 1252 662; x_wconf 86' lang='lat' dir='ltr'>solum,</span> <span class='ocrx_word' id='word_1_17' title='bbox 1268 612 1304 655; x_wconf 94' lang='lat' dir='ltr'>ac</span> <span class='ocrx_word' id='word_1_18' title='bbox 1315 600 1491 674; x_wconf 81' lang='lat' dir='ltr'>separatum</span> <span class='ocrx_word' id='word_1_19' title='bbox 1513 598 1559 654; x_wconf 88' lang='lat' dir='ltr'>est</span> <span class='ocrx_word' id='word_1_20' title='bbox 1569 592 1610 652; x_wconf 93' lang='lat' dir='ltr'>ab</span> <span class='ocrx_word' id='word_1_21' title='bbox 1622 590 1683 651; x_wconf 88' lang='lat' dir='ltr'>ali0</span> 
     </span>
     <span class='ocr_line' id='line_1_3' title="bbox 99 684 1684 766; baseline -0.004 -18"><span class='ocrx_word' id='word_1_22' title='bbox 99 685 277 748; x_wconf 85' lang='lat' dir='ltr'>commanis</span> <span class='ocrx_word' id='word_1_23' title='bbox 289 690 336 746; x_wconf 86' lang='lat' dir='ltr'>est</span> <span class='ocrx_word' id='word_1_24' title='bbox 348 684 494 746; x_wconf 90' lang='lat' dir='ltr'>omnibus</span> <span class='ocrx_word' id='word_1_25' title='bbox 506 684 696 762; x_wconf 90' lang='lat' dir='ltr'>hominihus,</span> <span class='ocrx_word' id='word_1_26' title='bbox 716 684 871 764; x_wconf 85' lang='lat' dir='ltr'>significa·</span> <span class='ocrx_word' id='word_1_27' title='bbox 918 704 1125 766; x_wconf 89' lang='lat' dir='ltr'>quocumque,</span> <span class='ocrx_word' id='word_1_28' title='bbox 1141 692 1172 747; x_wconf 91' lang='lat' dir='ltr'>et</span> <span class='ocrx_word' id='word_1_29' title='bbox 1188 692 1233 747; x_wconf 89' lang='lat' dir='ltr'>est</span> <span class='ocrx_word' id='word_1_30' title='bbox 1250 687 1309 762; x_wconf 90' lang='lat' dir='ltr'>sui,</span> <span class='ocrx_word' id='word_1_31' title='bbox 1324 704 1390 746; x_wconf 93' lang='lat' dir='ltr'>non</span> <span class='ocrx_word' id='word_1_32' title='bbox 1409 685 1502 746; x_wconf 87' lang='lat' dir='ltr'>alieni</span> <span class='ocrx_word' id='word_1_33' title='bbox 1516 684 1606 763; x_wconf 83' lang='lat' dir='ltr'>juris,</span> <span class='ocrx_word' id='word_1_34' title='bbox 1626 700 1684 743; x_wconf 91' lang='lat' dir='ltr'>nec</span> 
     </span>
     <span class='ocr_line' id='line_1_4' title="bbox 99 773 1686 858; baseline -0.004 -18"><span class='ocrx_word' id='word_1_35' title='bbox 99 785 166 840; x_wconf 82' lang='lat' dir='ltr'>tur.</span> <span class='ocrx_word' id='word_1_36' title='bbox 181 780 261 839; x_wconf 78' lang='lat' dir='ltr'>Cum</span> <span class='ocrx_word' id='word_1_37' title='bbox 274 795 348 838; x_wconf 90' lang='lat' dir='ltr'>vero</span> <span class='ocrx_word' id='word_1_38' title='bbox 360 776 601 838; x_wconf 87' lang='lat' dir='ltr'>demonstrative</span> <span class='ocrx_word' id='word_1_39' title='bbox 611 777 753 846; x_wconf 88' lang='lat' dir='ltr'>dicimus,</span> <span class='ocrx_word' id='word_1_40' title='bbox 761 777 868 846; x_wconf 89' lang='lat' dir='ltr'>istum,</span> <span class='ocrx_word' id='word_1_41' title='bbox 919 778 1008 839; x_wconf 88' lang='lat' dir='ltr'>alteri</span> <span class='ocrx_word' id='word_1_42' title='bbox 1021 779 1280 852; x_wconf 89' lang='lat' dir='ltr'>communicatur,</span> <span class='ocrx_word' id='word_1_43' title='bbox 1292 784 1328 837; x_wconf 89' lang='lat' dir='ltr'>ut</span> <span class='ocrx_word' id='word_1_44' title='bbox 1339 779 1418 858; x_wconf 89' lang='lat' dir='ltr'>parti</span> <span class='ocrx_word' id='word_1_45' title='bbox 1432 777 1529 839; x_wconf 86' lang='lat' dir='ltr'>altena</span> <span class='ocrx_word' id='word_1_46' title='bbox 1540 794 1621 855; x_wconf 86' lang='lat' dir='ltr'>pars,</span> <span class='ocrx_word' id='word_1_47' title='bbox 1635 773 1686 835; x_wconf 91' lang='lat' dir='ltr'>vel</span> 
     </span>
     <span class='ocr_line' id='line_1_5' title="bbox 99 867 1687 950; baseline -0.004 -18"><span class='ocrx_word' id='word_1_48' title='bbox 99 871 151 932; x_wconf 88' lang='lat' dir='ltr'>vel</span> <span class='ocrx_word' id='word_1_49' title='bbox 185 870 276 931; x_wconf 91' lang='lat' dir='ltr'>illum</span> <span class='ocrx_word' id='word_1_50' title='bbox 307 869 480 947; x_wconf 87' lang='lat' dir='ltr'>bominem,</span> <span class='ocrx_word' id='word_1_51' title='bbox 507 871 557 930; x_wconf 89' lang='lat' dir='ltr'>vel</span> <span class='ocrx_word' id='word_1_52' title='bbox 584 869 710 949; x_wconf 89' lang='lat' dir='ltr'>proprio</span> <span class='ocrx_word' id='word_1_53' title='bbox 742 867 871 930; x_wconf 89' lang='lat' dir='ltr'>nomine</span> <span class='ocrx_word' id='word_1_54' title='bbox 920 870 1013 931; x_wconf 89' lang='lat' dir='ltr'>etiam</span> <span class='ocrx_word' id='word_1_55' title='bbox 1039 870 1117 946; x_wconf 89' lang='lat' dir='ltr'>toti;</span> <span class='ocrx_word' id='word_1_56' title='bbox 1133 877 1241 950; x_wconf 86' lang='lat' dir='ltr'>estque</span> <span class='ocrx_word' id='word_1_57' title='bbox 1270 871 1347 931; x_wconf 89' lang='lat' dir='ltr'>adeo</span> <span class='ocrx_word' id='word_1_58' title='bbox 1373 875 1475 930; x_wconf 88' lang='lat' dir='ltr'>totum</span> <span class='ocrx_word' id='word_1_59' title='bbox 1502 867 1628 947; x_wconf 91' lang='lat' dir='ltr'>aliquid,</span> <span class='ocrx_word' id='word_1_60' title='bbox 1655 871 1687 927; x_wconf 91' lang='lat' dir='ltr'>et</span> 
     </span>
     <span class='ocr_line' id='line_1_6' title="bbox 100 960 1685 1042; baseline -0.003 -19"><span class='ocrx_word' id='word_1_61' title='bbox 100 964 224 1035; x_wconf 78' lang='lat' dir='ltr'>lesum,</span> <span class='ocrx_word' id='word_1_62' title='bbox 252 978 417 1041; x_wconf 76' lang='lat' dir='ltr'><strong>personam</strong></span> <span class='ocrx_word' id='word_1_63' title='bbox 444 961 676 1041; x_wconf 87' lang='lat' dir='ltr'>designamus:</span> <span class='ocrx_word' id='word_1_64' title='bbox 702 978 773 1040; x_wconf 79' lang='lat' dir='ltr'>quae</span> <span class='ocrx_word' id='word_1_65' title='bbox 800 978 871 1021; x_wconf 88' lang='lat' dir='ltr'>cum</span> <span class='ocrx_word' id='word_1_66' title='bbox 920 960 1088 1040; x_wconf 88' lang='lat' dir='ltr'>integrum,</span> <span class='ocrx_word' id='word_1_67' title='bbox 1103 964 1188 1042; x_wconf 82' lang='lat' dir='ltr'>quod</span> <span class='ocrx_word' id='word_1_68' title='bbox 1205 970 1372 1025; x_wconf 70' lang='grc' dir='ltr'>ῐδιοσύστατον</span> <span class='ocrx_word' id='word_1_69' title='bbox 1393 962 1490 1023; x_wconf 83' lang='lat' dir='ltr'>Gracci</span> <span class='ocrx_word' id='word_1_70' title='bbox 1509 960 1685 1022; x_wconf 91' lang='lat' dir='ltr'>nominant.</span> 
     </span>
     <span class='ocr_line' id='line_1_7' title="bbox 100 1051 1688 1134; baseline -0.003 -18"><span class='ocrx_word' id='word_1_71' title='bbox 100 1059 218 1116; x_wconf 87' lang='lat' dir='ltr'>natura</span> <span class='ocrx_word' id='word_1_72' title='bbox 231 1054 442 1115; x_wconf 79' lang='lat' dir='ltr'>collectionem</span> <span class='ocrx_word' id='word_1_73' title='bbox 456 1054 792 1134; x_wconf 87' lang='lat' dir='ltr'>habetproprietatum,</span> <span class='ocrx_word' id='word_1_74' title='bbox 805 1053 872 1131; x_wconf 89' lang='lat' dir='ltr'>qui-</span> <span class='ocrx_word' id='word_1_75' title='bbox 959 1054 1056 1132; x_wconf 88' lang='lat' dir='ltr'>Igitur</span> <span class='ocrx_word' id='word_1_76' title='bbox 1082 1060 1194 1115; x_wconf 87' lang='lat' dir='ltr'>natura</span> <span class='ocrx_word' id='word_1_77' title='bbox 1220 1054 1356 1114; x_wconf 91' lang='lat' dir='ltr'>hominis</span> <span class='ocrx_word' id='word_1_78' title='bbox 1378 1055 1412 1114; x_wconf 93' lang='lat' dir='ltr'>in</span> <span class='ocrx_word' id='word_1_79' title='bbox 1446 1053 1565 1114; x_wconf 90' lang='lat' dir='ltr'>Christo</span> <span class='ocrx_word' id='word_1_80' title='bbox 1592 1051 1688 1130; x_wconf 84' lang='lat' dir='ltr'>priori</span> 
     </span>
    </p>
   </div>
   <div class='ocr_carea' id='block_1_3' title="bbox 0 1143 1686 1224">
    <p class='ocr_par' dir='ltr' id='par_1_3' title="bbox 0 1143 1686 1224">
     <span class='ocr_line' id='line_1_8' title="bbox 0 1143 1686 1224; baseline -0.003 -16"><span class='ocrx_word' id='word_1_81' title='bbox 0 1155 11 1170; x_wconf 76' lang='grc'>’·</span> <span class='ocrx_word' id='word_1_82' title='bbox 101 1146 163 1208; x_wconf 89' lang='lat' dir='ltr'>bus</span> <span class='ocrx_word' id='word_1_83' title='bbox 185 1145 281 1207; x_wconf 90' lang='lat' dir='ltr'>bomo</span> <span class='ocrx_word' id='word_1_84' title='bbox 301 1146 475 1207; x_wconf 90' lang='lat' dir='ltr'>communis</span> <span class='ocrx_word' id='word_1_85' title='bbox 491 1145 735 1223; x_wconf 85' lang='lat' dir='ltr'>fitsingulis*,et</span> <span class='ocrx_word' id='word_1_86' title='bbox 748 1143 787 1205; x_wconf 89' lang='lat' dir='ltr'>ab</span> <span class='ocrx_word' id='word_1_87' title='bbox 800 1144 868 1205; x_wconf 90' lang='lat' dir='ltr'>aliis</span> <span class='ocrx_word' id='word_1_88' title='bbox 920 1144 1071 1206; x_wconf 82' lang='lat' dir='ltr'>dtrntaxat</span> <span class='ocrx_word' id='word_1_89' title='bbox 1082 1145 1176 1206; x_wconf 90' lang='lat' dir='ltr'>modo</span> <span class='ocrx_word' id='word_1_90' title='bbox 1199 1145 1374 1224; x_wconf 90' lang='lat' dir='ltr'>singularis,</span> <span class='ocrx_word' id='word_1_91' title='bbox 1393 1150 1424 1206; x_wconf 90' lang='lat' dir='ltr'>et</span> <span class='ocrx_word' id='word_1_92' title='bbox 1443 1144 1601 1206; x_wconf 90' lang='lat' dir='ltr'>individua</span> <span class='ocrx_word' id='word_1_93' title='bbox 1614 1162 1686 1205; x_wconf 86' lang='lat' dir='ltr'>cen-</span> 
     </span>
    </p>
   </div>
   <div class='ocr_carea' id='block_1_4' title="bbox 48 1235 1688 1867">
    <p class='ocr_par' dir='ltr' id='par_1_4' title="bbox 15 1235 1688 1873">
     <span class='ocr_line' id='line_1_9' title="bbox 100 1235 1688 1316; baseline -0.002 -17"><span class='ocrx_word' id='word_1_94' title='bbox 100 1237 232 1314; x_wconf 85' lang='lat' dir='ltr'>aingnlis</span> <span class='ocrx_word' id='word_1_95' title='bbox 241 1237 449 1313; x_wconf 78' lang='lat' dir='ltr'>distinguitur.</span> <span class='ocrx_word' id='word_1_96' title='bbox 465 1236 869 1315; x_wconf 85' lang='lat' dir='ltr'>Namcumitadesiguatur,</span> <span class='ocrx_word' id='word_1_97' title='bbox 920 1242 1023 1311; x_wconf 84' lang='lat' dir='ltr'>setur3</span> <span class='ocrx_word' id='word_1_98' title='bbox 1040 1254 1111 1298; x_wconf 92' lang='lat' dir='ltr'>cum</span> <span class='ocrx_word' id='word_1_99' title='bbox 1132 1237 1172 1297; x_wconf 90' lang='lat' dir='ltr'>sit</span> <span class='ocrx_word' id='word_1_100' title='bbox 1192 1256 1257 1299; x_wconf 91' lang='lat' dir='ltr'>una</span> <span class='ocrx_word' id='word_1_101' title='bbox 1270 1255 1415 1314; x_wconf 88' lang='lat' dir='ltr'>numero,</span> <span class='ocrx_word' id='word_1_102' title='bbox 1430 1256 1497 1298; x_wconf 89' lang='lat' dir='ltr'>non</span> <span class='ocrx_word' id='word_1_103' title='bbox 1511 1237 1615 1316; x_wconf 92' lang='lat' dir='ltr'>plures</span> <span class='ocrx_word' id='word_1_104' title='bbox 1631 1235 1688 1296; x_wconf 90' lang='lat' dir='ltr'>hu-</span> 
     </span>
     <span class='ocr_line' id='line_1_10' title="bbox 48 1327 1686 1409; baseline -0.001 -18"><span class='ocrx_word' id='word_1_105' title='bbox 48 1402 51 1407; x_wconf 26' lang='lat'>·</span> <span class='ocrx_word' id='word_1_106' title='bbox 101 1347 169 1391; x_wconf 90' lang='lat' dir='ltr'>non</span> <span class='ocrx_word' id='word_1_107' title='bbox 191 1327 322 1409; x_wconf 81' lang='lat' dir='ltr'>quilibet</span> <span class='ocrx_word' id='word_1_108' title='bbox 341 1329 438 1390; x_wconf 92' lang='lat' dir='ltr'>bomo</span> <span class='ocrx_word' id='word_1_109' title='bbox 458 1329 663 1408; x_wconf 80' lang='lat' dir='ltr'>intelligitur3</span> <span class='ocrx_word' id='word_1_110' title='bbox 678 1328 731 1389; x_wconf 90' lang='lat' dir='ltr'>sed</span> <span class='ocrx_word' id='word_1_111' title='bbox 752 1328 806 1407; x_wconf 90' lang='lat' dir='ltr'>qui</span> <span class='ocrx_word' id='word_1_112' title='bbox 832 1328 871 1389; x_wconf 91' lang='lat' dir='ltr'>ab</span> <span class='ocrx_word' id='word_1_113' title='bbox 920 1345 1021 1389; x_wconf 88' lang='lat' dir='ltr'>manae</span> <span class='ocrx_word' id='word_1_114' title='bbox 1036 1334 1167 1406; x_wconf 74' lang='lat' dir='ltr'>naturas,</span> <span class='ocrx_word' id='word_1_115' title='bbox 1183 1334 1214 1391; x_wconf 90' lang='lat' dir='ltr'>et</span> <span class='ocrx_word' id='word_1_116' title='bbox 1227 1329 1266 1390; x_wconf 93' lang='lat' dir='ltr'>ab</span> <span class='ocrx_word' id='word_1_117' title='bbox 1280 1329 1406 1407; x_wconf 90' lang='lat' dir='ltr'>reliquis</span> <span class='ocrx_word' id='word_1_118' title='bbox 1417 1329 1536 1389; x_wconf 89' lang='lat' dir='ltr'>naturis</span> <span class='ocrx_word' id='word_1_119' title='bbox 1548 1328 1686 1407; x_wconf 88' lang='lat' dir='ltr'>proprie-</span> 
     </span>
     <span class='ocr_line' id='line_1_11' title="bbox 101 1418 1685 1500; baseline -0.003 -18"><span class='ocrx_word' id='word_1_120' title='bbox 101 1420 223 1500; x_wconf 83' lang='lat' dir='ltr'>Augelo</span> <span class='ocrx_word' id='word_1_121' title='bbox 234 1420 395 1481; x_wconf 89' lang='lat' dir='ltr'>nuntiatus</span> <span class='ocrx_word' id='word_1_122' title='bbox 405 1424 462 1496; x_wconf 89' lang='lat' dir='ltr'>est,</span> <span class='ocrx_word' id='word_1_123' title='bbox 479 1421 625 1499; x_wconf 85' lang='lat' dir='ltr'>quiDeus</span> <span class='ocrx_word' id='word_1_124' title='bbox 636 1425 666 1481; x_wconf 89' lang='lat' dir='ltr'>et</span> <span class='ocrx_word' id='word_1_125' title='bbox 675 1418 872 1493; x_wconf 90' lang='lat' dir='ltr'>bomo,filius</span> <span class='ocrx_word' id='word_1_126' title='bbox 920 1419 1035 1480; x_wconf 89' lang='lat' dir='ltr'>tatibus</span> <span class='ocrx_word' id='word_1_127' title='bbox 1068 1421 1168 1498; x_wconf 85' lang='lat' dir='ltr'>certis,</span> <span class='ocrx_word' id='word_1_128' title='bbox 1198 1439 1276 1500; x_wconf 88' lang='lat' dir='ltr'>quas</span> <span class='ocrx_word' id='word_1_129' title='bbox 1309 1418 1527 1481; x_wconf 82' lang='lat' dir='ltr'>indict&#39;doontes</span> <span class='ocrx_word' id='word_1_130' title='bbox 1560 1424 1685 1493; x_wconf 91' lang='lat' dir='ltr'>vocant,</span> 
     </span>
     <span class='ocr_line' id='line_1_12' title="bbox 101 1510 1687 1592; baseline -0.002 -19"><span class='ocrx_word' id='word_1_131' title='bbox 101 1512 171 1588; x_wconf 87' lang='lat' dir='ltr'>Dei,</span> <span class='ocrx_word' id='word_1_132' title='bbox 186 1511 270 1572; x_wconf 90' lang='lat' dir='ltr'>filius</span> <span class='ocrx_word' id='word_1_133' title='bbox 290 1510 431 1590; x_wconf 80' lang='lat' dir='ltr'>Virginis</span> <span class='ocrx_word' id='word_1_134' title='bbox 454 1518 499 1573; x_wconf 87' lang='lat' dir='ltr'>est</span> <span class='ocrx_word' id='word_1_135' title='bbox 515 1533 523 1573; x_wconf 80' lang='lat' dir='ltr'><strong><em>z</em></strong></span> <span class='ocrx_word' id='word_1_136' title='bbox 537 1517 568 1572; x_wconf 91' lang='lat' dir='ltr'>et</span> <span class='ocrx_word' id='word_1_137' title='bbox 587 1510 737 1592; x_wconf 88' lang='lat' dir='ltr'>quidquid</span> <span class='ocrx_word' id='word_1_138' title='bbox 758 1510 797 1571; x_wconf 92' lang='lat' dir='ltr'>de</span> <span class='ocrx_word' id='word_1_139' title='bbox 818 1511 871 1570; x_wconf 94' lang='lat' dir='ltr'>illo</span> <span class='ocrx_word' id='word_1_140' title='bbox 921 1511 1063 1572; x_wconf 87' lang='lat' dir='ltr'>distincta</span> <span class='ocrx_word' id='word_1_141' title='bbox 1077 1512 1127 1573; x_wconf 89' lang='lat' dir='ltr'>sit.</span> <span class='ocrx_word' id='word_1_142' title='bbox 1142 1511 1309 1573; x_wconf 89' lang='lat' dir='ltr'>Posteriori</span> <span class='ocrx_word' id='word_1_143' title='bbox 1322 1531 1407 1585; x_wconf 89' lang='lat' dir='ltr'>vero,</span> <span class='ocrx_word' id='word_1_144' title='bbox 1422 1530 1487 1572; x_wconf 93' lang='lat' dir='ltr'>non</span> <span class='ocrx_word' id='word_1_145' title='bbox 1505 1514 1551 1571; x_wconf 87' lang='lat' dir='ltr'>est</span> <span class='ocrx_word' id='word_1_146' title='bbox 1573 1510 1687 1571; x_wconf 83' lang='lat' dir='ltr'>indivi-</span> 
     </span>
     <span class='ocr_line' id='line_1_13' title="bbox 101 1602 1686 1684; baseline -0.001 -20"><span class='ocrx_word' id='word_1_147' title='bbox 101 1603 227 1672; x_wconf 87' lang='lat' dir='ltr'>dicitur,</span> <span class='ocrx_word' id='word_1_148' title='bbox 241 1608 297 1664; x_wconf 88' lang='lat' dir='ltr'>aut</span> <span class='ocrx_word' id='word_1_149' title='bbox 309 1604 480 1664; x_wconf 89' lang='lat' dir='ltr'>secundum</span> <span class='ocrx_word' id='word_1_150' title='bbox 501 1605 612 1678; x_wconf 86' lang='lat' dir='ltr'>Deum,</span> <span class='ocrx_word' id='word_1_151' title='bbox 627 1608 683 1664; x_wconf 91' lang='lat' dir='ltr'>aut</span> <span class='ocrx_word' id='word_1_152' title='bbox 700 1603 871 1663; x_wconf 87' lang='lat' dir='ltr'>secundum</span> <span class='ocrx_word' id='word_1_153' title='bbox 921 1603 983 1664; x_wconf 88' lang='lat' dir='ltr'>dua</span> <span class='ocrx_word' id='word_1_154' title='bbox 999 1624 1006 1663; x_wconf 92' lang='lat'><strong>:</strong></span> <span class='ocrx_word' id='word_1_155' title='bbox 1024 1621 1060 1665; x_wconf 92' lang='lat' dir='ltr'>eo</span> <span class='ocrx_word' id='word_1_156' title='bbox 1084 1605 1167 1684; x_wconf 90' lang='lat' dir='ltr'>quod</span> <span class='ocrx_word' id='word_1_157' title='bbox 1188 1606 1289 1683; x_wconf 90' lang='lat' dir='ltr'>reipsa</span> <span class='ocrx_word' id='word_1_158' title='bbox 1311 1604 1557 1664; x_wconf 88' lang='lat' dir='ltr'>communicatur</span> <span class='ocrx_word' id='word_1_159' title='bbox 1578 1602 1665 1663; x_wconf 91' lang='lat' dir='ltr'>alteri</span> <span class='ocrx_word' id='word_1_160' title='bbox 1676 1623 1686 1677; x_wconf 91' lang='lat'>;</span> 
     </span>
     <span class='ocr_line' id='line_1_14' title="bbox 101 1693 1686 1775; baseline -0.001 -19"><span class='ocrx_word' id='word_1_161' title='bbox 101 1693 278 1770; x_wconf 84' lang='lat' dir='ltr'>hominem,</span> <span class='ocrx_word' id='word_1_162' title='bbox 292 1712 405 1756; x_wconf 88' lang='lat' dir='ltr'>verum</span> <span class='ocrx_word' id='word_1_163' title='bbox 429 1703 477 1756; x_wconf 91' lang='lat' dir='ltr'>cst</span> <span class='ocrx_word' id='word_1_164' title='bbox 499 1695 611 1756; x_wconf 89' lang='lat' dir='ltr'>dicere.</span> <span class='ocrx_word' id='word_1_165' title='bbox 626 1716 642 1753; x_wconf 83' lang='lat' dir='ltr'>a</span> <span class='ocrx_word' id='word_1_166' title='bbox 920 1712 979 1755; x_wconf 91' lang='lat' dir='ltr'>nec</span> <span class='ocrx_word' id='word_1_167' title='bbox 992 1713 1048 1775; x_wconf 92' lang='lat' dir='ltr'>per</span> <span class='ocrx_word' id='word_1_168' title='bbox 1061 1714 1137 1772; x_wconf 85' lang='lat' dir='ltr'>sese,</span> <span class='ocrx_word' id='word_1_169' title='bbox 1153 1701 1185 1757; x_wconf 90' lang='lat' dir='ltr'>et</span> <span class='ocrx_word' id='word_1_170' title='bbox 1197 1696 1236 1756; x_wconf 92' lang='lat' dir='ltr'>ab</span> <span class='ocrx_word' id='word_1_171' title='bbox 1250 1695 1397 1755; x_wconf 89' lang='lat' dir='ltr'>omnibus</span> <span class='ocrx_word' id='word_1_172' title='bbox 1409 1696 1515 1768; x_wconf 90' lang='lat' dir='ltr'>divisa,</span> <span class='ocrx_word' id='word_1_173' title='bbox 1533 1708 1686 1774; x_wconf 84' lang='lat' dir='ltr'>separata-</span> 
     </span>
     <span class='ocr_line' id='line_1_15' title="bbox 141 1786 1686 1867; baseline 0.002 -21.774"><span class='ocrx_word' id='word_1_174' title='bbox 141 1788 181 1848; x_wconf 91' lang='lat' dir='ltr'>V.</span> <span class='ocrx_word' id='word_1_175' title='bbox 199 1787 241 1849; x_wconf 90' lang='lat' dir='ltr'>Ut</span> <span class='ocrx_word' id='word_1_176' title='bbox 252 1790 357 1848; x_wconf 89' lang='lat' dir='ltr'>autem</span> <span class='ocrx_word' id='word_1_177' title='bbox 376 1787 500 1867; x_wconf 89' lang='lat' dir='ltr'>penitus</span> <span class='ocrx_word' id='word_1_178' title='bbox 517 1786 670 1848; x_wconf 83' lang='lat' dir='ltr'>individui</span> <span class='ocrx_word' id='word_1_179' title='bbox 685 1787 773 1848; x_wconf 91' lang='lat' dir='ltr'>nobis</span> <span class='ocrx_word' id='word_1_180' title='bbox 791 1788 871 1848; x_wconf 88' lang='lat' dir='ltr'>ratio</span> <span class='ocrx_word' id='word_1_181' title='bbox 922 1804 983 1866; x_wconf 90' lang='lat' dir='ltr'>que</span> <span class='ocrx_word' id='word_1_182' title='bbox 996 1789 1134 1849; x_wconf 81' lang='lat' dir='ltr'>consistit</span> <span class='ocrx_word' id='word_1_183' title='bbox 1150 1809 1157 1850; x_wconf 92' lang='lat'>:</span> <span class='ocrx_word' id='word_1_184' title='bbox 1174 1788 1274 1867; x_wconf 89' lang='lat' dir='ltr'>qualis</span> <span class='ocrx_word' id='word_1_185' title='bbox 1287 1792 1333 1849; x_wconf 90' lang='lat' dir='ltr'>est</span> <span class='ocrx_word' id='word_1_186' title='bbox 1345 1787 1542 1867; x_wconf 82' lang='lat' dir='ltr'>hypostasis:</span> <span class='ocrx_word' id='word_1_187' title='bbox 1564 1786 1604 1847; x_wconf 92' lang='lat' dir='ltr'>de</span> <span class='ocrx_word' id='word_1_188' title='bbox 1625 1805 1686 1866; x_wconf 91' lang='lat' dir='ltr'>qua</span> 
     </span>
    </p>
   </div>
   <div class='ocr_carea' id='block_1_5' title="bbox 101 1878 1183 1959">
    <p class='ocr_par' dir='ltr' id='par_1_5' title="bbox 0 1878 1183 1959">
     <span class='ocr_line' id='line_1_16' title="bbox 101 1878 1183 1959; baseline 0.002 -20.829"><span class='ocrx_word' id='word_1_189' title='bbox 101 1883 233 1953; x_wconf 85' lang='lat' dir='ltr'>constet,</span> <span class='ocrx_word' id='word_1_190' title='bbox 250 1878 412 1940; x_wconf 90' lang='lat' dir='ltr'>acmelius</span> <span class='ocrx_word' id='word_1_191' title='bbox 429 1879 649 1959; x_wconf 75' lang='lat' dir='ltr'>intelligamus,</span> <span class='ocrx_word' id='word_1_192' title='bbox 669 1880 871 1958; x_wconf 88' lang='lat' dir='ltr'>quemadmo-</span> <span class='ocrx_word' id='word_1_193' title='bbox 921 1879 1021 1958; x_wconf 90' lang='lat' dir='ltr'>capite</span> <span class='ocrx_word' id='word_1_194' title='bbox 1032 1880 1183 1959; x_wconf 84' lang='lat' dir='ltr'>sequenti.</span> 
     </span>
    </p>
   </div>
   <div class='ocr_carea' id='block_1_6' title="bbox 98 1969 1861 2419">
    <p class='ocr_par' dir='ltr' id='par_1_6' title="bbox 98 1969 1861 2419">
     <span class='ocr_line' id='line_1_17' title="bbox 100 1969 1688 2051; baseline 0 -19"><span class='ocrx_word' id='word_1_195' title='bbox 100 1970 179 2033; x_wconf 88' lang='lat' dir='ltr'>dnm</span> <span class='ocrx_word' id='word_1_196' title='bbox 190 1976 313 2032; x_wconf 75' lang='lat' dir='ltr'>nature</span> <span class='ocrx_word' id='word_1_197' title='bbox 324 1989 380 2051; x_wconf 92' lang='lat' dir='ltr'>per</span> <span class='ocrx_word' id='word_1_198' title='bbox 392 1988 424 2032; x_wconf 94' lang='lat' dir='ltr'>se</span> <span class='ocrx_word' id='word_1_199' title='bbox 438 1970 541 2047; x_wconf 79' lang='lat' dir='ltr'>aliem,</span> <span class='ocrx_word' id='word_1_200' title='bbox 556 1989 627 2050; x_wconf 88' lang='lat' dir='ltr'>quae</span> <span class='ocrx_word' id='word_1_201' title='bbox 644 1972 769 2051; x_wconf 77' lang='lat' dir='ltr'>propria</span> <span class='ocrx_word' id='word_1_202' title='bbox 788 1977 872 2033; x_wconf 89' lang='lat' dir='ltr'>caret</span> <span class='ocrx_word' id='word_1_203' title='bbox 962 1970 1014 2030; x_wconf 89' lang='lat' dir='ltr'>Vl.</span> <span class='ocrx_word' id='word_1_204' title='bbox 1037 1970 1111 2031; x_wconf 83' lang='lat' dir='ltr'>lloec</span> <span class='ocrx_word' id='word_1_205' title='bbox 1130 1970 1157 2031; x_wconf 92' lang='lat' dir='ltr'>si</span> <span class='ocrx_word' id='word_1_206' title='bbox 1174 1969 1339 2049; x_wconf 91' lang='lat' dir='ltr'>diligenter</span> <span class='ocrx_word' id='word_1_207' title='bbox 1360 1969 1525 2043; x_wconf 82' lang='lat' dir='ltr'>notaveris,</span> <span class='ocrx_word' id='word_1_208' title='bbox 1541 1969 1688 2050; x_wconf 79' lang='lat' dir='ltr'>pleraque</span> 
     </span>
     <span class='ocr_line' id='line_1_18' title="bbox 99 2061 1688 2142; baseline -0.001 -18"><span class='ocrx_word' id='word_1_209' title='bbox 99 2061 274 2142; x_wconf 81' lang='lat' dir='ltr'>hypostasi,</span> <span class='ocrx_word' id='word_1_210' title='bbox 303 2062 467 2123; x_wconf 89' lang='lat' dir='ltr'>conveniat</span> <span class='ocrx_word' id='word_1_211' title='bbox 488 2061 589 2123; x_wconf 87' lang='lat' dir='ltr'>:scire</span> <span class='ocrx_word' id='word_1_212' title='bbox 623 2061 699 2122; x_wconf 90' lang='lat' dir='ltr'>illud</span> <span class='ocrx_word' id='word_1_213' title='bbox 736 2066 868 2142; x_wconf 79' lang='lat' dir='ltr'>oporiet,</span> <span class='ocrx_word' id='word_1_214' title='bbox 922 2066 1062 2123; x_wconf 83' lang='lat' dir='ltr'>veterum</span> <span class='ocrx_word' id='word_1_215' title='bbox 1074 2063 1155 2123; x_wconf 89' lang='lat' dir='ltr'>dicta</span> <span class='ocrx_word' id='word_1_216' title='bbox 1166 2062 1366 2141; x_wconf 87' lang='lat' dir='ltr'>intelligendo</span> <span class='ocrx_word' id='word_1_217' title='bbox 1386 2062 1602 2141; x_wconf 87' lang='lat' dir='ltr'>consequeris:</span> <span class='ocrx_word' id='word_1_218' title='bbox 1618 2067 1688 2122; x_wconf 90' lang='lat' dir='ltr'>tum</span> 
     </span>
     <span class='ocr_line' id='line_1_19' title="bbox 100 2152 1688 2234; baseline 0.001 -20"><span class='ocrx_word' id='word_1_219' title='bbox 100 2152 187 2234; x_wconf 89' lang='lat' dir='ltr'>quod</span> <span class='ocrx_word' id='word_1_220' title='bbox 200 2172 221 2214; x_wconf 92' lang='lat' dir='ltr'>a</span> <span class='ocrx_word' id='word_1_221' title='bbox 240 2152 367 2214; x_wconf 81' lang='lat' dir='ltr'>Claudio</span> <span class='ocrx_word' id='word_1_222' title='bbox 394 2153 536 2233; x_wconf 79' lang='lat' dir='ltr'>&#39;liphano</span> <span class='ocrx_word' id='word_1_223' title='bbox 565 2153 685 2214; x_wconf 86' lang='lat' dir='ltr'>erudito</span> <span class='ocrx_word' id='word_1_224' title='bbox 712 2154 873 2215; x_wconf 86' lang='lat' dir='ltr'>Societatis</span> <span class='ocrx_word' id='word_1_225' title='bbox 922 2154 1024 2234; x_wconf 89' lang='lat' dir='ltr'>prima</span> <span class='ocrx_word' id='word_1_226' title='bbox 1041 2154 1139 2234; x_wconf 87' lang='lat' dir='ltr'>specis</span> <span class='ocrx_word' id='word_1_227' title='bbox 1161 2155 1243 2216; x_wconf 86' lang='lat' dir='ltr'>inter</span> <span class='ocrx_word' id='word_1_228' title='bbox 1268 2172 1300 2216; x_wconf 89' lang='lat' dir='ltr'>se</span> <span class='ocrx_word' id='word_1_229' title='bbox 1322 2154 1494 2234; x_wconf 83' lang='lat' dir='ltr'>pugnantia</span> <span class='ocrx_word' id='word_1_230' title='bbox 1527 2154 1688 2216; x_wconf 88' lang='lat' dir='ltr'>conciliare</span> 
     </span>
     <span class='ocr_line' id='line_1_20' title="bbox 99 2245 1847 2326; baseline 0.001 -20"><span class='ocrx_word' id='word_1_231' title='bbox 99 2251 218 2307; x_wconf 77' lang='lat' dir='ltr'>nosne</span> <span class='ocrx_word' id='word_1_232' title='bbox 233 2245 378 2325; x_wconf 76' lang='lat' dir='ltr'>theologo</span> <span class='ocrx_word' id='word_1_233' title='bbox 391 2245 541 2306; x_wconf 87' lang='lat' dir='ltr'>traditum</span> <span class='ocrx_word' id='word_1_234' title='bbox 562 2251 619 2320; x_wconf 86' lang='lat' dir='ltr'>est,</span> <span class='ocrx_word' id='word_1_235' title='bbox 634 2247 669 2306; x_wconf 94' lang='lat' dir='ltr'>in</span> <span class='ocrx_word' id='word_1_236' title='bbox 682 2246 795 2309; x_wconf 84' lang='lat' dir='ltr'>eximio</span> <span class='ocrx_word' id='word_1_237' title='bbox 817 2247 872 2308; x_wconf 93' lang='lat' dir='ltr'>illo</span> <span class='ocrx_word' id='word_1_238' title='bbox 920 2245 1094 2326; x_wconf 80' lang='lat' dir='ltr'>poterisUt</span> <span class='ocrx_word' id='word_1_239' title='bbox 1108 2245 1192 2325; x_wconf 90' lang='lat' dir='ltr'>quod</span> <span class='ocrx_word' id='word_1_240' title='bbox 1202 2248 1349 2307; x_wconf 87' lang='lat' dir='ltr'>Rusticus</span> <span class='ocrx_word' id='word_1_241' title='bbox 1357 2246 1450 2326; x_wconf 90' lang='lat' dir='ltr'>paulo</span> <span class='ocrx_word' id='word_1_242' title='bbox 1462 2250 1533 2307; x_wconf 88' lang='lat' dir='ltr'>ante</span> <span class='ocrx_word' id='word_1_243' title='bbox 1546 2246 1688 2307; x_wconf 89' lang='lat' dir='ltr'>laudatus</span> <span class='ocrx_word' id='word_1_244' title='bbox 1727 2272 1759 2317; x_wconf 59' lang='lat' dir='ltr'>p,</span> <span class='ocrx_word' id='word_1_245' title='bbox 1780 2271 1847 2318; x_wconf 55' lang='lat' dir='ltr'>arec.</span> 
     </span>
     <span class='ocr_line' id='line_1_21' title="bbox 98 2325 1861 2419; baseline 0 -20"><span class='ocrx_word' id='word_1_246' title='bbox 98 2337 339 2413; x_wconf 87' lang='lat' dir='ltr'>commentario,</span> <span class='ocrx_word' id='word_1_247' title='bbox 353 2355 447 2416; x_wconf 61' lang='lat' dir='ltr'>wem</span> <span class='ocrx_word' id='word_1_248' title='bbox 460 2336 674 2419; x_wconf 83' lang='lat' dir='ltr'>deHypostasi</span> <span class='ocrx_word' id='word_1_249' title='bbox 692 2343 722 2399; x_wconf 85' lang='lat' dir='ltr'>et</span> <span class='ocrx_word' id='word_1_250' title='bbox 740 2357 870 2419; x_wconf 78' lang='lat' dir='ltr'>persona</span> <span class='ocrx_word' id='word_1_251' title='bbox 921 2336 1054 2414; x_wconf 62' lang='lat' dir='ltr'>asserit,</span> <span class='ocrx_word' id='word_1_252' title='bbox 1069 2337 1207 2398; x_wconf 90' lang='lat' dir='ltr'>divinam</span> <span class='ocrx_word' id='word_1_253' title='bbox 1220 2338 1486 2399; x_wconf 75' lang='lat' dir='ltr'>christinaturam</span> <span class='ocrx_word' id='word_1_254' title='bbox 1499 2337 1689 2400; x_wconf 79' lang='lat' dir='ltr'>individuam</span> <span class='ocrx_word' id='word_1_255' title='bbox 1713 2325 1861 2372; x_wconf 62' lang='lat' dir='ltr'><strong>⁰⁰⁰⁰¹¹¹⁸¹¹m</strong></span> 
     </span>
    </p>
   </div>
   <div class='ocr_carea' id='block_1_7' title="bbox 99 2379 1849 2511">
    <p class='ocr_par' dir='ltr' id='par_1_7' title="bbox 99 2379 1849 2511">
     <span class='ocr_line' id='line_1_22' title="bbox 99 2379 1849 2511; baseline -0.001 -20"><span class='ocrx_word' id='word_1_256' title='bbox 99 2427 225 2505; x_wconf 66' lang='lat' dir='ltr'>edicio,</span> <span class='ocrx_word' id='word_1_257' title='bbox 235 2448 307 2491; x_wconf 91' lang='lat' dir='ltr'>cum</span> <span class='ocrx_word' id='word_1_258' title='bbox 320 2428 507 2491; x_wconf 78' lang='lat' dir='ltr'>individuum</span> <span class='ocrx_word' id='word_1_259' title='bbox 517 2429 601 2490; x_wconf 88' lang='lat' dir='ltr'>idem</span> <span class='ocrx_word' id='word_1_260' title='bbox 614 2431 653 2491; x_wconf 91' lang='lat' dir='ltr'>sit</span> <span class='ocrx_word' id='word_1_261' title='bbox 664 2449 699 2492; x_wconf 90' lang='lat' dir='ltr'>ac</span> <span class='ocrx_word' id='word_1_262' title='bbox 711 2430 870 2511; x_wconf 64' lang='lat' dir='ltr'>copulare,</span> <span class='ocrx_word' id='word_1_263' title='bbox 921 2446 986 2489; x_wconf 91' lang='lat' dir='ltr'>uon</span> <span class='ocrx_word' id='word_1_264' title='bbox 1000 2446 1065 2489; x_wconf 87' lang='lat' dir='ltr'>esse</span> <span class='ocrx_word' id='word_1_265' title='bbox 1081 2448 1089 2489; x_wconf 81' lang='lat' dir='ltr'>t</span> <span class='ocrx_word' id='word_1_266' title='bbox 1103 2428 1276 2490; x_wconf 90' lang='lat' dir='ltr'>humanam</span> <span class='ocrx_word' id='word_1_267' title='bbox 1285 2447 1359 2490; x_wconf 91' lang='lat' dir='ltr'>vero</span> <span class='ocrx_word' id='word_1_268' title='bbox 1366 2431 1519 2491; x_wconf 82' lang='lat' dir='ltr'>duntaxat</span> <span class='ocrx_word' id='word_1_269' title='bbox 1527 2448 1603 2491; x_wconf 86' lang='lat' dir='ltr'>esse.</span> <span class='ocrx_word' id='word_1_270' title='bbox 1611 2431 1690 2491; x_wconf 89' lang='lat' dir='ltr'>Item</span> <span class='ocrx_word' id='word_1_271' title='bbox 1724 2379 1849 2479; x_wconf 51' lang='lat' dir='ltr'>Pffllss</span> 
     </span>
    </p>
   </div>
   <div class='ocr_carea' id='block_1_8' title="bbox 99 2486 1846 5079">
    <p class='ocr_par' dir='ltr' id='par_1_8' title="bbox 99 2486 1846 4527">
     <span class='ocr_line' id='line_1_23' title="bbox 99 2486 1846 2601; baseline -0.001 -18"><span class='ocrx_word' id='word_1_272' title='bbox 99 2526 132 2583; x_wconf 87' lang='lat' dir='ltr'>et</span> <span class='ocrx_word' id='word_1_273' title='bbox 145 2521 309 2582; x_wconf 89' lang='lat' dir='ltr'>communi</span> <span class='ocrx_word' id='word_1_274' title='bbox 322 2539 361 2582; x_wconf 87' lang='lat' dir='ltr'>ex</span> <span class='ocrx_word' id='word_1_275' title='bbox 373 2522 501 2582; x_wconf 86' lang='lat' dir='ltr'>adverso</span> <span class='ocrx_word' id='word_1_276' title='bbox 520 2522 716 2601; x_wconf 89' lang='lat' dir='ltr'>respondeat,</span> <span class='ocrx_word' id='word_1_277' title='bbox 735 2536 799 2584; x_wconf 89' lang='lat' dir='ltr'>tam</span> <span class='ocrx_word' id='word_1_278' title='bbox 812 2523 873 2584; x_wconf 89' lang='lat' dir='ltr'>late</span> <span class='ocrx_word' id='word_1_279' title='bbox 922 2520 1005 2599; x_wconf 91' lang='lat' dir='ltr'>quod</span> <span class='ocrx_word' id='word_1_280' title='bbox 1030 2520 1069 2580; x_wconf 91' lang='lat' dir='ltr'>ab</span> <span class='ocrx_word' id='word_1_281' title='bbox 1091 2521 1211 2582; x_wconf 87' lang='lat' dir='ltr'>Joanne</span> <span class='ocrx_word' id='word_1_282' title='bbox 1244 2522 1432 2582; x_wconf 79' lang='lat' dir='ltr'>Damascene</span> <span class='ocrx_word' id='word_1_283' title='bbox 1458 2522 1607 2601; x_wconf 90' lang='lat' dir='ltr'>scriptum</span> <span class='ocrx_word' id='word_1_284' title='bbox 1631 2528 1688 2600; x_wconf 86' lang='lat' dir='ltr'>est,</span> <span class='ocrx_word' id='word_1_285' title='bbox 1715 2486 1846 2597; x_wconf 52' lang='lat' dir='ltr'>pufflss.</span> 
     </span>
     <span class='ocr_line' id='line_1_24' title="bbox 99 2610 1690 2692; baseline -0.001 -17"><span class='ocrx_word' id='word_1_286' title='bbox 99 2619 222 2692; x_wconf 75' lang='lat' dir='ltr'>patere,</span> <span class='ocrx_word' id='word_1_287' title='bbox 244 2630 341 2692; x_wconf 91' lang='lat' dir='ltr'>quam</span> <span class='ocrx_word' id='word_1_288' title='bbox 362 2612 447 2692; x_wconf 87' lang='lat' dir='ltr'>quod</span> <span class='ocrx_word' id='word_1_289' title='bbox 470 2629 637 2674; x_wconf 90' lang='lat' dir='ltr'>commuue</span> <span class='ocrx_word' id='word_1_290' title='bbox 661 2614 782 2675; x_wconf 89' lang='lat' dir='ltr'>dicitur.</span> <span class='ocrx_word' id='word_1_291' title='bbox 809 2615 874 2676; x_wconf 91' lang='lat' dir='ltr'>Hoc</span> <span class='ocrx_word' id='word_1_292' title='bbox 922 2610 1063 2672; x_wconf 85' lang='lat' dir='ltr'>Verbum</span> <span class='ocrx_word' id='word_1_293' title='bbox 1087 2613 1286 2692; x_wconf 83' lang='lat' dir='ltr'>assumpsisse</span> <span class='ocrx_word' id='word_1_294' title='bbox 1304 2622 1449 2674; x_wconf 86' lang='lat' dir='ltr'>naturam</span> <span class='ocrx_word' id='word_1_295' title='bbox 1464 2613 1610 2690; x_wconf 89' lang='lat' dir='ltr'>bominis,</span> <span class='ocrx_word' id='word_1_296' title='bbox 1626 2632 1690 2675; x_wconf 92' lang='lat' dir='ltr'>non</span> 
     </span>
     <span class='ocr_line' id='line_1_25' title="bbox 99 2704 1688 2785; baseline 0.001 -20"><span class='ocrx_word' id='word_1_297' title='bbox 99 2717 210 2765; x_wconf 86' lang='lat' dir='ltr'>autem</span> <span class='ocrx_word' id='word_1_298' title='bbox 232 2704 353 2766; x_wconf 91' lang='lat' dir='ltr'>duobus</span> <span class='ocrx_word' id='word_1_299' title='bbox 375 2705 476 2765; x_wconf 90' lang='lat' dir='ltr'>modis</span> <span class='ocrx_word' id='word_1_300' title='bbox 495 2705 592 2784; x_wconf 86' lang='lat' dir='ltr'>accipi</span> <span class='ocrx_word' id='word_1_301' title='bbox 615 2706 703 2766; x_wconf 88' lang='lat' dir='ltr'>solet.</span> <span class='ocrx_word' id='word_1_302' title='bbox 723 2707 802 2767; x_wconf 92' lang='lat' dir='ltr'>Nam</span> <span class='ocrx_word' id='word_1_303' title='bbox 825 2707 876 2767; x_wconf 88' lang='lat' dir='ltr'>vsl</span> <span class='ocrx_word' id='word_1_304' title='bbox 922 2720 985 2781; x_wconf 91' lang='lat' dir='ltr'>qua</span> <span class='ocrx_word' id='word_1_305' title='bbox 998 2704 1176 2764; x_wconf 74' lang='lat' dir='ltr'>autumatis</span> <span class='ocrx_word' id='word_1_306' title='bbox 1191 2710 1246 2772; x_wconf 81' lang='lat' dir='ltr'>est,</span> <span class='ocrx_word' id='word_1_307' title='bbox 1263 2710 1317 2765; x_wconf 91' lang='lat' dir='ltr'>aut</span> <span class='ocrx_word' id='word_1_308' title='bbox 1331 2723 1393 2785; x_wconf 89' lang='lat' dir='ltr'>qua</span> <span class='ocrx_word' id='word_1_309' title='bbox 1407 2707 1441 2766; x_wconf 93' lang='lat' dir='ltr'>iu</span> <span class='ocrx_word' id='word_1_310' title='bbox 1460 2705 1567 2767; x_wconf 87' lang='lat' dir='ltr'>multis</span> <span class='ocrx_word' id='word_1_311' title='bbox 1583 2707 1688 2767; x_wconf 88' lang='lat' dir='ltr'>inest:</span> 
     </span>
     <span class='ocr_line' id='line_1_26' title="bbox 99 2794 1691 2877; baseline -0.001 -18"><span class='ocrx_word' id='word_1_312' title='bbox 99 2796 278 2859; x_wconf 86' lang='lat' dir='ltr'>secundum</span> <span class='ocrx_word' id='word_1_313' title='bbox 312 2801 455 2858; x_wconf 79' lang='lat' dir='ltr'>ratonem</span> <span class='ocrx_word' id='word_1_314' title='bbox 487 2797 632 2872; x_wconf 87' lang='lat' dir='ltr'>sumitur,</span> <span class='ocrx_word' id='word_1_315' title='bbox 656 2797 740 2877; x_wconf 92' lang='lat' dir='ltr'>quod</span> <span class='ocrx_word' id='word_1_316' title='bbox 774 2799 874 2860; x_wconf 82' lang='lat' dir='ltr'>Graeci</span> <span class='ocrx_word' id='word_1_317' title='bbox 927 2794 1016 2856; x_wconf 85' lang='lat' dir='ltr'>cSed</span> <span class='ocrx_word' id='word_1_318' title='bbox 1035 2813 1105 2874; x_wconf 84' lang='lat' dir='ltr'>quae</span> <span class='ocrx_word' id='word_1_319' title='bbox 1119 2796 1151 2856; x_wconf 93' lang='lat' dir='ltr'>iu</span> <span class='ocrx_word' id='word_1_320' title='bbox 1175 2814 1240 2857; x_wconf 92' lang='lat' dir='ltr'>uno</span> <span class='ocrx_word' id='word_1_321' title='bbox 1262 2803 1308 2857; x_wconf 89' lang='lat' dir='ltr'>est</span> <span class='ocrx_word' id='word_1_322' title='bbox 1322 2797 1494 2858; x_wconf 90' lang='lat' dir='ltr'>individuo.</span> <span class='ocrx_word' id='word_1_323' title='bbox 1516 2798 1586 2858; x_wconf 92' lang='lat' dir='ltr'>Non</span> <span class='ocrx_word' id='word_1_324' title='bbox 1606 2799 1691 2858; x_wconf 89' lang='lat' dir='ltr'>enim</span> 
     </span>
     <span class='ocr_line' id='line_1_27' title="bbox 100 2885 1690 2968; baseline 0.001 -20"><span class='ocrx_word' id='word_1_325' title='bbox 100 2887 199 2968; x_wconf 77' lang='lat' dir='ltr'>logici</span> <span class='ocrx_word' id='word_1_326' title='bbox 234 2888 344 2949; x_wconf 89' lang='lat' dir='ltr'>dicunt</span> <span class='ocrx_word' id='word_1_327' title='bbox 364 2893 554 2968; x_wconf 72' lang='grc' dir='ltr'>ἐννοηματιιῶς,</span> <span class='ocrx_word' id='word_1_328' title='bbox 590 2889 691 2950; x_wconf 85' lang='lat' dir='ltr'>Latini</span> <span class='ocrx_word' id='word_1_329' title='bbox 717 2890 874 2951; x_wconf 62' lang='lat' dir='ltr'>amomum</span> <span class='ocrx_word' id='word_1_330' title='bbox 923 2885 1089 2948; x_wconf 92' lang='lat' dir='ltr'>hocmodo</span> <span class='ocrx_word' id='word_1_331' title='bbox 1103 2888 1276 2966; x_wconf 86' lang='lat' dir='ltr'>significare</span> <span class='ocrx_word' id='word_1_332' title='bbox 1290 2887 1690 2968; x_wconf 83' lang='lat' dir='ltr'>individuum,sivehypos-</span> 
     </span>
     <span class='ocr_line' id='line_1_28' title="bbox 100 2979 1691 3061; baseline 0 -20"><span class='ocrx_word' id='word_1_333' title='bbox 100 2980 300 3041; x_wconf 65' lang='lat' dir='ltr'>mentionem</span> <span class='ocrx_word' id='word_1_334' title='bbox 314 2984 426 3041; x_wconf 87' lang='lat' dir='ltr'>vocant</span> <span class='ocrx_word' id='word_1_335' title='bbox 443 3000 450 3040; x_wconf 77' lang='grc' dir='ltr'>ι</span> <span class='ocrx_word' id='word_1_336' title='bbox 467 2999 528 3060; x_wconf 89' lang='lat' dir='ltr'>qua</span> <span class='ocrx_word' id='word_1_337' title='bbox 542 2985 655 3042; x_wconf 88' lang='lat' dir='ltr'>natura</span> <span class='ocrx_word' id='word_1_338' title='bbox 664 2981 820 3061; x_wconf 83' lang='lat' dir='ltr'>quaepiam</span> <span class='ocrx_word' id='word_1_339' title='bbox 832 2981 876 3043; x_wconf 88' lang='lat' dir='ltr'>ita</span> <span class='ocrx_word' id='word_1_340' title='bbox 923 2979 1012 3039; x_wconf 79' lang='lat' dir='ltr'>casim</span> <span class='ocrx_word' id='word_1_341' title='bbox 1028 2980 1163 3059; x_wconf 86' lang='lat' dir='ltr'>proprie,</span> <span class='ocrx_word' id='word_1_342' title='bbox 1177 2999 1213 3041; x_wconf 91' lang='lat' dir='ltr'>ac</span> <span class='ocrx_word' id='word_1_343' title='bbox 1223 2979 1325 3041; x_wconf 91' lang='lat' dir='ltr'>solum</span> <span class='ocrx_word' id='word_1_344' title='bbox 1342 2999 1461 3060; x_wconf 88' lang='lat' dir='ltr'>:neque</span> <span class='ocrx_word' id='word_1_345' title='bbox 1481 2981 1564 3060; x_wconf 88' lang='lat' dir='ltr'>quod</span> <span class='ocrx_word' id='word_1_346' title='bbox 1577 2982 1691 3061; x_wconf 82' lang='lat' dir='ltr'>hypos-</span> 
     </span>
     <span class='ocr_line' id='line_1_29' title="bbox 100 3069 1691 3151; baseline 0 -18"><span class='ocrx_word' id='word_1_347' title='bbox 100 3070 282 3133; x_wconf 90' lang='lat' dir='ltr'>commnuis</span> <span class='ocrx_word' id='word_1_348' title='bbox 295 3076 342 3132; x_wconf 88' lang='lat' dir='ltr'>cst</span> <span class='ocrx_word' id='word_1_349' title='bbox 354 3070 471 3146; x_wconf 88' lang='lat' dir='ltr'>multis,</span> <span class='ocrx_word' id='word_1_350' title='bbox 486 3076 523 3131; x_wconf 90' lang='lat' dir='ltr'>ut</span> <span class='ocrx_word' id='word_1_351' title='bbox 538 3071 573 3131; x_wconf 95' lang='lat' dir='ltr'>in</span> <span class='ocrx_word' id='word_1_352' title='bbox 585 3071 623 3132; x_wconf 89' lang='lat' dir='ltr'>iis</span> <span class='ocrx_word' id='word_1_353' title='bbox 635 3072 874 3151; x_wconf 85' lang='lat' dir='ltr'>multiplicetm,</span> <span class='ocrx_word' id='word_1_354' title='bbox 924 3069 1041 3130; x_wconf 87' lang='lat' dir='ltr'>tasibus</span> <span class='ocrx_word' id='word_1_355' title='bbox 1054 3075 1100 3131; x_wconf 90' lang='lat' dir='ltr'>est</span> <span class='ocrx_word' id='word_1_356' title='bbox 1113 3089 1280 3132; x_wconf 86' lang='lat' dir='ltr'>commune</span> <span class='ocrx_word' id='word_1_357' title='bbox 1293 3091 1301 3147; x_wconf 92' lang='lat'>;</span> <span class='ocrx_word' id='word_1_358' title='bbox 1316 3073 1370 3133; x_wconf 90' lang='lat' dir='ltr'>sed</span> <span class='ocrx_word' id='word_1_359' title='bbox 1387 3089 1588 3133; x_wconf 88' lang='lat' dir='ltr'>communem</span> <span class='ocrx_word' id='word_1_360' title='bbox 1599 3077 1691 3134; x_wconf 89' lang='lat' dir='ltr'>uatu-</span> 
     </span>
     <span class='ocr_line' id='line_1_30' title="bbox 101 3161 1689 3242; baseline 0 -18"><span class='ocrx_word' id='word_1_361' title='bbox 101 3164 206 3242; x_wconf 88' lang='lat' dir='ltr'>dequc</span> <span class='ocrx_word' id='word_1_362' title='bbox 240 3162 350 3223; x_wconf 90' lang='lat' dir='ltr'>iisdem</span> <span class='ocrx_word' id='word_1_363' title='bbox 388 3161 572 3241; x_wconf 73' lang='lat' dir='ltr'>predicetur</span> <span class='ocrx_word' id='word_1_364' title='bbox 595 3182 602 3223; x_wconf 77' lang='grc' dir='ltr'><strong>ε</strong></span> <span class='ocrx_word' id='word_1_365' title='bbox 625 3163 797 3242; x_wconf 86' lang='lat' dir='ltr'>cujusmodi</span> <span class='ocrx_word' id='word_1_366' title='bbox 831 3168 878 3224; x_wconf 89' lang='lat' dir='ltr'>est</span> <span class='ocrx_word' id='word_1_367' title='bbox 924 3178 994 3222; x_wconf 90' lang='lat' dir='ltr'>ram</span> <span class='ocrx_word' id='word_1_368' title='bbox 1016 3163 1050 3221; x_wconf 92' lang='lat' dir='ltr'>in</span> <span class='ocrx_word' id='word_1_369' title='bbox 1071 3180 1136 3223; x_wconf 88' lang='lat' dir='ltr'>una</span> <span class='ocrx_word' id='word_1_370' title='bbox 1156 3164 1365 3242; x_wconf 86' lang='lat' dir='ltr'>hypostaseon</span> <span class='ocrx_word' id='word_1_371' title='bbox 1385 3165 1608 3226; x_wconf 88' lang='lat' dir='ltr'>consideratam</span> <span class='ocrx_word' id='word_1_372' title='bbox 1628 3174 1689 3226; x_wconf 65' lang='lat' dir='ltr'>‘tn</span> 
     </span>
     <span class='ocr_line' id='line_1_31' title="bbox 101 3253 1696 3335; baseline 0.001 -20"><span class='ocrx_word' id='word_1_373' title='bbox 101 3272 218 3335; x_wconf 89' lang='lat' dir='ltr'>genus,</span> <span class='ocrx_word' id='word_1_374' title='bbox 246 3260 301 3315; x_wconf 88' lang='lat' dir='ltr'>aut</span> <span class='ocrx_word' id='word_1_375' title='bbox 325 3253 454 3333; x_wconf 85' lang='lat' dir='ltr'>species.</span> <span class='ocrx_word' id='word_1_376' title='bbox 481 3253 539 3314; x_wconf 89' lang='lat' dir='ltr'>Vel</span> <span class='ocrx_word' id='word_1_377' title='bbox 558 3273 591 3315; x_wconf 86' lang='lat' dir='ltr'>rc</span> <span class='ocrx_word' id='word_1_378' title='bbox 613 3254 679 3335; x_wconf 82' lang='lat' dir='ltr'>ipso</span> <span class='ocrx_word' id='word_1_379' title='bbox 703 3254 876 3316; x_wconf 89' lang='lat' dir='ltr'>communis</span> <span class='ocrx_word' id='word_1_380' title='bbox 925 3254 1007 3313; x_wconf 88' lang='lat' dir='ltr'>Tum</span> <span class='ocrx_word' id='word_1_381' title='bbox 1020 3253 1105 3333; x_wconf 92' lang='lat' dir='ltr'>quod</span> <span class='ocrx_word' id='word_1_382' title='bbox 1122 3255 1246 3315; x_wconf 84' lang='lat' dir='ltr'>Graecos</span> <span class='ocrx_word' id='word_1_383' title='bbox 1265 3254 1329 3316; x_wconf 88' lang='lat' dir='ltr'>iere</span> <span class='ocrx_word' id='word_1_384' title='bbox 1348 3257 1453 3321; x_wconf 83' lang='lat' dir='ltr'>Patres</span> <span class='ocrx_word' id='word_1_385' title='bbox 1475 3274 1626 3335; x_wconf 88' lang='lat' dir='ltr'>usurpare</span> <span class='ocrx_word' id='word_1_386' title='bbox 1644 3256 1696 3317; x_wconf 90' lang='lat' dir='ltr'>de·</span> 
     </span>
     <span class='ocr_line' id='line_1_32' title="bbox 102 3344 1692 3426; baseline 0.001 -19"><span class='ocrx_word' id='word_1_387' title='bbox 102 3345 673 3426; x_wconf 82' lang='lat' dir='ltr'>dicitur,quamprimomintcntionem</span> <span class='ocrx_word' id='word_1_388' title='bbox 680 3345 877 3407; x_wconf 83' lang='lat' dir='ltr'>scholaenun-</span> <span class='ocrx_word' id='word_1_389' title='bbox 926 3344 1167 3405; x_wconf 89' lang='lat' dir='ltr'>monstravimus</span> <span class='ocrx_word' id='word_1_390' title='bbox 1187 3346 1222 3405; x_wconf 93' lang='lat' dir='ltr'>in</span> <span class='ocrx_word' id='word_1_391' title='bbox 1235 3352 1346 3425; x_wconf 91' lang='lat' dir='ltr'>quarto</span> <span class='ocrx_word' id='word_1_392' title='bbox 1365 3346 1446 3407; x_wconf 92' lang='lat' dir='ltr'>libro</span> <span class='ocrx_word' id='word_1_393' title='bbox 1467 3345 1503 3407; x_wconf 79' lang='lat' dir='ltr'>de</span> <span class='ocrx_word' id='word_1_394' title='bbox 1530 3346 1692 3422; x_wconf 81' lang='lat' dir='ltr'>Trinitate,</span> 
     </span>
     <span class='ocr_line' id='line_1_33' title="bbox 102 3435 1694 3517; baseline 0.001 -19"><span class='ocrx_word' id='word_1_395' title='bbox 102 3443 224 3517; x_wconf 87' lang='lat' dir='ltr'>cupant</span> <span class='ocrx_word' id='word_1_396' title='bbox 238 3455 246 3496; x_wconf 77' lang='grc' dir='ltr'>ι</span> <span class='ocrx_word' id='word_1_397' title='bbox 262 3442 299 3498; x_wconf 90' lang='lat' dir='ltr'>ut</span> <span class='ocrx_word' id='word_1_398' title='bbox 313 3454 386 3498; x_wconf 91' lang='lat' dir='ltr'>cum</span> <span class='ocrx_word' id='word_1_399' title='bbox 398 3443 510 3499; x_wconf 89' lang='lat' dir='ltr'>natura</span> <span class='ocrx_word' id='word_1_400' title='bbox 528 3436 632 3517; x_wconf 92' lang='lat' dir='ltr'>aliqua</span> <span class='ocrx_word' id='word_1_401' title='bbox 655 3437 832 3515; x_wconf 87' lang='lat' dir='ltr'>singularis,</span> <span class='ocrx_word' id='word_1_402' title='bbox 847 3444 879 3499; x_wconf 90' lang='lat' dir='ltr'>et</span> <span class='ocrx_word' id='word_1_403' title='bbox 927 3435 1127 3513; x_wconf 80' lang='lat' dir='ltr'>individuum,</span> <span class='ocrx_word' id='word_1_404' title='bbox 1148 3436 1215 3498; x_wconf 91' lang='lat' dir='ltr'>sive</span> <span class='ocrx_word' id='word_1_405' title='bbox 1229 3441 1364 3517; x_wconf 81' lang='lat' dir='ltr'>primam</span> <span class='ocrx_word' id='word_1_406' title='bbox 1384 3438 1589 3515; x_wconf 82' lang='lat' dir='ltr'>substantiam,</span> <span class='ocrx_word' id='word_1_407' title='bbox 1610 3439 1694 3500; x_wconf 87' lang='lat' dir='ltr'>idem</span> 
     </span>
     <span class='ocr_line' id='line_1_34' title="bbox 102 3529 1697 3609; baseline 0.001 -18"><span class='ocrx_word' id='word_1_408' title='bbox 102 3530 217 3591; x_wconf 85' lang='lat' dir='ltr'>eadem</span> <span class='ocrx_word' id='word_1_409' title='bbox 234 3546 365 3590; x_wconf 88' lang='lat' dir='ltr'>numero</span> <span class='ocrx_word' id='word_1_410' title='bbox 379 3547 522 3603; x_wconf 89' lang='lat' dir='ltr'>manens,</span> <span class='ocrx_word' id='word_1_411' title='bbox 538 3533 593 3589; x_wconf 90' lang='lat' dir='ltr'>aut</span> <span class='ocrx_word' id='word_1_412' title='bbox 609 3529 665 3589; x_wconf 92' lang='lat' dir='ltr'>uni</span> <span class='ocrx_word' id='word_1_413' title='bbox 678 3529 771 3591; x_wconf 91' lang='lat' dir='ltr'>alicui</span> <span class='ocrx_word' id='word_1_414' title='bbox 794 3547 879 3590; x_wconf 89' lang='lat' dir='ltr'>com·</span> <span class='ocrx_word' id='word_1_415' title='bbox 927 3546 1074 3589; x_wconf 85' lang='lat' dir='ltr'>essecum</span> <span class='ocrx_word' id='word_1_416' title='bbox 1086 3529 1256 3608; x_wconf 82' lang='lat' dir='ltr'>hypostasi.</span> <span class='ocrx_word' id='word_1_417' title='bbox 1269 3529 1369 3609; x_wconf 78' lang='lat' dir='ltr'>litque</span> <span class='ocrx_word' id='word_1_418' title='bbox 1393 3530 1471 3591; x_wconf 91' lang='lat' dir='ltr'>illud</span> <span class='ocrx_word' id='word_1_419' title='bbox 1485 3532 1579 3592; x_wconf 88' lang='lat' dir='ltr'>etiam</span> <span class='ocrx_word' id='word_1_420' title='bbox 1598 3532 1697 3592; x_wconf 90' lang='lat' dir='ltr'>mani·</span> 
     </span>
     <span class='ocr_line' id='line_1_35' title="bbox 103 3619 1695 3701; baseline 0.001 -18"><span class='ocrx_word' id='word_1_421' title='bbox 103 3622 297 3697; x_wconf 91' lang='lat' dir='ltr'>municatur,</span> <span class='ocrx_word' id='word_1_422' title='bbox 314 3625 369 3681; x_wconf 89' lang='lat' dir='ltr'>aut</span> <span class='ocrx_word' id='word_1_423' title='bbox 381 3620 534 3701; x_wconf 89' lang='lat' dir='ltr'>pluribus.</span> <span class='ocrx_word' id='word_1_424' title='bbox 554 3621 606 3682; x_wconf 87' lang='lat' dir='ltr'>Sic</span> <span class='ocrx_word' id='word_1_425' title='bbox 619 3621 704 3681; x_wconf 90' lang='lat' dir='ltr'>enim</span> <span class='ocrx_word' id='word_1_426' title='bbox 718 3620 876 3697; x_wconf 89' lang='lat' dir='ltr'>divinitas,</span> <span class='ocrx_word' id='word_1_427' title='bbox 928 3619 1042 3683; x_wconf 80' lang='lat' dir='ltr'>festum</span> <span class='ocrx_word' id='word_1_428' title='bbox 1056 3626 1111 3694; x_wconf 90' lang='lat' dir='ltr'>est,</span> <span class='ocrx_word' id='word_1_429' title='bbox 1127 3621 1211 3701; x_wconf 90' lang='lat' dir='ltr'>quod</span> <span class='ocrx_word' id='word_1_430' title='bbox 1224 3622 1309 3683; x_wconf 91' lang='lat' dir='ltr'>idem</span> <span class='ocrx_word' id='word_1_431' title='bbox 1322 3622 1368 3682; x_wconf 92' lang='lat' dir='ltr'>illi</span> <span class='ocrx_word' id='word_1_432' title='bbox 1382 3622 1489 3684; x_wconf 84' lang='lat' dir='ltr'>Patres</span> <span class='ocrx_word' id='word_1_433' title='bbox 1507 3629 1695 3699; x_wconf 85' lang='lat' dir='ltr'>asseverant,</span> 
     </span>
     <span class='ocr_line' id='line_1_36' title="bbox 104 3711 1696 3795; baseline 0.001 -20"><span class='ocrx_word' id='word_1_434' title='bbox 104 3729 182 3775; x_wconf 89' lang='lat' dir='ltr'>cnm</span> <span class='ocrx_word' id='word_1_435' title='bbox 195 3714 235 3774; x_wconf 92' lang='lat' dir='ltr'>sit</span> <span class='ocrx_word' id='word_1_436' title='bbox 247 3729 310 3773; x_wconf 91' lang='lat' dir='ltr'>una</span> <span class='ocrx_word' id='word_1_437' title='bbox 323 3729 465 3791; x_wconf 86' lang='lat' dir='ltr'>numero,</span> <span class='ocrx_word' id='word_1_438' title='bbox 478 3711 579 3773; x_wconf 90' lang='lat' dir='ltr'>tribus</span> <span class='ocrx_word' id='word_1_439' title='bbox 590 3712 729 3792; x_wconf 88' lang='lat' dir='ltr'>personis</span> <span class='ocrx_word' id='word_1_440' title='bbox 739 3730 880 3774; x_wconf 89' lang='lat' dir='ltr'>commu·</span> <span class='ocrx_word' id='word_1_441' title='bbox 927 3717 1072 3774; x_wconf 87' lang='lat' dir='ltr'>naturam</span> <span class='ocrx_word' id='word_1_442' title='bbox 1085 3731 1252 3775; x_wconf 92' lang='lat' dir='ltr'>commune</span> <span class='ocrx_word' id='word_1_443' title='bbox 1264 3714 1383 3793; x_wconf 92' lang='lat' dir='ltr'>aliquid</span> <span class='ocrx_word' id='word_1_444' title='bbox 1398 3733 1474 3788; x_wconf 89' lang='lat' dir='ltr'>esse,</span> <span class='ocrx_word' id='word_1_445' title='bbox 1485 3733 1549 3775; x_wconf 90' lang='lat' dir='ltr'>non</span> <span class='ocrx_word' id='word_1_446' title='bbox 1560 3716 1696 3795; x_wconf 90' lang='lat' dir='ltr'>particu-</span> 
     </span>
     <span class='ocr_line' id='line_1_37' title="bbox 104 3802 1696 3885; baseline 0.001 -19"><span class='ocrx_word' id='word_1_447' title='bbox 104 3806 158 3866; x_wconf 93' lang='lat' dir='ltr'>nis</span> <span class='ocrx_word' id='word_1_448' title='bbox 173 3802 395 3879; x_wconf 82' lang='lat' dir='ltr'>estidcntitcle,</span> <span class='ocrx_word' id='word_1_449' title='bbox 411 3810 447 3865; x_wconf 92' lang='lat' dir='ltr'>ut</span> <span class='ocrx_word' id='word_1_450' title='bbox 469 3804 653 3884; x_wconf 89' lang='lat' dir='ltr'>loquuntur,</span> <span class='ocrx_word' id='word_1_451' title='bbox 667 3803 812 3884; x_wconf 81' lang='lat' dir='ltr'>simplici.</span> <span class='ocrx_word' id='word_1_452' title='bbox 829 3805 880 3866; x_wconf 85' lang='lat' dir='ltr'>Sic</span> <span class='ocrx_word' id='word_1_453' title='bbox 928 3804 1004 3865; x_wconf 84' lang='lat' dir='ltr'>lare.</span> <span class='ocrx_word' id='word_1_454' title='bbox 1038 3826 1054 3863; x_wconf 87' lang='lat' dir='ltr'>c</span> <span class='ocrx_word' id='word_1_455' title='bbox 1088 3806 1224 3882; x_wconf 90' lang='lat' dir='ltr'>Natura,</span> <span class='ocrx_word' id='word_1_456' title='bbox 1251 3806 1355 3885; x_wconf 91' lang='lat' dir='ltr'>iuquit</span> <span class='ocrx_word' id='word_1_457' title='bbox 1389 3808 1534 3868; x_wconf 88' lang='lat' dir='ltr'>Rusticus</span> <span class='ocrx_word' id='word_1_458' title='bbox 1555 3806 1578 3883; x_wconf 82' lang='lat'>⁸,</span> <span class='ocrx_word' id='word_1_459' title='bbox 1615 3825 1696 3867; x_wconf 92' lang='lat' dir='ltr'>nun-</span> 
     </span>
     <span class='ocr_line' id='line_1_38' title="bbox 106 3895 1698 3976; baseline 0.001 -18"><span class='ocrx_word' id='word_1_460' title='bbox 106 3897 203 3958; x_wconf 82' lang='lat' dir='ltr'>etiam</span> <span class='ocrx_word' id='word_1_461' title='bbox 224 3895 423 3957; x_wconf 75' lang='lat' dir='ltr'>substantiva</span> <span class='ocrx_word' id='word_1_462' title='bbox 445 3902 560 3975; x_wconf 89' lang='lat' dir='ltr'>partes,</span> <span class='ocrx_word' id='word_1_463' title='bbox 587 3900 807 3974; x_wconf 89' lang='lat' dir='ltr'>componentes</span> <span class='ocrx_word' id='word_1_464' title='bbox 827 3895 879 3956; x_wconf 93' lang='lat' dir='ltr'>ali·</span> <span class='ocrx_word' id='word_1_465' title='bbox 930 3914 1025 3976; x_wconf 91' lang='lat' dir='ltr'>quam</span> <span class='ocrx_word' id='word_1_466' title='bbox 1059 3903 1105 3958; x_wconf 90' lang='lat' dir='ltr'>est</span> <span class='ocrx_word' id='word_1_467' title='bbox 1131 3897 1302 3958; x_wconf 87' lang='lat' dir='ltr'>individua.</span> <span class='ocrx_word' id='word_1_468' title='bbox 1339 3899 1409 3959; x_wconf 92' lang='lat' dir='ltr'>Non</span> <span class='ocrx_word' id='word_1_469' title='bbox 1442 3899 1526 3959; x_wconf 89' lang='lat' dir='ltr'>enim</span> <span class='ocrx_word' id='word_1_470' title='bbox 1559 3897 1698 3960; x_wconf 84' lang='lat' dir='ltr'>definitio</span> 
     </span>
     <span class='ocr_line' id='line_1_39' title="bbox 106 3986 1699 4068; baseline 0.001 -19"><span class='ocrx_word' id='word_1_471' title='bbox 106 3987 195 4068; x_wconf 91' lang='lat' dir='ltr'>qnod</span> <span class='ocrx_word' id='word_1_472' title='bbox 218 4004 341 4066; x_wconf 87' lang='lat' dir='ltr'>corpus,</span> <span class='ocrx_word' id='word_1_473' title='bbox 369 3988 453 4048; x_wconf 90' lang='lat' dir='ltr'>inter</span> <span class='ocrx_word' id='word_1_474' title='bbox 475 4005 508 4049; x_wconf 88' lang='lat' dir='ltr'>se</span> <span class='ocrx_word' id='word_1_475' title='bbox 534 3987 822 4065; x_wconf 73' lang='lat' dir='ltr'>communicantur,</span> <span class='ocrx_word' id='word_1_476' title='bbox 845 3993 881 4049; x_wconf 91' lang='lat' dir='ltr'>ut</span> <span class='ocrx_word' id='word_1_477' title='bbox 930 3986 1092 4049; x_wconf 89' lang='lat' dir='ltr'>individua</span> <span class='ocrx_word' id='word_1_478' title='bbox 1118 3996 1173 4050; x_wconf 89' lang='lat' dir='ltr'>est.</span> <span class='ocrx_word' id='word_1_479' title='bbox 1206 4013 1219 4042; x_wconf 77' lang='grc' dir='ltr'>ι</span> <span class='ocrx_word' id='word_1_480' title='bbox 1241 3989 1370 4050; x_wconf 86' lang='lat' dir='ltr'>Prorsus</span> <span class='ocrx_word' id='word_1_481' title='bbox 1393 3990 1477 4050; x_wconf 89' lang='lat' dir='ltr'>enim</span> <span class='ocrx_word' id='word_1_482' title='bbox 1501 4007 1699 4051; x_wconf 85' lang='lat' dir='ltr'>communem</span> 
     </span>
     <span class='ocr_line' id='line_1_40' title="bbox 106 4077 1700 4161; baseline 0.003 -22"><span class='ocrx_word' id='word_1_483' title='bbox 106 4079 251 4152; x_wconf 83' lang='lat' dir='ltr'>materia,</span> <span class='ocrx_word' id='word_1_484' title='bbox 276 4083 307 4139; x_wconf 91' lang='lat' dir='ltr'>et</span> <span class='ocrx_word' id='word_1_485' title='bbox 331 4078 444 4156; x_wconf 87' lang='lat' dir='ltr'>forma,</span> <span class='ocrx_word' id='word_1_486' title='bbox 476 4097 547 4159; x_wconf 76' lang='lat' dir='ltr'>quae</span> <span class='ocrx_word' id='word_1_487' title='bbox 573 4077 706 4140; x_wconf 87' lang='lat' dir='ltr'>naturali</span> <span class='ocrx_word' id='word_1_488' title='bbox 741 4078 881 4141; x_wconf 88' lang='lat' dir='ltr'>unitione</span> <span class='ocrx_word' id='word_1_489' title='bbox 931 4096 996 4141; x_wconf 88' lang='lat' dir='ltr'>essa</span> <span class='ocrx_word' id='word_1_490' title='bbox 1018 4079 1128 4141; x_wconf 90' lang='lat' dir='ltr'>volunt</span> <span class='ocrx_word' id='word_1_491' title='bbox 1149 4080 1317 4160; x_wconf 88' lang='lat' dir='ltr'>posteriore</span> <span class='ocrx_word' id='word_1_492' title='bbox 1339 4080 1392 4141; x_wconf 93' lang='lat' dir='ltr'>illo</span> <span class='ocrx_word' id='word_1_493' title='bbox 1411 4081 1525 4155; x_wconf 88' lang='lat' dir='ltr'>modo;</span> <span class='ocrx_word' id='word_1_494' title='bbox 1550 4081 1700 4161; x_wconf 91' lang='lat' dir='ltr'>quoniam</span> 
     </span>
     <span class='ocr_line' id='line_1_41' title="bbox 107 4169 1701 4251; baseline 0.001 -18"><span class='ocrx_word' id='word_1_495' title='bbox 107 4171 308 4251; x_wconf 86' lang='lat' dir='ltr'>copulantur,</span> <span class='ocrx_word' id='word_1_496' title='bbox 324 4171 505 4251; x_wconf 83' lang='lat' dir='ltr'>quomodo,</span> <span class='ocrx_word' id='word_1_497' title='bbox 530 4169 565 4232; x_wconf 93' lang='lat' dir='ltr'>id</span> <span class='ocrx_word' id='word_1_498' title='bbox 588 4175 635 4232; x_wconf 89' lang='lat' dir='ltr'>est</span> <span class='ocrx_word' id='word_1_499' title='bbox 657 4170 793 4232; x_wconf 80' lang='lat' dir='ltr'>naturali</span> <span class='ocrx_word' id='word_1_500' title='bbox 814 4171 882 4231; x_wconf 82' lang='lat' dir='ltr'>uni·</span> <span class='ocrx_word' id='word_1_501' title='bbox 931 4181 1044 4232; x_wconf 88' lang='lat' dir='ltr'>natura</span> <span class='ocrx_word' id='word_1_502' title='bbox 1055 4189 1112 4251; x_wconf 93' lang='lat' dir='ltr'>per</span> <span class='ocrx_word' id='word_1_503' title='bbox 1122 4189 1155 4233; x_wconf 89' lang='lat' dir='ltr'>se</span> <span class='ocrx_word' id='word_1_504' title='bbox 1168 4177 1313 4251; x_wconf 84' lang='lat' dir='ltr'>spectata,</span> <span class='ocrx_word' id='word_1_505' title='bbox 1330 4177 1362 4234; x_wconf 88' lang='lat' dir='ltr'>et</span> <span class='ocrx_word' id='word_1_506' title='bbox 1374 4178 1410 4233; x_wconf 92' lang='lat' dir='ltr'>ut</span> <span class='ocrx_word' id='word_1_507' title='bbox 1424 4173 1588 4235; x_wconf 72' lang='lat' dir='ltr'>esmntiam</span> <span class='ocrx_word' id='word_1_508' title='bbox 1605 4173 1701 4235; x_wconf 89' lang='lat' dir='ltr'>habet</span> 
     </span>
     <span class='ocr_line' id='line_1_42' title="bbox 108 4261 1700 4344; baseline 0.001 -21"><span class='ocrx_word' id='word_1_509' title='bbox 108 4263 202 4336; x_wconf 84' lang='lat' dir='ltr'>tione,</span> <span class='ocrx_word' id='word_1_510' title='bbox 213 4268 326 4324; x_wconf 89' lang='lat' dir='ltr'>natura</span> <span class='ocrx_word' id='word_1_511' title='bbox 337 4263 478 4343; x_wconf 85' lang='lat' dir='ltr'>bumana</span> <span class='ocrx_word' id='word_1_512' title='bbox 498 4262 612 4322; x_wconf 80' lang='lat' dir='ltr'>Christi</span> <span class='ocrx_word' id='word_1_513' title='bbox 625 4261 727 4323; x_wconf 89' lang='lat' dir='ltr'>Verbo</span> <span class='ocrx_word' id='word_1_514' title='bbox 745 4280 883 4324; x_wconf 91' lang='lat' dir='ltr'>commu-</span> <span class='ocrx_word' id='word_1_515' title='bbox 932 4280 968 4322; x_wconf 91' lang='lat' dir='ltr'>ac</span> <span class='ocrx_word' id='word_1_516' title='bbox 981 4262 1195 4323; x_wconf 80' lang='lat' dir='ltr'>definitionem</span> <span class='ocrx_word' id='word_1_517' title='bbox 1206 4308 1214 4340; x_wconf 95' lang='lat'>,</span> <span class='ocrx_word' id='word_1_518' title='bbox 1224 4281 1326 4344; x_wconf 91' lang='lat' dir='ltr'>neque</span> <span class='ocrx_word' id='word_1_519' title='bbox 1338 4263 1394 4324; x_wconf 91' lang='lat' dir='ltr'>uni</span> <span class='ocrx_word' id='word_1_520' title='bbox 1410 4269 1456 4325; x_wconf 89' lang='lat' dir='ltr'>est</span> <span class='ocrx_word' id='word_1_521' title='bbox 1472 4266 1573 4338; x_wconf 85' lang='lat' dir='ltr'>affixa,</span> <span class='ocrx_word' id='word_1_522' title='bbox 1595 4282 1654 4326; x_wconf 89' lang='lat' dir='ltr'>nec</span> <span class='ocrx_word' id='word_1_523' title='bbox 1665 4266 1700 4325; x_wconf 93' lang='lat' dir='ltr'>in</span> 
     </span>
     <span class='ocr_line' id='line_1_43' title="bbox 109 4351 1701 4435; baseline 0.001 -21"><span class='ocrx_word' id='word_1_524' title='bbox 109 4353 246 4415; x_wconf 88' lang='lat' dir='ltr'>nicatur.</span> <span class='ocrx_word' id='word_1_525' title='bbox 261 4353 403 4414; x_wconf 85' lang='lat' dir='ltr'>Totidem</span> <span class='ocrx_word' id='word_1_526' title='bbox 415 4353 518 4414; x_wconf 92' lang='lat' dir='ltr'>modis</span> <span class='ocrx_word' id='word_1_527' title='bbox 537 4351 735 4427; x_wconf 78' lang='lat' dir='ltr'>individuum,</span> <span class='ocrx_word' id='word_1_528' title='bbox 749 4352 800 4414; x_wconf 90' lang='lat' dir='ltr'>vel</span> <span class='ocrx_word' id='word_1_529' title='bbox 821 4358 882 4414; x_wconf 67' lang='lat' dir='ltr'>sin</span> <span class='ocrx_word' id='word_1_530' title='bbox 931 4352 1037 4432; x_wconf 90' lang='lat' dir='ltr'>plures</span> <span class='ocrx_word' id='word_1_531' title='bbox 1049 4353 1170 4414; x_wconf 90' lang='lat' dir='ltr'>divisa:</span> <span class='ocrx_word' id='word_1_532' title='bbox 1187 4355 1240 4416; x_wconf 92' lang='lat' dir='ltr'>sed</span> <span class='ocrx_word' id='word_1_533' title='bbox 1257 4355 1296 4416; x_wconf 92' lang='lat' dir='ltr'>ab</span> <span class='ocrx_word' id='word_1_534' title='bbox 1316 4361 1447 4435; x_wconf 85' lang='lat' dir='ltr'>utraque</span> <span class='ocrx_word' id='word_1_535' title='bbox 1464 4355 1590 4418; x_wconf 87' lang='lat' dir='ltr'>notione</span> <span class='ocrx_word' id='word_1_536' title='bbox 1602 4355 1701 4417; x_wconf 88' lang='lat' dir='ltr'>libera</span> 
     </span>
     <span class='ocr_line' id='line_1_44' title="bbox 109 4437 1500 4527; baseline 0.002 -22"><span class='ocrx_word' id='word_1_537' title='bbox 109 4444 223 4527; x_wconf 72' lang='lat' dir='ltr'>pclare</span> <span class='ocrx_word' id='word_1_538' title='bbox 254 4443 374 4507; x_wconf 85' lang='lat' dir='ltr'>dicitur.</span> <span class='ocrx_word' id='word_1_539' title='bbox 406 4446 486 4506; x_wconf 89' lang='lat' dir='ltr'>Nam</span> <span class='ocrx_word' id='word_1_540' title='bbox 519 4450 574 4505; x_wconf 90' lang='lat' dir='ltr'>aut</span> <span class='ocrx_word' id='word_1_541' title='bbox 605 4443 782 4519; x_wconf 68' lang='lat' dir='ltr'>univocos,</span> <span class='ocrx_word' id='word_1_542' title='bbox 818 4437 883 4506; x_wconf 82' lang='lat' dir='ltr'>sive</span> <span class='ocrx_word' id='word_1_543' title='bbox 934 4451 966 4506; x_wconf 89' lang='lat' dir='ltr'>et</span> <span class='ocrx_word' id='word_1_544' title='bbox 977 4446 1135 4518; x_wconf 86' lang='lat' dir='ltr'>extricata,</span> <span class='ocrx_word' id='word_1_545' title='bbox 1150 4447 1373 4508; x_wconf 91' lang='lat' dir='ltr'>communicari</span> <span class='ocrx_word' id='word_1_546' title='bbox 1388 4452 1500 4525; x_wconf 79' lang='lat' dir='ltr'>potest</span> 
     </span>
    </p>

    <p class='ocr_par' dir='ltr' id='par_1_9' title="bbox 109 4537 1707 5079">
     <span class='ocr_line' id='line_1_45' title="bbox 109 4537 1703 4616; baseline 0.001 -17"><span class='ocrx_word' id='word_1_547' title='bbox 109 4537 263 4599; x_wconf 80' lang='lat' dir='ltr'>commoni</span> <span class='ocrx_word' id='word_1_548' title='bbox 281 4537 394 4616; x_wconf 89' lang='lat' dir='ltr'>prioris</span> <span class='ocrx_word' id='word_1_549' title='bbox 419 4537 542 4615; x_wconf 88' lang='lat' dir='ltr'>generis</span> <span class='ocrx_word' id='word_1_550' title='bbox 570 4538 737 4616; x_wconf 91' lang='lat' dir='ltr'>opponitur</span> <span class='ocrx_word' id='word_1_551' title='bbox 760 4556 767 4597; x_wconf 73' lang='grc' dir='ltr'><strong><em>ε</em></strong></span> <span class='ocrx_word' id='word_1_552' title='bbox 788 4543 819 4597; x_wconf 87' lang='lat' dir='ltr'>et</span> <span class='ocrx_word' id='word_1_553' title='bbox 841 4537 884 4597; x_wconf 88' lang='lat' dir='ltr'>ita</span> <span class='ocrx_word' id='word_1_554' title='bbox 975 4537 1055 4610; x_wconf 87' lang='lat' dir='ltr'>Quin</span> <span class='ocrx_word' id='word_1_555' title='bbox 1076 4537 1154 4598; x_wconf 91' lang='lat' dir='ltr'>illud</span> <span class='ocrx_word' id='word_1_556' title='bbox 1175 4538 1270 4599; x_wconf 89' lang='lat' dir='ltr'>etiam</span> <span class='ocrx_word' id='word_1_557' title='bbox 1291 4537 1379 4599; x_wconf 85' lang='lat' dir='ltr'>facile</span> <span class='ocrx_word' id='word_1_558' title='bbox 1399 4556 1437 4598; x_wconf 86' lang='lat' dir='ltr'>ex</span> <span class='ocrx_word' id='word_1_559' title='bbox 1450 4539 1703 4601; x_wconf 86' lang='lat' dir='ltr'>antecedentibus</span> 
     </span>
     <span class='ocr_line' id='line_1_46' title="bbox 111 4627 1703 4711; baseline 0.001 -21"><span class='ocrx_word' id='word_1_560' title='bbox 111 4627 238 4690; x_wconf 83' lang='lat' dir='ltr'>definiri</span> <span class='ocrx_word' id='word_1_561' title='bbox 259 4628 347 4702; x_wconf 89' lang='lat' dir='ltr'>solet,</span> <span class='ocrx_word' id='word_1_562' title='bbox 363 4629 448 4708; x_wconf 94' lang='lat' dir='ltr'>quod</span> <span class='ocrx_word' id='word_1_563' title='bbox 469 4647 528 4689; x_wconf 89' lang='lat' dir='ltr'>nec</span> <span class='ocrx_word' id='word_1_564' title='bbox 549 4628 630 4689; x_wconf 89' lang='lat' dir='ltr'>inest</span> <span class='ocrx_word' id='word_1_565' title='bbox 642 4629 676 4689; x_wconf 91' lang='lat' dir='ltr'>in</span> <span class='ocrx_word' id='word_1_566' title='bbox 688 4628 806 4702; x_wconf 85' lang='lat' dir='ltr'>multis,</span> <span class='ocrx_word' id='word_1_567' title='bbox 828 4647 887 4689; x_wconf 90' lang='lat' dir='ltr'>nec</span> <span class='ocrx_word' id='word_1_568' title='bbox 936 4628 1118 4708; x_wconf 78' lang='lat' dir='ltr'>explicatur,</span> <span class='ocrx_word' id='word_1_569' title='bbox 1133 4630 1217 4709; x_wconf 92' lang='lat' dir='ltr'>quod</span> <span class='ocrx_word' id='word_1_570' title='bbox 1231 4630 1284 4691; x_wconf 90' lang='lat' dir='ltr'>alii</span> <span class='ocrx_word' id='word_1_571' title='bbox 1298 4630 1456 4691; x_wconf 84' lang='lat' dir='ltr'>Christum</span> <span class='ocrx_word' id='word_1_572' title='bbox 1469 4632 1572 4711; x_wconf 89' lang='lat' dir='ltr'>ipsum</span> <span class='ocrx_word' id='word_1_573' title='bbox 1590 4631 1703 4692; x_wconf 89' lang='lat' dir='ltr'>indivi-</span> 
     </span>
     <span class='ocr_line' id='line_1_47' title="bbox 112 4719 1702 4796; baseline 0.002 -14"><span class='ocrx_word' id='word_1_574' title='bbox 112 4722 154 4783; x_wconf 88' lang='lat' dir='ltr'>de</span> <span class='ocrx_word' id='word_1_575' title='bbox 167 4720 274 4781; x_wconf 86' lang='lat' dir='ltr'>multis</span> <span class='ocrx_word' id='word_1_576' title='bbox 293 4719 416 4791; x_wconf 89' lang='lat' dir='ltr'>dicitur,</span> <span class='ocrx_word' id='word_1_577' title='bbox 437 4721 493 4781; x_wconf 89' lang='lat' dir='ltr'>sed</span> <span class='ocrx_word' id='word_1_578' title='bbox 505 4720 544 4781; x_wconf 97' lang='lat' dir='ltr'>de</span> <span class='ocrx_word' id='word_1_579' title='bbox 563 4738 638 4794; x_wconf 89' lang='lat' dir='ltr'>uno,</span> <span class='ocrx_word' id='word_1_580' title='bbox 654 4720 702 4780; x_wconf 88' lang='lat' dir='ltr'>uti</span> <span class='ocrx_word' id='word_1_581' title='bbox 724 4720 843 4796; x_wconf 88' lang='lat' dir='ltr'>Petrus,</span> <span class='ocrx_word' id='word_1_582' title='bbox 858 4725 889 4781; x_wconf 87' lang='lat' dir='ltr'>et</span> <span class='ocrx_word' id='word_1_583' title='bbox 936 4721 1035 4781; x_wconf 92' lang='lat' dir='ltr'>duum</span> <span class='ocrx_word' id='word_1_584' title='bbox 1057 4738 1122 4782; x_wconf 92' lang='lat' dir='ltr'>esse</span> <span class='ocrx_word' id='word_1_585' title='bbox 1149 4721 1282 4782; x_wconf 86' lang='lat' dir='ltr'>volunt:</span> <span class='ocrx_word' id='word_1_586' title='bbox 1307 4721 1359 4782; x_wconf 93' lang='lat' dir='ltr'>alii</span> <span class='ocrx_word' id='word_1_587' title='bbox 1382 4740 1446 4783; x_wconf 91' lang='lat' dir='ltr'>non</span> <span class='ocrx_word' id='word_1_588' title='bbox 1472 4740 1538 4784; x_wconf 88' lang='lat' dir='ltr'>esse</span> <span class='ocrx_word' id='word_1_589' title='bbox 1554 4723 1702 4785; x_wconf 87' lang='lat' dir='ltr'>sentiunt.</span> 
     </span>
     <span class='ocr_line' id='line_1_48' title="bbox 114 4810 1706 4894; baseline 0 -19"><span class='ocrx_word' id='word_1_590' title='bbox 114 4810 254 4886; x_wconf 85' lang='lat' dir='ltr'>Paulus;</span> <span class='ocrx_word' id='word_1_591' title='bbox 269 4816 301 4872; x_wconf 92' lang='lat' dir='ltr'>et</span> <span class='ocrx_word' id='word_1_592' title='bbox 320 4811 371 4872; x_wconf 93' lang='lat' dir='ltr'>bic</span> <span class='ocrx_word' id='word_1_593' title='bbox 390 4810 516 4885; x_wconf 87' lang='lat' dir='ltr'>candor,</span> <span class='ocrx_word' id='word_1_594' title='bbox 531 4811 583 4872; x_wconf 92' lang='lat' dir='ltr'>bic</span> <span class='ocrx_word' id='word_1_595' title='bbox 604 4812 699 4889; x_wconf 87' lang='lat' dir='ltr'>calor,</span> <span class='ocrx_word' id='word_1_596' title='bbox 716 4817 770 4872; x_wconf 89' lang='lat' dir='ltr'>aut</span> <span class='ocrx_word' id='word_1_597' title='bbox 790 4816 890 4890; x_wconf 76' lang='lat' dir='ltr'>poste</span> <span class='ocrx_word' id='word_1_598' title='bbox 937 4812 1056 4872; x_wconf 85' lang='lat' dir='ltr'>Horum</span> <span class='ocrx_word' id='word_1_599' title='bbox 1069 4813 1157 4891; x_wconf 92' lang='lat' dir='ltr'>prius</span> <span class='ocrx_word' id='word_1_600' title='bbox 1168 4814 1298 4874; x_wconf 88' lang='lat' dir='ltr'>Rustico</span> <span class='ocrx_word' id='word_1_601' title='bbox 1312 4813 1411 4890; x_wconf 89' lang='lat' dir='ltr'>placet</span> <span class='ocrx_word' id='word_1_602' title='bbox 1426 4812 1437 4846; x_wconf 73' lang='lat'>⁸</span> <span class='ocrx_word' id='word_1_603' title='bbox 1455 4832 1461 4873; x_wconf 95' lang='lat'><strong>:</strong></span> <span class='ocrx_word' id='word_1_604' title='bbox 1478 4814 1533 4894; x_wconf 88' lang='lat' dir='ltr'>qui</span> <span class='ocrx_word' id='word_1_605' title='bbox 1543 4815 1586 4875; x_wconf 91' lang='lat' dir='ltr'>ita</span> <span class='ocrx_word' id='word_1_606' title='bbox 1598 4820 1706 4875; x_wconf 73' lang='lat' dir='ltr'>minen</span> 
     </span>
     <span class='ocr_line' id='line_1_49' title="bbox 113 4902 1706 4984; baseline 0 -19"><span class='ocrx_word' id='word_1_607' title='bbox 113 4904 193 4965; x_wconf 86' lang='lat' dir='ltr'>riori</span> <span class='ocrx_word' id='word_1_608' title='bbox 214 4903 489 4964; x_wconf 88' lang='lat' dir='ltr'>communicationi</span> <span class='ocrx_word' id='word_1_609' title='bbox 515 4904 692 4984; x_wconf 78' lang='lat' dir='ltr'>respondet,</span> <span class='ocrx_word' id='word_1_610' title='bbox 719 4919 815 4982; x_wconf 90' lang='lat' dir='ltr'>quam</span> <span class='ocrx_word' id='word_1_611' title='bbox 844 4903 888 4964; x_wconf 91' lang='lat' dir='ltr'>rei</span> <span class='ocrx_word' id='word_1_612' title='bbox 936 4902 1133 4964; x_wconf 90' lang='lat' dir='ltr'>individuum</span> <span class='ocrx_word' id='word_1_613' title='bbox 1147 4903 1255 4964; x_wconf 90' lang='lat' dir='ltr'>haberi</span> <span class='ocrx_word' id='word_1_614' title='bbox 1268 4904 1336 4966; x_wconf 91' lang='lat' dir='ltr'>vult</span> <span class='ocrx_word' id='word_1_615' title='bbox 1350 4905 1562 4981; x_wconf 81' lang='lat' dir='ltr'>christum,ut</span> <span class='ocrx_word' id='word_1_616' title='bbox 1575 4907 1706 4968; x_wconf 91' lang='lat' dir='ltr'>subuua</span> 
     </span>
     <span class='ocr_line' id='line_1_50' title="bbox 115 4994 1707 5079; baseline 0.001 -23"><span class='ocrx_word' id='word_1_617' title='bbox 115 5013 186 5057; x_wconf 86' lang='lat' dir='ltr'>esse</span> <span class='ocrx_word' id='word_1_618' title='bbox 199 4995 458 5071; x_wconf 69' lang='lat' dir='ltr'>monstravimus;</span> <span class='ocrx_word' id='word_1_619' title='bbox 474 4999 506 5056; x_wconf 90' lang='lat' dir='ltr'>et</span> <span class='ocrx_word' id='word_1_620' title='bbox 524 4998 571 5056; x_wconf 87' lang='lat' dir='ltr'>est</span> <span class='ocrx_word' id='word_1_621' title='bbox 591 4994 744 5075; x_wconf 73' lang='lat' dir='ltr'>singulare</span> <span class='ocrx_word' id='word_1_622' title='bbox 764 4995 889 5073; x_wconf 89' lang='lat' dir='ltr'>aliquod</span> <span class='ocrx_word' id='word_1_623' title='bbox 937 4995 1035 5076; x_wconf 91' lang='lat' dir='ltr'>specie</span> <span class='ocrx_word' id='word_1_624' title='bbox 1048 4995 1177 5057; x_wconf 91' lang='lat' dir='ltr'>minime</span> <span class='ocrx_word' id='word_1_625' title='bbox 1192 4998 1388 5058; x_wconf 89' lang='lat' dir='ltr'>contineatur</span> <span class='ocrx_word' id='word_1_626' title='bbox 1404 5018 1412 5059; x_wconf 77' lang='lat' dir='ltr'>t</span> <span class='ocrx_word' id='word_1_627' title='bbox 1430 5000 1515 5079; x_wconf 90' lang='lat' dir='ltr'>quod</span> <span class='ocrx_word' id='word_1_628' title='bbox 1527 4999 1561 5059; x_wconf 93' lang='lat' dir='ltr'>in</span> <span class='ocrx_word' id='word_1_629' title='bbox 1580 4998 1707 5077; x_wconf 92' lang='lat' dir='ltr'>reliquis</span> 
     </span>
    </p>
   </div>
   <div class='ocr_carea' id='block_1_9' title="bbox 117 5201 1707 5446">
    <p class='ocr_par' dir='ltr' id='par_1_10' title="bbox 117 5201 1707 5446">
     <span class='ocr_line' id='line_1_51' title="bbox 154 5201 1707 5280; baseline -0.001 -15"><span class='ocrx_word' id='word_1_630' title='bbox 154 5225 177 5264; x_wconf 81' lang='lat' dir='ltr'>a</span> <span class='ocrx_word' id='word_1_631' title='bbox 195 5210 314 5265; x_wconf 73' lang='lat' dir='ltr'>branse.</span> <span class='ocrx_word' id='word_1_632' title='bbox 329 5206 376 5263; x_wconf 89' lang='lat' dir='ltr'>lib.</span> <span class='ocrx_word' id='word_1_633' title='bbox 392 5207 440 5279; x_wconf 89' lang='lat' dir='ltr'>lll,</span> <span class='ocrx_word' id='word_1_634' title='bbox 456 5224 517 5280; x_wconf 87' lang='lat' dir='ltr'>cap.</span> <span class='ocrx_word' id='word_1_635' title='bbox 530 5223 561 5263; x_wconf 85' lang='lat' dir='ltr'>rt.</span> <span class='ocrx_word' id='word_1_636' title='bbox 572 5206 667 5260; x_wconf 76' lang='lat' dir='ltr'>chrbv</span> <span class='ocrx_word' id='word_1_637' title='bbox 678 5201 719 5261; x_wconf 73' lang='lat' dir='ltr'>obv</span> <span class='ocrx_word' id='word_1_638' title='bbox 734 5206 798 5262; x_wconf 75' lang='lat' dir='ltr'>toria</span> <span class='ocrx_word' id='word_1_639' title='bbox 813 5206 888 5262; x_wconf 76' lang='grc' dir='ltr'>εἰπεῖν</span> <span class='ocrx_word' id='word_1_640' title='bbox 938 5208 994 5263; x_wconf 80' lang='grc' dir='ltr'><strong>οὔτε</strong></span> <span class='ocrx_word' id='word_1_641' title='bbox 1008 5208 1037 5262; x_wconf 80' lang='lat' dir='ltr'>rb</span> <span class='ocrx_word' id='word_1_642' title='bbox 1050 5208 1132 5262; x_wconf 67' lang='grc' dir='ltr'>κοινὸν</span> <span class='ocrx_word' id='word_1_643' title='bbox 1153 5215 1203 5264; x_wconf 84' lang='grc' dir='ltr'>τῶν</span> <span class='ocrx_word' id='word_1_644' title='bbox 1217 5209 1385 5264; x_wconf 72' lang='lat' dir='ltr'>brocrdccov·</span> <span class='ocrx_word' id='word_1_645' title='bbox 1402 5208 1468 5263; x_wconf 72' lang='grc' dir='ltr'>ἀλλὰ</span> <span class='ocrx_word' id='word_1_646' title='bbox 1481 5208 1525 5277; x_wconf 72' lang='grc' dir='ltr'>τὴν</span> <span class='ocrx_word' id='word_1_647' title='bbox 1538 5208 1621 5277; x_wconf 76' lang='grc' dir='ltr'>κοινὴν</span> <span class='ocrx_word' id='word_1_648' title='bbox 1638 5210 1707 5280; x_wconf 73' lang='grc' dir='ltr'>φύσιν</span> 
     </span>
     <span class='ocr_line' id='line_1_52' title="bbox 117 5288 1706 5365; baseline 0.001 -21"><span class='ocrx_word' id='word_1_649' title='bbox 117 5292 192 5363; x_wconf 48' lang='lat' dir='ltr'>fimo</span> <span class='ocrx_word' id='word_1_650' title='bbox 204 5295 248 5344; x_wconf 82' lang='grc' dir='ltr'>τοῦ</span> <span class='ocrx_word' id='word_1_651' title='bbox 261 5292 349 5363; x_wconf 77' lang='grc' dir='ltr'>λόγου,</span> <span class='ocrx_word' id='word_1_652' title='bbox 363 5290 403 5343; x_wconf 72' lang='grc' dir='ltr'>καὶ</span> <span class='ocrx_word' id='word_1_653' title='bbox 417 5291 461 5359; x_wconf 61' lang='grc' dir='ltr'>τὴν</span> <span class='ocrx_word' id='word_1_654' title='bbox 481 5288 505 5344; x_wconf 77' lang='lat' dir='ltr'>tv</span> <span class='ocrx_word' id='word_1_655' title='bbox 526 5290 614 5363; x_wconf 76' lang='grc' dir='ltr'>ἀτόμῳ</span> <span class='ocrx_word' id='word_1_656' title='bbox 634 5289 713 5362; x_wconf 74' lang='grc' dir='ltr'>φύσιν.</span> <span class='ocrx_word' id='word_1_657' title='bbox 731 5289 787 5344; x_wconf 78' lang='grc' dir='ltr'>οὔτε</span> <span class='ocrx_word' id='word_1_658' title='bbox 800 5290 848 5363; x_wconf 71' lang='grc' dir='ltr'>γὰρ</span> <span class='ocrx_word' id='word_1_659' title='bbox 861 5292 891 5345; x_wconf 77' lang='lat' dir='ltr'>rb</span> <span class='ocrx_word' id='word_1_660' title='bbox 939 5289 964 5345; x_wconf 76' lang='lat' dir='ltr'>tn</span> <span class='ocrx_word' id='word_1_661' title='bbox 981 5295 1025 5365; x_wconf 80' lang='grc' dir='ltr'>μιᾷ</span> <span class='ocrx_word' id='word_1_662' title='bbox 1038 5299 1088 5347; x_wconf 79' lang='grc' dir='ltr'>τῶν</span> <span class='ocrx_word' id='word_1_663' title='bbox 1102 5293 1260 5348; x_wconf 65' lang='lat' dir='ltr'>incuriosos</span> <span class='ocrx_word' id='word_1_664' title='bbox 1275 5293 1454 5364; x_wconf 71' lang='grc' dir='ltr'>θεωρουμένην,</span> <span class='ocrx_word' id='word_1_665' title='bbox 1467 5293 1507 5345; x_wconf 77' lang='lat' dir='ltr'>acl</span> <span class='ocrx_word' id='word_1_666' title='bbox 1523 5290 1706 5364; x_wconf 62' lang='lat' dir='ltr'>licrctoptqu.</span> 
     </span>
     <span class='ocr_line' id='line_1_53' title="bbox 119 5371 890 5446; baseline -0.004 -18"><span class='ocrx_word' id='word_1_667' title='bbox 119 5376 225 5446; x_wconf 72' lang='grc' dir='ltr'><strong>ἄτομον,</strong></span> <span class='ocrx_word' id='word_1_668' title='bbox 238 5375 315 5446; x_wconf 72' lang='grc' dir='ltr'>ἤγουν</span> <span class='ocrx_word' id='word_1_669' title='bbox 326 5371 370 5440; x_wconf 72' lang='grc' dir='ltr'>τὴν</span> <span class='ocrx_word' id='word_1_670' title='bbox 384 5372 529 5441; x_wconf 64' lang='lat' dir='ltr'>isteron,</span> <span class='ocrx_word' id='word_1_671' title='bbox 539 5373 637 5445; x_wconf 78' lang='grc' dir='ltr'><strong>κυρίως,</strong></span> <span class='ocrx_word' id='word_1_672' title='bbox 655 5374 696 5427; x_wconf 74' lang='lat' dir='ltr'>acl</span> <span class='ocrx_word' id='word_1_673' title='bbox 714 5375 794 5445; x_wconf 71' lang='grc' dir='ltr'>μόνως</span> <span class='ocrx_word' id='word_1_674' title='bbox 807 5374 890 5442; x_wconf 80' lang='grc' dir='ltr'>δηλοῖ·</span> 
     </span>
    </p>
   </div>
   <div class='ocr_carea' id='block_1_10' title="bbox 150 5556 925 5615">
    <p class='ocr_par' dir='ltr' id='par_1_11' title="bbox 150 5556 925 5615">
     <span class='ocr_line' id='line_1_54' title="bbox 150 5556 925 5615; baseline 0 -13"><span class='ocrx_word' id='word_1_675' title='bbox 150 5563 163 5602; x_wconf 85' lang='grc'>1</span> <span class='ocrx_word' id='word_1_676' title='bbox 178 5558 230 5615; x_wconf 69' lang='lat' dir='ltr'>sap.</span> <span class='ocrx_word' id='word_1_677' title='bbox 244 5562 339 5602; x_wconf 68' lang='grc' dir='ltr'>ιιι-1</span> <span class='ocrx_word' id='word_1_678' title='bbox 353 5557 429 5614; x_wconf 78' lang='lat' dir='ltr'>Parsg.</span> <span class='ocrx_word' id='word_1_679' title='bbox 443 5558 516 5603; x_wconf 88' lang='lat' dir='ltr'>s.-c</span> <span class='ocrx_word' id='word_1_680' title='bbox 528 5558 588 5604; x_wconf 75' lang='lat' dir='ltr'>&#39;lom</span> <span class='ocrx_word' id='word_1_681' title='bbox 604 5556 631 5602; x_wconf 72' lang='lat' dir='ltr'>lv</span> <span class='ocrx_word' id='word_1_682' title='bbox 642 5558 698 5603; x_wconf 78' lang='lat' dir='ltr'>sttt.</span> <span class='ocrx_word' id='word_1_683' title='bbox 710 5556 786 5604; x_wconf 65' lang='grc'>831·-</span> <span class='ocrx_word' id='word_1_684' title='bbox 796 5557 811 5602; x_wconf 82' lang='lat' dir='ltr'>t</span> <span class='ocrx_word' id='word_1_685' title='bbox 821 5557 865 5603; x_wconf 79' lang='lat' dir='ltr'>co.</span> <span class='ocrx_word' id='word_1_686' title='bbox 876 5556 925 5603; x_wconf 61' lang='lat' dir='ltr'>ite.</span> 
     </span>
    </p>
   </div>
   <div class='ocr_carea' id='block_1_11' title="bbox 0 0 2063 6164">
    <p class='ocr_par' dir='ltr' id='par_1_12' title="bbox 0 0 2063 6164">
     <span class='ocr_line' id='line_1_55' title="bbox 0 0 2063 6164; baseline 0 0"><span class='ocrx_word' id='word_1_687' title='bbox 0 0 2063 6164; x_wconf 95' lang='lat' dir='ltr'> </span> 
     </span>
    </p>
   </div>
  </div>
 </body>
</html>
