4078 6162
557 343 608 404 DE
628 341 927 417 INGARNATIONE,
950 294 1022 406 liti.
1045 345 1105 422 tv,
1132 346 1217 410 CAP.
1239 347 1280 409 ΙΙ.
1643 350 1702 410 tte

11 509 92 607 [ἔξω
159 506 364 581 Quamobrem
379 509 417 570 de
438 507 522 569 illius
542 508 717 587 Evangelioi
734 525 839 584 sensu,
854 513 886 569 ct
935 515 1057 587 oportet
1080 527 1157 587 esse,
1184 512 1362 573 machinam
1388 512 1428 574 ad
1460 512 1704 577 labefactandam

11 595 68 660 nuit
113 599 370 680 interpretatione
383 601 466 675 dicti,
477 601 653 664 accuratius
665 601 716 661 hio
727 600 885 679 agendum
935 601 1117 665 catholicam
1130 604 1314 679 doctrinam,
1330 623 1368 667 ex
1381 604 1442 666 illis
1451 608 1625 686 comparari
1636 627 1704 670 ver·

10 670 91 783 pff
112 692 250 770 videtur,
266 699 297 756 et
311 713 382 774 quae
405 696 437 756 in
457 713 494 757 eo
508 701 677 769 contracta,
695 710 884 773 compressa·
935 693 983 754 bis
996 696 1126 757 loannis
1145 698 1296 773 affirmat,
1316 716 1387 778 quae
1402 699 1518 759 ideirco
1535 699 1575 761 ab
1594 719 1704 763 eorum

10 776 82 872 ξω·
113 804 178 866 que
204 793 250 847 est
277 788 438 867 opulentia
464 788 630 850 Christiani
655 787 819 866 dogmatis,
848 805 887 847 ea
934 784 1011 848 falsa
1029 788 1286 868 interpretatione
1305 791 1463 853 vindicare
1477 792 1579 853 studet
1593 793 1704 855 iisdem

10 892 92 981 ἢ
112 879 291 941 diducenda
301 887 332 941 et
345 881 528 961 explicanda
549 885 594 942 cst
605 880 745 942 oratione
755 885 883 941 nostra:
935 881 1137 958 argumentis,
1153 883 1267 962 quibus
1276 874 1419 963 cyrillus,
1434 884 1549 963 aliique
1563 885 1656 945 simili
1670 886 1705 947 in

10 994 56 1037 aaa
112 989 156 1033 ne
172 971 244 1033 ions
265 973 332 1052 ipse
351 973 598 1053 theologicorum
617 974 656 1034 de
670 973 886 1033 iucarnatione
934 990 969 1033 re
984 973 1157 1052 plurimum
1170 981 1313 1038 utuntur.
1335 978 1474 1051 Quorum
1489 977 1704 1039 omniumtes·

113 1063 212 1125 Verbi
227 1064 420 1144 dogmatum,
435 1084 471 1126 ac
485 1065 741 1145 disputationum,
757 1069 885 1143 preter·
934 1065 1105 1128 tificatione
1129 1074 1223 1149 patet,
1254 1070 1348 1130 unius
1374 1070 1407 1130 iu
1433 1069 1554 1130 Christo
1584 1076 1704 1133 nature

112 1156 238 1232 missus,
266 1164 321 1218 ant
345 1159 546 1237 indiligenter
579 1158 702 1219 habitus
731 1157 884 1233 videatur,
936 1158 1111 1221 defensores
1127 1161 1187 1222 loci
1202 1162 1285 1222 illius
1305 1161 1485 1223 auctoritate
1499 1161 1558 1222 niti
1571 1164 1705 1241 oumpri·

112 1249 190 1311 dum
205 1249 239 1309 in
258 1250 325 1311 istis
344 1250 561 1313 elucubrandis
581 1255 705 1311 tantum
718 1249 886 1310 verborum
935 1252 995 1312 mis
1020 1253 1136 1328 solitos,
1164 1258 1200 1314 nt
1219 1255 1399 1315 mutationis
1418 1254 1535 1333 aliquid
1556 1255 1589 1315 in
1610 1255 1706 1316 Verbi

113 1360 281 1422 operteque
302 1344 504 1406 consumitur.
530 1345 716 1424 Quanquam
743 1342 887 1404 universa
936 1344 1096 1406 divinitate
1118 1346 1288 1426 probarent
1310 1365 1375 1407 csse
1397 1346 1538 1407 iactum:
1560 1365 1596 1407 ao
1609 1347 1705 1408 velin

113 1435 256 1513 mysterii
275 1435 358 1495 illius
376 1436 521 1498 tractatio
541 1437 580 1497 ad
607 1435 739 1497 Joannis
762 1440 885 1496 senien-
935 1455 1062 1499 carnem
1075 1440 1231 1500 transiisse
1246 1440 1402 1515 dicerent;
1422 1439 1472 1499 vel
1493 1443 1574 1500 certe
1595 1444 1704 1501 conta-

111 1526 188 1587 tiam
215 1526 308 1588 istam
332 1522 456 1608 proprie
481 1529 635 1609 pertinet:
661 1546 718 1588 nec
737 1528 775 1589 de
789 1528 885 1588 divini
935 1532 1028 1610 gione
1042 1532 1178 1611 quadam
1192 1532 1455 1605 cernisiuiectam,
1472 1549 1542 1611 quae
1556 1531 1706 1609 suntejus

113 1620 331 1681 incarnatione
357 1621 454 1682 Verbi
464 1621 565 1683 httera
585 1622 744 1700 hueusque
762 1621 886 1682 anobis
935 1624 1061 1703 propria
1069 1626 1230 1705 recepisse,
1249 1624 1398 1706 patiendi,
1414 1643 1451 1686 ac
1465 1624 1619 1685 moriendi
1631 1642 1705 1685 con·

112 1711 267 1773 nllaiacta
279 1719 335 1781 est,
352 1717 491 1774 univero
506 1714 645 1775 iacienda
657 1714 802 1792 deinceps
808 1714 883 1789 erit;
935 1715 1097 1777 ditionem.
1508 1748 1510 1751 ·

112 1822 183 1885 quse
198 1821 264 1865 non
282 1805 487 1883 declarandae,
509 1807 701 1876 eollatandae,
728 1806 884 1867 illustran·
975 1808 1126 1869 Catholici
1137 1827 1211 1870 vero
1226 1828 1264 1871 ex
1279 1810 1407 1871 adverso
1422 1807 1706 1886 reclamantes,tnm

113 1898 225 1976 dasque
241 1897 287 1958 illi
300 1899 422 1959 serviat.
438 1900 556 1960 Verum
570 1899 671 1979 placet
683 1899 886 1960 nihilominus
935 1899 1041 1979 impia,
1062 1905 1093 1962 et
1119 1902 1255 1962 absurda
1281 1902 1450 1963 verborum
1471 1901 1599 1962 notione
1623 1900 1708 1962 dam-

112 1996 141 2050 et
161 2006 293 2068 mquum
318 1990 453 2059 videtur,
476 1993 639 2071 proprium
665 1991 748 2052 illius
769 1993 887 2072 exposi-
935 1993 1057 2069 nanda,
1073 1999 1140 2054 ttim
1154 2012 1303 2073 germana
1317 2011 1427 2055 eorum
1441 1992 1625 2054 declaranda
1639 2011 1707 2054 sen·

113 2082 190 2142 tioni
210 2088 304 2162 eaput
319 2101 468 2162 seponere
483 2103 490 2144 :
507 2100 609 2163 neque
624 2102 682 2144 nos
695 2084 839 2161 absurda,
855 2092 887 2146 et
934 2085 1042 2157 tentia,
1058 2086 1191 2148 nefarios
1204 2087 1330 2148 illorum
1340 2090 1468 2147 conatus
1481 2091 1701 2165 represserunt.

112 2174 224 2237 stolida
239 2182 343 2237 movet
357 2176 574 2237 hereticorum
589 2177 719 2238 istorum
731 2179 887 2259 praescrip·
936 2177 1092 2255 Imprimis
1118 2179 1214 2240 verbo
1240 2187 1361 2259 γενέσθαι,
1388 2178 1473 2257 qriod
1507 2181 1621 2256 fuctum
1649 2196 1706 2239 csse

110 2269 155 2328 tio
173 2288 181 2328 ε
198 2268 255 2345 qni
276 2268 403 2329 effatum
417 2268 494 2329 illud
508 2270 739 2348 Evangelicnm,
760 2271 885 2333 Verbum
935 2268 1045 2329 Latine
1058 2277 1157 2345 sonat,
1179 2271 1298 2331 nullam
1316 2271 1439 2331 subesse
1453 2269 1635 2330 mutationis
1648 2288 1704 2331 ne·

111 2377 181 2421 caro
196 2358 313 2437 sactum
332 2368 385 2435 est,
404 2361 585 2440 simpliciter
602 2362 792 2424 audiendum
804 2382 885 2425 asse-
936 2361 1066 2422 cessario
1089 2363 1294 2443 suspicionem
1314 2368 1490 2423 constanter
1516 2369 1702 2438 sueverant,

112 2453 249 2521 rebant,-
273 2471 375 2532 neqne
396 2471 490 2532 ιμιοοι
512 2454 661 2515 voeabula
681 2454 740 2515 ista
760 2474 885 2517 sensum
937 2453 1097 2532 Scriptura
1120 2461 1195 2516 teste
1210 2474 1297 2534 :que
1326 2461 1457 2534 aruaque
1480 2455 1705 2532 significatione

111 2545 252 2607 habeant
278 2563 468 2625 magnopere
488 2545 705 2608 laborandum.
731 2548 819 2621 Quod
847 2550 885 2610 de
935 2546 1068 2607 verbum
1082 2546 1166 2607 istud
1188 2552 1333 2628 iisurpat3
1351 2554 1387 2608 ut
1405 2565 1476 2609 otim
1491 2547 1652 2608 decrestis
1675 2553 1706 2609 et

113 2638 268 2699 industria
277 2637 407 2717 jactasse
419 2644 539 2700 constat
552 2640 657 2700 hostes
674 2639 743 2700 illos
757 2641 883 2701 catholi-
935 2638 1138 2700 mutabilibus
1165 2641 1259 2700 rebus
1286 2641 1436 2720 loquitur,
1462 2640 1704 2700 uicissitudinem

114 2749 156 2792 aas
171 2731 246 2790 fidei
268 2750 276 2790 ε
292 2736 328 2791 nt
341 2736 507 2810 occupatos
521 2735 552 2791 et
565 2731 726 2792 hebetatos
739 2734 885 2813 opinione
935 2729 1073 2809 cuquam
1086 2732 1230 2793 accidisse
1244 2733 1453 2794 demonstret:
1470 2750 1542 2793 oum
1552 2737 1656 2793 autem
1666 2732 1705 2793 de

112 2824 238 2903 stupida
249 2824 375 2902 pionrm
386 2823 674 2885 animosaherroris
685 2824 885 2904 inquisitione
935 2822 998 2882 Deo
1027 2841 1129 2884 sermo
1156 2831 1217 2897 est;
1242 2843 1336 2904 quem
1359 2825 1469 2886 eodem
1494 2841 1616 2903 semper
1639 2842 1704 2886 esse

113 2917 171 2989 sni,
188 2922 220 2976 et
233 2916 393 2993 agnitione
406 2915 526 2976 facilius
539 2923 724 2978 averterent.
740 2919 790 2978 Sic
810 2937 884 2979 auc·
934 2919 1027 2987 statu,
1044 2933 1080 2976 ac
1091 2934 1131 2976 ue
1144 2916 1298 2977 levissima
1312 2918 1438 2996 quidem
1450 2916 1615 2996 perstringi
1629 2934 1703 2977 mn-

111 3015 161 3070 tor
172 3009 406 3088 opusculorum,
414 3025 483 3087 quaa
490 3007 571 3069 inter
586 3010 746 3070 Athanasii
759 3010 886 3089 rejicula
934 3007 1060 3067 tationis
1072 3026 1158 3083 aura,
1174 3014 1221 3070 tot
1234 3009 1447 3084 locisindioat;
1464 3009 1553 3069 aliter
1562 3009 1704 3072 eamdem

112 3101 285 3180 leguntur,
310 3100 451 3161 eruditus
467 3100 519 3161 ille
538 3101 675 3180 quidem,
695 3121 731 3164 ac
751 3103 863 3181 politus
867 3124 882 3179 ,3
935 3116 1043 3159 vocem
1058 3100 1189 3179 intelligi
1207 3101 1293 3161 volit.
1310 3102 1355 3162 lta
1379 3101 1512 3181 Cyrillus
1526 3100 1706 3162 Alexandri·

113 3193 167 3254 sed
181 3193 223 3254 ab
231 3193 401 3254 Athanasio
416 3192 555 3254 diversus
570 3212 578 3252 τ
594 3195 650 3272 qui
662 3194 784 3255 vefiuim
808 3195 886 3256 illud
935 3210 995 3253 nus
1007 3192 1041 3251 in
1055 3192 1177 3270 dialogo
1188 3191 1224 3252 de
1237 3211 1294 3253 uno
1303 3191 1531 3272 Christotlujus
1544 3199 1590 3254 est
1602 3195 1705 3271 mavis

111 3284 231 3346 bandis
247 3285 400 3346 haeretice
423 3291 636 3346 commentum
654 3287 816 3366 erwisitis
835 3306 886 3348 ra-
935 3284 1014 3355 haeo,
1039 3290 1071 3345 et
1092 3284 1238 3345 adversus
1252 3285 1364 3365 impias
1378 3287 1558 3365 hujusmodi
1580 3286 1703 3348 haereti-

112 3378 254 3440 tionibus
274 3377 385 3438 elidit:
402 3396 437 3439 ac
450 3379 578 3439 demum
595 3380 771 3457 generalem
788 3380 885 3442 inter·
936 3395 1043 3437 corum
1057 3377 1191 3455 ineptias
1201 3379 1402 3438 niemoranda
1416 3378 1704 3452 sententiaaQuum

113 3469 274 3551 pretende
309 3469 489 3550 Scripturas,
524 3470 578 3531 sed
611 3470 656 3531 illi
689 3472 885 3551 potissimum
936 3469 1382 3548 deDeomentiofit,inquit,
1407 3471 1497 3531 siah
1516 3469 1620 3551 aliquo
1638 3490 1705 3536 vcr-

113 3562 381 3624 aocommodatam
393 3562 560 3629 sententiaa
586 3562 753 3625 formulam
768 3583 885 3644 propo·
934 3559 1023 3637 hum,
1037 3561 1153 3622 iactum
1166 3566 1224 3638 est,
1240 3562 1372 3636 dicatur,
1392 3580 1497 3624 nonne
1512 3564 1702 3645 imperitum,

114 3656 171 3716 nit.
192 3655 271 3715 alta
292 3654 433 3731 minime,
455 3655 567 3734 iuquit,
591 3662 714 3735 oportet
731 3656 886 3718 denudata
935 3673 971 3715 ao
998 3654 1088 3714 valde
1116 3654 1248 3734 impium
1274 3661 1331 3728 ast,
1361 3661 1471 3734 putare
1498 3656 1704 3718 mutationem

114 3748 258 3810 sensibus
275 3747 339 3808 suis
353 3747 489 3826 arripere
512 3748 632 3810 verba:
656 3750 710 3810 sed
724 3749 885 3810 hocaccu·
935 3746 1073 3827 aliquam
1097 3746 1149 3807 illa
1176 3764 1250 3808 roco
1274 3747 1442 3826 significari
1464 3749 1579 3827 potius,
1610 3766 1705 3827 quam

115 3848 178 3902 rate
198 3839 405 3914 considerare,
422 3840 498 3919 quid
519 3841 594 3903 utile
609 3842 649 3902 sit
669 3841 775 3917 nobis;
792 3859 885 3921 quam
935 3839 995 3901 alia
1008 3839 1157 3919 quapiam
1171 3839 1369 3918 interpretari
1381 3841 1502 3901 ratione
1516 3862 1524 3914 3
1538 3840 1704 3901 utadeum

114 3933 177 3994 rim
191 3932 307 3994 haheat
324 3931 447 4007 veritas,
470 3932 545 4012 qnid
565 3932 627 4013 legi
645 3939 887 3995 consentaneum
936 3934 1105 4012 prudenter
1119 3949 1244 3992 sensum
1259 3932 1488 4011 redigatur,qui
1501 3948 1595 4011 mam
1608 3933 1705 3993 maxi-

116 4025 165 4101 sit,
190 4024 268 4104 quid
286 4028 407 4084 naturae
421 4030 591 4103 congruat3
608 4025 684 4106 qnid
703 4025 776 4087 tidei
791 4028 888 4089 sinee-
936 4043 987 4086 me
1001 4025 1040 4085 sit
1052 4025 1240 4086 immutabili
1262 4024 1316 4085 Dei
1340 4029 1460 4086 nature
1477 4042 1654 4103 congruens
1673 4029 1704 4085 et

115 4119 202 4195 ritas,
223 4118 301 4197 qnid
320 4113 451 4176 firmitas
471 4117 547 4196 spei,
570 4118 644 4197 quaid
672 4137 762 4199 pura,
792 4119 887 4180 mini·
936 4115 1231 4179 consentaneusltu

115 4228 228 4291 meque
261 4210 361 4270 fucata
385 4207 541 4282 charitas,
564 4210 638 4289 quid
659 4211 745 4272 nulla
772 4210 887 4290 injuria
930 4206 935 4219 ’
977 4211 1031 4270 Ill.
1051 4210 1125 4283 Quae
1147 4208 1255 4289 cyrilli
1275 4208 1382 4287 regula
1396 4226 1435 4269 ex
1449 4226 1482 4270 re
1500 4206 1577 4288 ipsa,
1591 4208 1629 4270 de
1643 4228 1704 4289 qua

115 4301 478 4383 vichtagloriarequirat
492 4321 499 4363 ε
522 4302 751 4382 quidinvidiam
761 4321 887 4365 omnem
936 4320 1037 4364 sermo
1047 4301 1093 4378 fit,
1107 4301 1275 4363 verborum
1288 4301 1525 4381 intelligentiam
1534 4300 1702 4377 metientis,

116 4401 263 4476 superet:
294 4393 370 4474 quid
385 4394 424 4453 sit
444 4394 577 4475 denique
595 4396 695 4475 gratia
718 4413 784 4456 non
804 4396 885 4457 indi·
936 4402 972 4456 ut
986 4395 1075 4455 aliter
1089 4395 1127 4456 de
1147 4399 1297 4468 creatore,
1317 4412 1412 4473 quam
1431 4393 1470 4454 de
1489 4398 1630 4455 creatura
1644 4394 1706 4456 sint

116 4497 263 4568 gnanus
936 4487 1132 4567 accipienda;
1156 4486 1304 4547 latissime
1326 4486 1512 4564 porrigitur;
1538 4486 1627 4547 etad
1646 4487 1706 4548 hoo

4 4578 84 4621 'mil'
160 4581 198 4642 ll.
214 4582 300 4642 Idem
318 4598 411 4660 porro
431 4584 522 4641 antea
547 4580 735 4659 praecipuam
762 4579 886 4640 haereti-
935 4580 1082 4655 maxime,
1094 4580 1132 4640 de
1146 4596 1209 4658 quo
1218 4579 1350 4657 agimus,
1365 4579 1548 4658 mysterium
1564 4579 1706 4640 lucarna-

4 4630 94 4729 ectum
117 4689 237 4750 corum,
256 4690 335 4754 qnos
355 4672 577 4752 Eutychianos,
597 4690 633 4734 ac
656 4672 887 4753 bionophysitas
936 4672 1029 4732 honis
1043 4670 1369 4751 opportunsest.llinc
1383 4672 1465 4732 enim
1480 4670 1705 4751 Cyrillusidem

119 4925 176 4975 etc.
192 4920 235 4973 ilat
252 4920 333 4973 πάντα
353 4917 384 4972 ti
398 4922 499 4971 τοιαῦτα
520 4918 609 4989 βοῶσιν
623 4916 646 4970 oi
662 4918 772 4989 κήρυκες,
800 4918 832 4969 δι’
851 4912 886 4970 ὧν
934 4915 1076 4989 ἀνόόριστον
1090 4920 1134 4984 τῆς
1152 4914 1237 4985 δόξης,
1259 4915 1288 4970 τό
1300 4918 1410 4990 κρεῖττον
1424 4922 1468 4972 τοῦ
1489 4917 1594 4989 φθόνου,
1610 4918 1639 4974 τό
1663 4924 1706 4989 τῆς

119 5003 274 5066 πλεονάζεται
288 5002 317 5056 τό
335 5003 416 5072 θαῦμα
435 5005 479 5054 τοῦ
503 4999 543 5052 διὰ
561 5006 611 5053 τῶν
626 4998 672 5061 ἔξω
686 5005 729 5068 τῆς
743 5000 836 5073 ρόσεως
858 4999 887 5054 τό
933 5003 1034 5074 χάριτος
1048 4999 1124 5062 ἄξιον.

119 5087 201 5157 περιόν
215 5090 256 5153 τῆς
269 5085 396 5157 δυνάμεως
406 5083 493 5137 ἑαυτοῦ
507 5085 699 5156 ρανερώσσιντος.
970 5085 987 5139 b
1007 5085 1073 5139 Ciu.
1094 5082 1186 5137 Οὐκοῦν
1209 5085 1418 5156 παρενηνεγμένης
1439 5084 1472 5147 εἰς
1493 5085 1566 5157 μέσον
1587 5088 1634 5151 τῆς
1649 5086 1704 5140 θεοῦ

158 5172 257 5226 ahta.
277 5170 362 5231 ffltme
375 5166 403 5221 ot
426 5169 467 5220 δεῖ
479 5167 559 5239 γυμνὰ
576 5168 707 5238 νοημάτων
726 5166 841 5239 ἁρπάζειν
855 5165 887 5220 τὰ
934 5169 1041 5238 μνήμης,
1058 5167 1079 5220 εἰ
1092 5166 1139 5220 tat
1154 5171 1198 5219 τοῦ
1212 5166 1310 5238 λέγοιτο
1325 5169 1364 5236 τό,
1387 5166 1493 5238 ἐγένετο,
1510 5174 1563 5229 πῶς
1577 5166 1621 5220 aba
1638 5168 1703 5241 ἀμα-

121 5251 224 5324 pinna·
239 5254 340 5306 σκοπεῖν
360 5250 386 5304 bi
407 5249 529 5322 ἐπιμελῶς
548 5250 577 5303 τό
597 5250 690 5321 πρέπον
708 5251 766 5320 θεῷ,
782 5248 811 5302 τό
825 5269 886 5320 σνμ-
933 5248 981 5316 θὲς,
996 5251 1036 5302 καὶ
1049 5249 1147 5303 ἀνόσιον
1161 5250 1261 5320 κομιδῆ,
1277 5249 1369 5321 τροπὴν
1384 5247 1476 5303 οἴεσθαι
1491 5250 1618 5322 σημαίνειν
1633 5251 1702 5318 αὐτό,

120 5336 192 5407 φόρον
204 5337 279 5408 ἡμῖν,
297 5335 326 5389 τό
345 5334 446 5387 δυνατόν
465 5337 508 5401 τῆς
522 5332 642 5402 ἀληθείας,
659 5333 688 5386 τό
706 5333 836 5405 σύμφωνον
850 5337 886 5405 τῷ
933 5333 972 5385 καλ
985 5333 1041 5405 οόχλ
1057 5332 1086 5401 δη
1101 5332 1195 5403 μᾶλλον
1219 5333 1272 5385 καθ’
1292 5332 1375 5403 ἔτερόν
1400 5352 1454 5386 τινα
1470 5334 1561 5406 τρόπον
1575 5336 1703 5405 πειρᾶσθαι

120 5420 199 5491 νόμιρ,
209 5419 237 5473 τ“σ
249 5417 406 5485 κατάλληλον
419 5421 450 5490 τῇ
463 5417 541 5488 piosa,
557 5417 587 5470 τό
599 5417 700 5487 γνήσιον
715 5419 758 5483 τῆς
771 5416 884 5478 πίστεως,
933 5418 1010 5479 νοεῖν,
1027 5416 1066 5468 καλ
1082 5415 1232 5487 πιριτρέπειν
1249 5412 1374 5486 ἐμφρόνως
1385 5414 1418 5477 εἰς
1432 5414 1461 5469 τό
1472 5417 1509 5470 ότι
1525 5416 1633 5488 μάλιστα
1645 5419 1704 5490 πρό·

122 5500 155 5554 τό
167 5503 258 5573 βέόσιον
274 5504 318 5569 τῆς
341 5498 449 5567 ἐλπίδος,
469 5500 498 5554 τό
518 5499 647 5554 ἀνόθευτον
673 5503 717 5567 τῆς
737 5498 842 5570 όγάπης,
857 5498 886 5552 τό
932 5517 979 5552 πον
991 5518 1027 5563 τι,
1039 5498 1079 5552 καὶ
1093 5496 1172 5560 ἐοικός
1185 5502 1222 5568 τῷ
1233 5496 1420 5569 ἀτρόπτῳθιῷς
