<?xml version="1.0" encoding="UTF-8"?>
<!DOCTYPE html PUBLIC "-//W3C//DTD XHTML 1.0 Transitional//EN"
    "http://www.w3.org/TR/xhtml1/DTD/xhtml1-transitional.dtd">
<html xmlns="http://www.w3.org/1999/xhtml" xml:lang="en" lang="en">
 <head>
  <title>
</title>
<meta http-equiv="Content-Type" content="text/html;charset=utf-8" />
  <meta name='ocr-system' content='tesseract 3.04.00' />
  <meta name='ocr-capabilities' content='ocr_page ocr_carea ocr_par ocr_line ocrx_word'/>
</head>
<body>
  <div class='ocr_page' id='page_1' title='image "./dogmatatheologi00unkngoog_0317.png"; bbox 0 0 4036 6162; ppageno 0'>
   <div class='ocr_carea' id='block_1_1' title="bbox 366 310 1439 393">
    <p class='ocr_par' dir='ltr' id='par_1_1' title="bbox 366 310 1439 393">
     <span class='ocr_line' id='line_1_1' title="bbox 366 310 1439 393; baseline 0.005 -22"><span class='ocrx_word' id='word_1_1' title='bbox 366 320 427 393; x_wconf 70' lang='lat' dir='ltr'><strong>‚oo</strong></span> <span class='ocrx_word' id='word_1_2' title='bbox 876 310 1201 376; x_wconf 83' lang='lat' dir='ltr'><strong>rammerooaou</strong></span> <span class='ocrx_word' id='word_1_3' title='bbox 1220 312 1439 377; x_wconf 75' lang='lat' dir='ltr'><strong>morarum</strong></span> 
     </span>
    </p>
   </div>
   <div class='ocr_carea' id='block_1_2' title="bbox 212 476 1983 4984">
    <p class='ocr_par' dir='ltr' id='par_1_2' title="bbox 364 476 1982 2404">
     <span class='ocr_line' id='line_1_2' title="bbox 408 476 1919 561; baseline 0.003 -19"><span class='ocrx_word' id='word_1_4' title='bbox 408 480 539 561; x_wconf 79' lang='lat' dir='ltr'><strong>Egregie</strong></span> <span class='ocrx_word' id='word_1_5' title='bbox 551 479 642 542; x_wconf 91' lang='lat' dir='ltr'><strong>illum</strong></span> <span class='ocrx_word' id='word_1_6' title='bbox 656 478 802 541; x_wconf 87' lang='lat' dir='ltr'><strong>eumdem</strong></span> <span class='ocrx_word' id='word_1_7' title='bbox 814 476 1133 557; x_wconf 84' lang='lat' dir='ltr'><strong>suavissimumjusti·</strong></span> <span class='ocrx_word' id='word_1_8' title='bbox 1185 483 1217 541; x_wconf 86' lang='lat' dir='ltr'><strong>et</strong></span> <span class='ocrx_word' id='word_1_9' title='bbox 1229 480 1289 541; x_wconf 88' lang='lat' dir='ltr'><strong>boo</strong></span> <span class='ocrx_word' id='word_1_10' title='bbox 1301 480 1415 553; x_wconf 82' lang='lat' dir='ltr'><strong>videat,</strong></span> <span class='ocrx_word' id='word_1_11' title='bbox 1430 478 1552 541; x_wconf 82' lang='lat' dir='ltr'><strong>venisse</strong></span> <span class='ocrx_word' id='word_1_12' title='bbox 1571 478 1679 560; x_wconf 88' lang='lat' dir='ltr'><strong>ntique</strong></span> <span class='ocrx_word' id='word_1_13' title='bbox 1700 481 1733 542; x_wconf 94' lang='lat' dir='ltr'><strong>in</strong></span> <span class='ocrx_word' id='word_1_14' title='bbox 1745 498 1858 546; x_wconf 84' lang='lat' dir='ltr'><strong>carnem</strong></span> <span class='ocrx_word' id='word_1_15' title='bbox 1878 486 1919 549; x_wconf 77' lang='lat' dir='ltr'><strong>liei</strong></span> 
     </span>
     <span class='ocr_line' id='line_1_3' title="bbox 369 570 1921 651; baseline 0.001 -15"><span class='ocrx_word' id='word_1_16' title='bbox 369 574 432 650; x_wconf 76' lang='lat' dir='ltr'><strong>tiae,</strong></span> <span class='ocrx_word' id='word_1_17' title='bbox 448 591 485 635; x_wconf 89' lang='lat' dir='ltr'><strong>ao</strong></span> <span class='ocrx_word' id='word_1_18' title='bbox 497 570 716 634; x_wconf 84' lang='lat' dir='ltr'><strong>misericordiae</strong></span> <span class='ocrx_word' id='word_1_19' title='bbox 729 588 913 632; x_wconf 88' lang='lat' dir='ltr'><strong>consensum</strong></span> <span class='ocrx_word' id='word_1_20' title='bbox 929 570 1064 631; x_wconf 73' lang='lat' dir='ltr'>declarat</span> <span class='ocrx_word' id='word_1_21' title='bbox 1083 571 1135 631; x_wconf 85' lang='lat' dir='ltr'><strong>lvo</strong></span> <span class='ocrx_word' id='word_1_22' title='bbox 1186 570 1298 632; x_wconf 83' lang='lat' dir='ltr'><strong>Filium</strong></span> <span class='ocrx_word' id='word_1_23' title='bbox 1316 577 1443 651; x_wconf 90' lang='lat' dir='ltr'><strong>propter</strong></span> <span class='ocrx_word' id='word_1_24' title='bbox 1464 572 1640 634; x_wconf 82' lang='lat' dir='ltr'><strong>liberandos</strong></span> <span class='ocrx_word' id='word_1_25' title='bbox 1672 574 1819 636; x_wconf 89' lang='lat' dir='ltr'><strong>homines.</strong></span> <span class='ocrx_word' id='word_1_26' title='bbox 1845 578 1921 639; x_wconf 75' lang='lat' dir='ltr'><strong>cete</strong></span> 
     </span>
     <span class='ocr_line' id='line_1_4' title="bbox 369 661 1979 747; baseline 0.001 -19"><span class='ocrx_word' id='word_1_27' title='bbox 369 664 565 728; x_wconf 81' lang='lat' dir='ltr'><strong>Carnutensis</strong></span> <span class='ocrx_word' id='word_1_28' title='bbox 578 663 613 724; x_wconf 90' lang='lat' dir='ltr'><strong>in</strong></span> <span class='ocrx_word' id='word_1_29' title='bbox 630 662 933 742; x_wconf 87' lang='lat' dir='ltr'><strong>sermonequodam,</strong></span> <span class='ocrx_word' id='word_1_30' title='bbox 956 661 1012 742; x_wconf 88' lang='lat' dir='ltr'><strong>qui</strong></span> <span class='ocrx_word' id='word_1_31' title='bbox 1029 662 1138 723; x_wconf 91' lang='lat' dir='ltr'><strong>inscri-</strong></span> <span class='ocrx_word' id='word_1_32' title='bbox 1184 682 1257 725; x_wconf 90' lang='lat' dir='ltr'><strong>rum</strong></span> <span class='ocrx_word' id='word_1_33' title='bbox 1275 666 1332 724; x_wconf 87' lang='lat' dir='ltr'><strong>etsi</strong></span> <span class='ocrx_word' id='word_1_34' title='bbox 1342 666 1459 743; x_wconf 88' lang='lat' dir='ltr'><strong>justam</strong></span> <span class='ocrx_word' id='word_1_35' title='bbox 1474 664 1605 725; x_wconf 80' lang='lat' dir='ltr'>dicimus</span> <span class='ocrx_word' id='word_1_36' title='bbox 1626 665 1919 747; x_wconf 86' lang='lat' dir='ltr'><strong>diabolipotestatem,</strong></span> <span class='ocrx_word' id='word_1_37' title='bbox 1951 684 1979 745; x_wconf 75' lang='lat' dir='ltr'><strong>ru</strong></span> 
     </span>
     <span class='ocr_line' id='line_1_5' title="bbox 368 737 1979 842; baseline 0.002 -23"><span class='ocrx_word' id='word_1_38' title='bbox 368 758 464 832; x_wconf 85' lang='lat' dir='ltr'><strong>bitur,</strong></span> <span class='ocrx_word' id='word_1_39' title='bbox 481 757 579 833; x_wconf 81' lang='lat' dir='ltr'><strong><em>Quare</em></strong></span> <span class='ocrx_word' id='word_1_40' title='bbox 599 763 684 818; x_wconf 80' lang='lat' dir='ltr'><strong>antro</strong></span> <span class='ocrx_word' id='word_1_41' title='bbox 701 756 789 831; x_wconf 77' lang='lat' dir='ltr'><strong>Deua,</strong></span> <span class='ocrx_word' id='word_1_42' title='bbox 808 763 837 815; x_wconf 84' lang='lat' dir='ltr'><strong>et</strong></span> <span class='ocrx_word' id='word_1_43' title='bbox 847 772 949 835; x_wconf 70' lang='lat' dir='ltr'><strong>passm</strong></span> <span class='ocrx_word' id='word_1_44' title='bbox 961 754 1010 829; x_wconf 81' lang='lat' dir='ltr'><strong>rit,</strong></span> <span class='ocrx_word' id='word_1_45' title='bbox 1027 755 1061 814; x_wconf 90' lang='lat' dir='ltr'><strong>in</strong></span> <span class='ocrx_word' id='word_1_46' title='bbox 1074 772 1136 833; x_wconf 85' lang='lat' dir='ltr'><strong>quo</strong></span> <span class='ocrx_word' id='word_1_47' title='bbox 1185 773 1250 817; x_wconf 87' lang='lat' dir='ltr'><strong>non</strong></span> <span class='ocrx_word' id='word_1_48' title='bbox 1263 761 1370 817; x_wconf 88' lang='lat' dir='ltr'><strong>tamen</strong></span> <span class='ocrx_word' id='word_1_49' title='bbox 1383 762 1414 818; x_wconf 88' lang='lat' dir='ltr'><strong>et</strong></span> <span class='ocrx_word' id='word_1_50' title='bbox 1426 755 1629 818; x_wconf 87' lang='lat' dir='ltr'><strong>voluntatem.</strong></span> <span class='ocrx_word' id='word_1_51' title='bbox 1646 758 1734 820; x_wconf 86' lang='lat' dir='ltr'><strong>Unde</strong></span> <span class='ocrx_word' id='word_1_52' title='bbox 1756 777 1816 820; x_wconf 90' lang='lat' dir='ltr'><strong>non</strong></span> <span class='ocrx_word' id='word_1_53' title='bbox 1836 760 1921 822; x_wconf 90' lang='lat' dir='ltr'><strong>diabo-</strong></span> <span class='ocrx_word' id='word_1_54' title='bbox 1948 737 1979 842; x_wconf 52' lang='grc' dir='ltr'><strong>Ἴ.</strong></span> 
     </span>
     <span class='ocr_line' id='line_1_6' title="bbox 368 844 1980 933; baseline 0.001 -20"><span class='ocrx_word' id='word_1_55' title='bbox 368 849 591 914; x_wconf 76' lang='lat' dir='ltr'><strong>admirabiliter</strong></span> <span class='ocrx_word' id='word_1_56' title='bbox 603 849 726 910; x_wconf 72' lang='lat' dir='ltr'><strong>factum¹</strong></span> <span class='ocrx_word' id='word_1_57' title='bbox 738 865 803 909; x_wconf 86' lang='lat' dir='ltr'><strong>esse</strong></span> <span class='ocrx_word' id='word_1_58' title='bbox 815 847 899 922; x_wconf 88' lang='lat' dir='ltr'><strong>dicit,</strong></span> <span class='ocrx_word' id='word_1_59' title='bbox 919 851 979 907; x_wconf 83' lang='lat' dir='ltr'><strong>aut</strong></span> <span class='ocrx_word' id='word_1_60' title='bbox 992 864 1050 907; x_wconf 89' lang='lat' dir='ltr'><strong>nec</strong></span> <span class='ocrx_word' id='word_1_61' title='bbox 1063 865 1136 926; x_wconf 87' lang='lat' dir='ltr'><strong>pec-</strong></span> <span class='ocrx_word' id='word_1_62' title='bbox 1186 847 1246 923; x_wconf 91' lang='lat' dir='ltr'><strong>lus,</strong></span> <span class='ocrx_word' id='word_1_63' title='bbox 1261 850 1316 929; x_wconf 87' lang='lat' dir='ltr'><strong>qui</strong></span> <span class='ocrx_word' id='word_1_64' title='bbox 1328 849 1458 926; x_wconf 84' lang='lat' dir='ltr'><strong>invasit3</strong></span> <span class='ocrx_word' id='word_1_65' title='bbox 1473 868 1539 911; x_wconf 92' lang='lat' dir='ltr'><strong>non</strong></span> <span class='ocrx_word' id='word_1_66' title='bbox 1556 849 1662 927; x_wconf 90' lang='lat' dir='ltr'><strong>homo,</strong></span> <span class='ocrx_word' id='word_1_67' title='bbox 1684 850 1739 930; x_wconf 90' lang='lat' dir='ltr'><strong>qui</strong></span> <span class='ocrx_word' id='word_1_68' title='bbox 1751 850 1869 928; x_wconf 88' lang='lat' dir='ltr'><strong>meruit;</strong></span> <span class='ocrx_word' id='word_1_69' title='bbox 1881 855 1922 916; x_wconf 87' lang='lat' dir='ltr'><strong>aed</strong></span> <span class='ocrx_word' id='word_1_70' title='bbox 1942 844 1980 933; x_wconf 58' lang='lat' dir='ltr'><strong>W,</strong></span> 
     </span>
     <span class='ocr_line' id='line_1_7' title="bbox 368 938 1923 1023; baseline 0.001 -17"><span class='ocrx_word' id='word_1_71' title='bbox 368 949 472 1006; x_wconf 87' lang='lat' dir='ltr'><strong>catum</strong></span> <span class='ocrx_word' id='word_1_72' title='bbox 498 941 636 1003; x_wconf 84' lang='lat' dir='ltr'><strong>bominis</strong></span> <span class='ocrx_word' id='word_1_73' title='bbox 659 939 828 1001; x_wconf 89' lang='lat' dir='ltr'><strong>dimitteret</strong></span> <span class='ocrx_word' id='word_1_74' title='bbox 845 939 1038 1018; x_wconf 91' lang='lat' dir='ltr'><strong>impunitum</strong></span> <span class='ocrx_word' id='word_1_75' title='bbox 1064 938 1138 1018; x_wconf 87' lang='lat' dir='ltr'><strong>quia</strong></span> <span class='ocrx_word' id='word_1_76' title='bbox 1181 940 1284 1020; x_wconf 87' lang='lat' dir='ltr'><strong>justus</strong></span> <span class='ocrx_word' id='word_1_77' title='bbox 1297 942 1460 1016; x_wconf 82' lang='lat' dir='ltr'><strong>Dominus,</strong></span> <span class='ocrx_word' id='word_1_78' title='bbox 1483 942 1537 1022; x_wconf 88' lang='lat' dir='ltr'><strong>qui</strong></span> <span class='ocrx_word' id='word_1_79' title='bbox 1560 944 1712 1023; x_wconf 84' lang='lat' dir='ltr'><strong>exposuit.</strong></span> <span class='ocrx_word' id='word_1_80' title='bbox 1734 944 1800 1005; x_wconf 91' lang='lat' dir='ltr'><strong>Non</strong></span> <span class='ocrx_word' id='word_1_81' title='bbox 1823 949 1923 1007; x_wconf 90' lang='lat' dir='ltr'><strong>euima</strong></span> 
     </span>
     <span class='ocr_line' id='line_1_8' title="bbox 364 1031 1923 1116; baseline 0.001 -19"><span class='ocrx_word' id='word_1_82' title='bbox 364 1037 600 1115; x_wconf 81' lang='lat' dir='ltr'><strong>justusest3nec</strong></span> <span class='ocrx_word' id='word_1_83' title='bbox 614 1032 785 1094; x_wconf 89' lang='lat' dir='ltr'><strong>insanabile</strong></span> <span class='ocrx_word' id='word_1_84' title='bbox 794 1031 868 1111; x_wconf 86' lang='lat' dir='ltr'><strong>quia</strong></span> <span class='ocrx_word' id='word_1_85' title='bbox 876 1031 1050 1093; x_wconf 88' lang='lat' dir='ltr'><strong>misericors</strong></span> <span class='ocrx_word' id='word_1_86' title='bbox 1059 1036 1133 1092; x_wconf 73' lang='lat' dir='ltr'><strong>est.»</strong></span> <span class='ocrx_word' id='word_1_87' title='bbox 1185 1039 1354 1113; x_wconf 83' lang='lat' dir='ltr'><strong>potcstate3</strong></span> <span class='ocrx_word' id='word_1_88' title='bbox 1380 1034 1433 1095; x_wconf 91' lang='lat' dir='ltr'><strong>sed</strong></span> <span class='ocrx_word' id='word_1_89' title='bbox 1446 1054 1466 1096; x_wconf 91' lang='lat' dir='ltr'><strong>a</strong></span> <span class='ocrx_word' id='word_1_90' title='bbox 1478 1032 1636 1096; x_wconf 87' lang='lat' dir='ltr'><strong>voluntate</strong></span> <span class='ocrx_word' id='word_1_91' title='bbox 1655 1036 1767 1115; x_wconf 85' lang='lat' dir='ltr'><strong>justus,</strong></span> <span class='ocrx_word' id='word_1_92' title='bbox 1781 1035 1923 1116; x_wconf 78' lang='lat' dir='ltr'><strong>injustusve</strong></span> 
     </span>
     <span class='ocr_line' id='line_1_9' title="bbox 368 1123 1923 1209; baseline 0.001 -20"><span class='ocrx_word' id='word_1_93' title='bbox 368 1129 452 1189; x_wconf 80' lang='lat' dir='ltr'><strong>rum</strong></span> <span class='ocrx_word' id='word_1_94' title='bbox 473 1127 542 1188; x_wconf 90' lang='lat' dir='ltr'><strong>haeo</strong></span> <span class='ocrx_word' id='word_1_95' title='bbox 566 1126 674 1187; x_wconf 88' lang='lat' dir='ltr'><strong>addit:</strong></span> <span class='ocrx_word' id='word_1_96' title='bbox 691 1146 703 1182; x_wconf 87' lang='grc' dir='ltr'><strong>ι</strong></span> <span class='ocrx_word' id='word_1_97' title='bbox 724 1124 757 1185; x_wconf 84' lang='lat' dir='ltr'><strong>si</strong></span> <span class='ocrx_word' id='word_1_98' title='bbox 774 1125 877 1203; x_wconf 85' lang='lat' dir='ltr'><strong>justus</strong></span> <span class='ocrx_word' id='word_1_99' title='bbox 898 1129 1022 1184; x_wconf 88' lang='lat' dir='ltr'><strong>tantum</strong></span> <span class='ocrx_word' id='word_1_100' title='bbox 1045 1126 1136 1200; x_wconf 87' lang='lat' dir='ltr'><strong>esset,</strong></span> <span class='ocrx_word' id='word_1_101' title='bbox 1186 1128 1256 1204; x_wconf 86' lang='lat' dir='ltr'><strong>quis</strong></span> <span class='ocrx_word' id='word_1_102' title='bbox 1278 1123 1402 1187; x_wconf 89' lang='lat' dir='ltr'><strong>dicitur.</strong></span> <span class='ocrx_word' id='word_1_103' title='bbox 1428 1128 1494 1199; x_wconf 83' lang='lat' dir='ltr'><strong>Hoc</strong></span> <span class='ocrx_word' id='word_1_104' title='bbox 1517 1145 1591 1207; x_wconf 90' lang='lat' dir='ltr'><strong>ergo</strong></span> <span class='ocrx_word' id='word_1_105' title='bbox 1614 1126 1728 1188; x_wconf 89' lang='lat' dir='ltr'><strong>diaboli</strong></span> <span class='ocrx_word' id='word_1_106' title='bbox 1743 1129 1923 1209; x_wconf 84' lang='lat' dir='ltr'><strong>quoddamin</strong></span> 
     </span>
     <span class='ocr_line' id='line_1_10' title="bbox 368 1214 1923 1300; baseline 0.001 -18"><span class='ocrx_word' id='word_1_107' title='bbox 368 1219 458 1299; x_wconf 79' lang='lat' dir='ltr'><strong>cujus</strong></span> <span class='ocrx_word' id='word_1_108' title='bbox 470 1217 621 1300; x_wconf 87' lang='lat' dir='ltr'><strong>sapientia</strong></span> <span class='ocrx_word' id='word_1_109' title='bbox 632 1217 757 1296; x_wconf 90' lang='lat' dir='ltr'><strong>attingit</strong></span> <span class='ocrx_word' id='word_1_110' title='bbox 770 1235 790 1277; x_wconf 92' lang='lat' dir='ltr'><strong>a</strong></span> <span class='ocrx_word' id='word_1_111' title='bbox 801 1216 864 1277; x_wconf 87' lang='lat' dir='ltr'><strong>tine</strong></span> <span class='ocrx_word' id='word_1_112' title='bbox 877 1233 976 1296; x_wconf 86' lang='lat' dir='ltr'><strong>usque</strong></span> <span class='ocrx_word' id='word_1_113' title='bbox 989 1214 1029 1276; x_wconf 87' lang='lat' dir='ltr'><strong>ad</strong></span> <span class='ocrx_word' id='word_1_114' title='bbox 1042 1215 1138 1276; x_wconf 88' lang='lat' dir='ltr'><strong>finem</strong></span> <span class='ocrx_word' id='word_1_115' title='bbox 1186 1217 1346 1278; x_wconf 90' lang='lat' dir='ltr'><strong>bominem</strong></span> <span class='ocrx_word' id='word_1_116' title='bbox 1358 1217 1419 1296; x_wconf 90' lang='lat' dir='ltr'><strong>jus,</strong></span> <span class='ocrx_word' id='word_1_117' title='bbox 1436 1220 1493 1280; x_wconf 86' lang='lat' dir='ltr'><strong>etsi</strong></span> <span class='ocrx_word' id='word_1_118' title='bbox 1515 1238 1581 1280; x_wconf 90' lang='lat' dir='ltr'><strong>non</strong></span> <span class='ocrx_word' id='word_1_119' title='bbox 1590 1218 1662 1298; x_wconf 85' lang='lat' dir='ltr'><strong>jure</strong></span> <span class='ocrx_word' id='word_1_120' title='bbox 1685 1221 1867 1299; x_wconf 88' lang='lat' dir='ltr'><strong>acquisitum,</strong></span> <span class='ocrx_word' id='word_1_121' title='bbox 1882 1223 1923 1287; x_wconf 86' lang='lat' dir='ltr'><strong>scd</strong></span> 
     </span>
     <span class='ocr_line' id='line_1_11' title="bbox 368 1307 1921 1394; baseline 0.001 -20"><span class='ocrx_word' id='word_1_122' title='bbox 368 1313 499 1387; x_wconf 81' lang='lat' dir='ltr'><strong>fortiter,</strong></span> <span class='ocrx_word' id='word_1_123' title='bbox 523 1317 554 1372; x_wconf 89' lang='lat' dir='ltr'><strong>et</strong></span> <span class='ocrx_word' id='word_1_124' title='bbox 580 1308 716 1391; x_wconf 83' lang='lat' dir='ltr'><strong>disponit</strong></span> <span class='ocrx_word' id='word_1_125' title='bbox 740 1309 846 1370; x_wconf 88' lang='lat' dir='ltr'><strong>omnia</strong></span> <span class='ocrx_word' id='word_1_126' title='bbox 868 1308 1012 1376; x_wconf 79' lang='lat' dir='ltr'><strong>suaviter,</strong></span> <span class='ocrx_word' id='word_1_127' title='bbox 1036 1307 1139 1387; x_wconf 87' lang='lat' dir='ltr'><strong>potuit</strong></span> <span class='ocrx_word' id='word_1_128' title='bbox 1186 1310 1329 1388; x_wconf 88' lang='lat' dir='ltr'><strong>nequiter</strong></span> <span class='ocrx_word' id='word_1_129' title='bbox 1342 1311 1629 1391; x_wconf 85' lang='lat' dir='ltr'><strong>usurpatum,juste</strong></span> <span class='ocrx_word' id='word_1_130' title='bbox 1640 1318 1747 1374; x_wconf 88' lang='lat' dir='ltr'><strong>tumen</strong></span> <span class='ocrx_word' id='word_1_131' title='bbox 1756 1315 1921 1394; x_wconf 87' lang='lat' dir='ltr'><strong>permissum</strong></span> 
     </span>
     <span class='ocr_line' id='line_1_12' title="bbox 368 1399 1925 1483; baseline 0.001 -17"><span class='ocrx_word' id='word_1_132' title='bbox 368 1422 425 1466; x_wconf 87' lang='lat' dir='ltr'><strong>sua</strong></span> <span class='ocrx_word' id='word_1_133' title='bbox 436 1403 620 1466; x_wconf 83' lang='lat' dir='ltr'><strong>fortitudine</strong></span> <span class='ocrx_word' id='word_1_134' title='bbox 634 1402 780 1463; x_wconf 88' lang='lat' dir='ltr'><strong>adversus</strong></span> <span class='ocrx_word' id='word_1_135' title='bbox 800 1401 994 1462; x_wconf 80' lang='lat' dir='ltr'><strong>seductorem</strong></span> <span class='ocrx_word' id='word_1_136' title='bbox 1006 1399 1138 1460; x_wconf 89' lang='lat' dir='ltr'><strong>humani</strong></span> <span class='ocrx_word' id='word_1_137' title='bbox 1188 1400 1239 1462; x_wconf 87' lang='lat' dir='ltr'><strong>Sic</strong></span> <span class='ocrx_word' id='word_1_138' title='bbox 1256 1403 1359 1481; x_wconf 85' lang='lat' dir='ltr'><strong>ltaque</strong></span> <span class='ocrx_word' id='word_1_139' title='bbox 1374 1401 1469 1464; x_wconf 91' lang='lat' dir='ltr'><strong>homo</strong></span> <span class='ocrx_word' id='word_1_140' title='bbox 1479 1403 1561 1481; x_wconf 88' lang='lat' dir='ltr'><strong>juste</strong></span> <span class='ocrx_word' id='word_1_141' title='bbox 1576 1404 1716 1483; x_wconf 88' lang='lat' dir='ltr'><strong>captivus</strong></span> <span class='ocrx_word' id='word_1_142' title='bbox 1727 1405 1881 1483; x_wconf 75' lang='lat' dir='ltr'><strong>tenebatur,</strong></span> <span class='ocrx_word' id='word_1_143' title='bbox 1897 1411 1925 1467; x_wconf 93' lang='lat' dir='ltr'><strong>ut</strong></span> 
     </span>
     <span class='ocr_line' id='line_1_13' title="bbox 368 1491 1925 1577; baseline 0.001 -19"><span class='ocrx_word' id='word_1_144' title='bbox 368 1494 491 1577; x_wconf 86' lang='lat' dir='ltr'><strong>generis</strong></span> <span class='ocrx_word' id='word_1_145' title='bbox 512 1494 710 1571; x_wconf 89' lang='lat' dir='ltr'><strong>contendere,</strong></span> <span class='ocrx_word' id='word_1_146' title='bbox 746 1499 777 1555; x_wconf 88' lang='lat' dir='ltr'><strong>et</strong></span> <span class='ocrx_word' id='word_1_147' title='bbox 802 1510 894 1555; x_wconf 86' lang='lat' dir='ltr'><strong>ovem</strong></span> <span class='ocrx_word' id='word_1_148' title='bbox 921 1491 1075 1571; x_wconf 88' lang='lat' dir='ltr'><strong>perditam</strong></span> <span class='ocrx_word' id='word_1_149' title='bbox 1098 1491 1138 1551; x_wconf 90' lang='lat' dir='ltr'><strong>ad</strong></span> <span class='ocrx_word' id='word_1_150' title='bbox 1185 1497 1292 1555; x_wconf 88' lang='lat' dir='ltr'><strong>tamen</strong></span> <span class='ocrx_word' id='word_1_151' title='bbox 1316 1512 1375 1556; x_wconf 90' lang='lat' dir='ltr'><strong>neo</strong></span> <span class='ocrx_word' id='word_1_152' title='bbox 1400 1495 1435 1555; x_wconf 92' lang='lat' dir='ltr'><strong>in</strong></span> <span class='ocrx_word' id='word_1_153' title='bbox 1461 1494 1598 1566; x_wconf 89' lang='lat' dir='ltr'><strong>bomine,</strong></span> <span class='ocrx_word' id='word_1_154' title='bbox 1615 1515 1674 1558; x_wconf 89' lang='lat' dir='ltr'><strong>neo</strong></span> <span class='ocrx_word' id='word_1_155' title='bbox 1701 1496 1736 1558; x_wconf 90' lang='lat' dir='ltr'><strong>in</strong></span> <span class='ocrx_word' id='word_1_156' title='bbox 1754 1497 1865 1559; x_wconf 90' lang='lat' dir='ltr'><strong>diabolo</strong></span> <span class='ocrx_word' id='word_1_157' title='bbox 1885 1497 1925 1558; x_wconf 90' lang='lat' dir='ltr'><strong>illa</strong></span> 
     </span>
     <span class='ocr_line' id='line_1_14' title="bbox 368 1582 1924 1670; baseline 0.002 -22"><span class='ocrx_word' id='word_1_158' title='bbox 368 1604 495 1668; x_wconf 89' lang='lat' dir='ltr'><strong>gregem</strong></span> <span class='ocrx_word' id='word_1_159' title='bbox 509 1586 734 1648; x_wconf 88' lang='lat' dir='ltr'><strong>reductamsuo</strong></span> <span class='ocrx_word' id='word_1_160' title='bbox 748 1585 881 1661; x_wconf 86' lang='lat' dir='ltr'><strong>Domino</strong></span> <span class='ocrx_word' id='word_1_161' title='bbox 894 1582 1138 1645; x_wconf 87' lang='lat' dir='ltr'><strong>restituere.Sed</strong></span> <span class='ocrx_word' id='word_1_162' title='bbox 1187 1590 1266 1645; x_wconf 89' lang='lat' dir='ltr'><strong>esset</strong></span> <span class='ocrx_word' id='word_1_163' title='bbox 1281 1586 1411 1664; x_wconf 87' lang='lat' dir='ltr'><strong>justitia,</strong></span> <span class='ocrx_word' id='word_1_164' title='bbox 1427 1587 1481 1648; x_wconf 90' lang='lat' dir='ltr'><strong>sed</strong></span> <span class='ocrx_word' id='word_1_165' title='bbox 1499 1586 1534 1648; x_wconf 93' lang='lat' dir='ltr'><strong>in</strong></span> <span class='ocrx_word' id='word_1_166' title='bbox 1552 1589 1627 1650; x_wconf 90' lang='lat' dir='ltr'><strong>Deo.</strong></span> <span class='ocrx_word' id='word_1_167' title='bbox 1641 1590 1731 1650; x_wconf 83' lang='lat' dir='ltr'><strong>Juste</strong></span> <span class='ocrx_word' id='word_1_168' title='bbox 1754 1589 1841 1670; x_wconf 89' lang='lat' dir='ltr'><strong>igitur</strong></span> <span class='ocrx_word' id='word_1_169' title='bbox 1852 1589 1924 1651; x_wconf 91' lang='lat' dir='ltr'><strong>hono</strong></span> 
     </span>
     <span class='ocr_line' id='line_1_15' title="bbox 369 1675 1926 1751; baseline 0 -9"><span class='ocrx_word' id='word_1_170' title='bbox 369 1680 427 1742; x_wconf 83' lang='lat' dir='ltr'><strong>hor</strong></span> <span class='ocrx_word' id='word_1_171' title='bbox 461 1678 554 1742; x_wconf 88' lang='lat' dir='ltr'><strong>modo</strong></span> <span class='ocrx_word' id='word_1_172' title='bbox 587 1678 746 1740; x_wconf 82' lang='lat' dir='ltr'><strong>videretur</strong></span> <span class='ocrx_word' id='word_1_173' title='bbox 778 1677 982 1739; x_wconf 87' lang='lat' dir='ltr'><strong>eminentiam</strong></span> <span class='ocrx_word' id='word_1_174' title='bbox 1015 1680 1138 1737; x_wconf 88' lang='lat' dir='ltr'><strong>tantum</strong></span> <span class='ocrx_word' id='word_1_175' title='bbox 1186 1675 1337 1751; x_wconf 91' lang='lat' dir='ltr'><strong>addictus,</strong></span> <span class='ocrx_word' id='word_1_176' title='bbox 1354 1678 1406 1739; x_wconf 90' lang='lat' dir='ltr'><strong>sed</strong></span> <span class='ocrx_word' id='word_1_177' title='bbox 1420 1678 1659 1742; x_wconf 87' lang='lat' dir='ltr'><strong>misericorditer</strong></span> <span class='ocrx_word' id='word_1_178' title='bbox 1674 1679 1826 1742; x_wconf 89' lang='lat' dir='ltr'><strong>liberatus.</strong></span> <span class='ocrx_word' id='word_1_179' title='bbox 1842 1682 1926 1742; x_wconf 84' lang='lat' dir='ltr'><strong>Siata·</strong></span> 
     </span>
     <span class='ocr_line' id='line_1_16' title="bbox 369 1766 1926 1853; baseline -0.001 -19"><span class='ocrx_word' id='word_1_180' title='bbox 369 1772 538 1834; x_wconf 83' lang='lat' dir='ltr'><strong>ostendisse</strong></span> <span class='ocrx_word' id='word_1_181' title='bbox 564 1769 687 1831; x_wconf 85' lang='lat' dir='ltr'><strong>virtutis</strong></span> <span class='ocrx_word' id='word_1_182' title='bbox 722 1787 799 1846; x_wconf 81' lang='lat' dir='ltr'><strong>suaa,</strong></span> <span class='ocrx_word' id='word_1_183' title='bbox 830 1787 888 1831; x_wconf 91' lang='lat' dir='ltr'><strong>nec</strong></span> <span class='ocrx_word' id='word_1_184' title='bbox 922 1766 1138 1853; x_wconf 77' lang='lat' dir='ltr'><strong>medicinalem</strong></span> <span class='ocrx_word' id='word_1_185' title='bbox 1187 1784 1260 1829; x_wconf 92' lang='lat' dir='ltr'><strong>men</strong></span> <span class='ocrx_word' id='word_1_186' title='bbox 1271 1769 1521 1846; x_wconf 89' lang='lat' dir='ltr'><strong>misericorditer,</strong></span> <span class='ocrx_word' id='word_1_187' title='bbox 1538 1777 1575 1832; x_wconf 92' lang='lat' dir='ltr'><strong>ut</strong></span> <span class='ocrx_word' id='word_1_188' title='bbox 1597 1790 1664 1833; x_wconf 90' lang='lat' dir='ltr'><strong>non</strong></span> <span class='ocrx_word' id='word_1_189' title='bbox 1685 1773 1815 1835; x_wconf 72' lang='lat' dir='ltr'><strong>demerit</strong></span> <span class='ocrx_word' id='word_1_190' title='bbox 1832 1772 1926 1852; x_wconf 86' lang='lat' dir='ltr'><strong>justitia</strong></span> 
     </span>
     <span class='ocr_line' id='line_1_17' title="bbox 369 1861 1926 1945; baseline -0.001 -19"><span class='ocrx_word' id='word_1_191' title='bbox 369 1862 611 1927; x_wconf 88' lang='lat' dir='ltr'><strong>misericordiam</strong></span> <span class='ocrx_word' id='word_1_192' title='bbox 632 1862 818 1942; x_wconf 88' lang='lat' dir='ltr'><strong>impendisse</strong></span> <span class='ocrx_word' id='word_1_193' title='bbox 844 1861 1054 1940; x_wconf 68' lang='lat' dir='ltr'><strong>redemptis»</strong></span> <span class='ocrx_word' id='word_1_194' title='bbox 1078 1864 1136 1921; x_wconf 83' lang='lat' dir='ltr'><strong>eto.</strong></span> <span class='ocrx_word' id='word_1_195' title='bbox 1188 1862 1331 1940; x_wconf 85' lang='lat' dir='ltr'><strong>quaedam</strong></span> <span class='ocrx_word' id='word_1_196' title='bbox 1348 1862 1384 1923; x_wconf 90' lang='lat' dir='ltr'><strong>in</strong></span> <span class='ocrx_word' id='word_1_197' title='bbox 1408 1861 1475 1942; x_wconf 90' lang='lat' dir='ltr'><strong>ipsa</strong></span> <span class='ocrx_word' id='word_1_198' title='bbox 1500 1863 1704 1942; x_wconf 90' lang='lat' dir='ltr'><strong>liberatione;</strong></span> <span class='ocrx_word' id='word_1_199' title='bbox 1730 1865 1866 1945; x_wconf 89' lang='lat' dir='ltr'><strong>quoniam</strong></span> <span class='ocrx_word' id='word_1_200' title='bbox 1882 1865 1926 1924; x_wconf 88' lang='lat' dir='ltr'><strong>boc</strong></span> 
     </span>
     <span class='ocr_line' id='line_1_18' title="bbox 369 1950 1925 2034; baseline -0.001 -16"><span class='ocrx_word' id='word_1_201' title='bbox 369 1950 1038 2034; x_wconf 75' lang='lat' dir='ltr'><strong>ongenuvemhomiliasexutnt&#39;oodom,</strong></span> <span class='ocrx_word' id='word_1_202' title='bbox 1056 1956 1138 2013; x_wconf 79' lang='lat' dir='ltr'><strong>reate</strong></span> <span class='ocrx_word' id='word_1_203' title='bbox 1188 1971 1312 2032; x_wconf 89' lang='lat' dir='ltr'><strong>quoque</strong></span> <span class='ocrx_word' id='word_1_204' title='bbox 1333 1953 1394 2015; x_wconf 87' lang='lat' dir='ltr'><strong>fuit</strong></span> <span class='ocrx_word' id='word_1_205' title='bbox 1419 1955 1459 2015; x_wconf 88' lang='lat' dir='ltr'><strong>de</strong></span> <span class='ocrx_word' id='word_1_206' title='bbox 1485 1955 1700 2018; x_wconf 81' lang='lat' dir='ltr'><strong>misericordia</strong></span> <span class='ocrx_word' id='word_1_207' title='bbox 1723 1957 1877 2033; x_wconf 82' lang='lat' dir='ltr'><strong>liberantis,</strong></span> <span class='ocrx_word' id='word_1_208' title='bbox 1890 1960 1925 2031; x_wconf 89' lang='lat' dir='ltr'><strong>ut,</strong></span> 
     </span>
     <span class='ocr_line' id='line_1_19' title="bbox 368 2043 1926 2130; baseline -0.001 -21"><span class='ocrx_word' id='word_1_209' title='bbox 368 2047 445 2109; x_wconf 90' lang='lat' dir='ltr'><strong>illud</strong></span> <span class='ocrx_word' id='word_1_210' title='bbox 464 2047 603 2127; x_wconf 81' lang='lat' dir='ltr'><strong>exponit3</strong></span> <span class='ocrx_word' id='word_1_211' title='bbox 624 2045 781 2125; x_wconf 86' lang='lat' dir='ltr'><strong>quomodo</strong></span> <span class='ocrx_word' id='word_1_212' title='bbox 804 2049 836 2105; x_wconf 92' lang='lat' dir='ltr'><strong>et</strong></span> <span class='ocrx_word' id='word_1_213' title='bbox 848 2044 989 2105; x_wconf 87' lang='lat' dir='ltr'><strong>diabolus</strong></span> <span class='ocrx_word' id='word_1_214' title='bbox 1003 2043 1138 2122; x_wconf 88' lang='lat' dir='ltr'><strong>quadam</strong></span> <span class='ocrx_word' id='word_1_215' title='bbox 1187 2046 1271 2123; x_wconf 85' lang='lat' dir='ltr'><strong>quod</strong></span> <span class='ocrx_word' id='word_1_216' title='bbox 1282 2046 1473 2123; x_wconf 84' lang='lat' dir='ltr'><strong>congruebat</strong></span> <span class='ocrx_word' id='word_1_217' title='bbox 1496 2049 1642 2110; x_wconf 88' lang='lat' dir='ltr'><strong>remediis</strong></span> <span class='ocrx_word' id='word_1_218' title='bbox 1665 2049 1823 2119; x_wconf 86' lang='lat' dir='ltr'><strong>liherandi,</strong></span> <span class='ocrx_word' id='word_1_219' title='bbox 1833 2048 1926 2130; x_wconf 86' lang='lat' dir='ltr'><strong>justitia</strong></span> 
     </span>
     <span class='ocr_line' id='line_1_20' title="bbox 368 2134 1926 2222; baseline 0 -21"><span class='ocrx_word' id='word_1_220' title='bbox 368 2140 577 2222; x_wconf 84' lang='lat' dir='ltr'><strong>pecuniosus,</strong></span> <span class='ocrx_word' id='word_1_221' title='bbox 591 2138 652 2199; x_wconf 90' lang='lat' dir='ltr'><strong>boo</strong></span> <span class='ocrx_word' id='word_1_222' title='bbox 662 2142 710 2199; x_wconf 93' lang='lat' dir='ltr'><strong>est</strong></span> <span class='ocrx_word' id='word_1_223' title='bbox 723 2137 866 2217; x_wconf 88' lang='lat' dir='ltr'><strong>peccatis,</strong></span> <span class='ocrx_word' id='word_1_224' title='bbox 876 2142 997 2216; x_wconf 87' lang='lat' dir='ltr'><strong>emptos</strong></span> <span class='ocrx_word' id='word_1_225' title='bbox 1011 2134 1071 2195; x_wconf 87' lang='lat' dir='ltr'><strong>sibi</strong></span> <span class='ocrx_word' id='word_1_226' title='bbox 1080 2153 1137 2196; x_wconf 90' lang='lat' dir='ltr'><strong>nos</strong></span> <span class='ocrx_word' id='word_1_227' title='bbox 1187 2136 1285 2216; x_wconf 86' lang='lat' dir='ltr'><strong>magis</strong></span> <span class='ocrx_word' id='word_1_228' title='bbox 1296 2144 1404 2198; x_wconf 89' lang='lat' dir='ltr'><strong>contra</strong></span> <span class='ocrx_word' id='word_1_229' title='bbox 1423 2138 1611 2217; x_wconf 86' lang='lat' dir='ltr'><strong>invasorem,</strong></span> <span class='ocrx_word' id='word_1_230' title='bbox 1627 2159 1725 2221; x_wconf 87' lang='lat' dir='ltr'><strong>quam</strong></span> <span class='ocrx_word' id='word_1_231' title='bbox 1740 2141 1865 2221; x_wconf 90' lang='lat' dir='ltr'><strong>potentia</strong></span> <span class='ocrx_word' id='word_1_232' title='bbox 1875 2145 1926 2201; x_wconf 81' lang='lat' dir='ltr'><strong>ute</strong></span> 
     </span>
     <span class='ocr_line' id='line_1_21' title="bbox 368 2229 1927 2312; baseline -0.001 -18"><span class='ocrx_word' id='word_1_233' title='bbox 368 2232 403 2293; x_wconf 89' lang='lat' dir='ltr'><strong>in</strong></span> <span class='ocrx_word' id='word_1_234' title='bbox 424 2231 605 2294; x_wconf 78' lang='lat' dir='ltr'><strong>servitutem</strong></span> <span class='ocrx_word' id='word_1_235' title='bbox 622 2230 796 2309; x_wconf 82' lang='lat' dir='ltr'><strong>redegerit3</strong></span> <span class='ocrx_word' id='word_1_236' title='bbox 812 2235 844 2290; x_wconf 89' lang='lat' dir='ltr'><strong>et</strong></span> <span class='ocrx_word' id='word_1_237' title='bbox 868 2229 1009 2290; x_wconf 82' lang='lat' dir='ltr'><strong>Christus</strong></span> <span class='ocrx_word' id='word_1_238' title='bbox 1029 2234 1137 2309; x_wconf 88' lang='lat' dir='ltr'><strong>postea</strong></span> <span class='ocrx_word' id='word_1_239' title='bbox 1186 2234 1283 2289; x_wconf 89' lang='lat' dir='ltr'><strong>retur.</strong></span> <span class='ocrx_word' id='word_1_240' title='bbox 1299 2250 1315 2287; x_wconf 84' lang='lat' dir='ltr'><strong>n</strong></span> <span class='ocrx_word' id='word_1_241' title='bbox 1333 2230 1487 2291; x_wconf 88' lang='lat' dir='ltr'><strong>Nimirum</strong></span> <span class='ocrx_word' id='word_1_242' title='bbox 1500 2233 1585 2312; x_wconf 89' lang='lat' dir='ltr'><strong>quod</strong></span> <span class='ocrx_word' id='word_1_243' title='bbox 1602 2250 1705 2295; x_wconf 81' lang='lat' dir='ltr'><strong>acram</strong></span> <span class='ocrx_word' id='word_1_244' title='bbox 1725 2234 1869 2296; x_wconf 87' lang='lat' dir='ltr'><strong>innocenti</strong></span> <span class='ocrx_word' id='word_1_245' title='bbox 1879 2250 1927 2293; x_wconf 86' lang='lat' dir='ltr'><strong>na·</strong></span> 
     </span>
     <span class='ocr_line' id='line_1_22' title="bbox 370 2320 1982 2404; baseline 0.002 -17"><span class='ocrx_word' id='word_1_246' title='bbox 370 2324 529 2404; x_wconf 76' lang='lat' dir='ltr'><strong>sanguinis</strong></span> <span class='ocrx_word' id='word_1_247' title='bbox 541 2323 591 2384; x_wconf 89' lang='lat' dir='ltr'><strong>sui</strong></span> <span class='ocrx_word' id='word_1_248' title='bbox 606 2324 702 2400; x_wconf 87' lang='lat' dir='ltr'><strong>pretio</strong></span> <span class='ocrx_word' id='word_1_249' title='bbox 712 2321 890 2383; x_wconf 88' lang='lat' dir='ltr'><strong>redemerit.</strong></span> <span class='ocrx_word' id='word_1_250' title='bbox 1186 2336 1246 2381; x_wconf 89' lang='lat' dir='ltr'><strong>nus</strong></span> <span class='ocrx_word' id='word_1_251' title='bbox 1259 2320 1373 2400; x_wconf 88' lang='lat' dir='ltr'><strong>injecit,</strong></span> <span class='ocrx_word' id='word_1_252' title='bbox 1385 2322 1555 2401; x_wconf 87' lang='lat' dir='ltr'><strong>justissime</strong></span> <span class='ocrx_word' id='word_1_253' title='bbox 1569 2342 1649 2404; x_wconf 85' lang='lat' dir='ltr'><strong>quos</strong></span> <span class='ocrx_word' id='word_1_254' title='bbox 1660 2325 1785 2387; x_wconf 89' lang='lat' dir='ltr'><strong>tenebat</strong></span> <span class='ocrx_word' id='word_1_255' title='bbox 1800 2324 1927 2393; x_wconf 75' lang='lat' dir='ltr'><strong>amicita</strong></span> <span class='ocrx_word' id='word_1_256' title='bbox 1981 2374 1982 2391; x_wconf 48' lang='grc' dir='ltr'>ι</span> 
     </span>
    </p>

    <p class='ocr_par' dir='ltr' id='par_1_3' title="bbox 212 2409 1927 2512">
     <span class='ocr_line' id='line_1_23' title="bbox 212 2409 1927 2512; baseline 0.002 -37"><span class='ocrx_word' id='word_1_257' title='bbox 212 2464 332 2512; x_wconf 47' lang='lat' dir='ltr'><strong>mum„</strong></span> <span class='ocrx_word' id='word_1_258' title='bbox 408 2416 465 2476; x_wconf 82' lang='lat' dir='ltr'><strong>xl.</strong></span> <span class='ocrx_word' id='word_1_259' title='bbox 492 2414 632 2494; x_wconf 82' lang='lat' dir='ltr'><strong>Negabat</strong></span> <span class='ocrx_word' id='word_1_260' title='bbox 655 2413 716 2474; x_wconf 90' lang='lat' dir='ltr'><strong>boo</strong></span> <span class='ocrx_word' id='word_1_261' title='bbox 739 2415 847 2474; x_wconf 87' lang='lat' dir='ltr'><strong>Petrus</strong></span> <span class='ocrx_word' id='word_1_262' title='bbox 872 2409 1070 2474; x_wconf 78' lang='lat' dir='ltr'><strong>Abaelardus¹</strong></span> <span class='ocrx_word' id='word_1_263' title='bbox 1103 2416 1139 2471; x_wconf 94' lang='lat' dir='ltr'><strong>ut</strong></span> <span class='ocrx_word' id='word_1_264' title='bbox 1186 2418 1222 2472; x_wconf 93' lang='lat' dir='ltr'><strong>ut</strong></span> <span class='ocrx_word' id='word_1_265' title='bbox 1234 2413 1395 2474; x_wconf 85' lang='lat' dir='ltr'><strong>satisfactio</strong></span> <span class='ocrx_word' id='word_1_266' title='bbox 1409 2414 1504 2477; x_wconf 89' lang='lat' dir='ltr'><strong>unius</strong></span> <span class='ocrx_word' id='word_1_267' title='bbox 1517 2417 1666 2480; x_wconf 91' lang='lat' dir='ltr'><strong>omnibus</strong></span> <span class='ocrx_word' id='word_1_268' title='bbox 1681 2419 1853 2497; x_wconf 84' lang='lat' dir='ltr'><strong>imputetur,</strong></span> <span class='ocrx_word' id='word_1_269' title='bbox 1865 2421 1927 2480; x_wconf 78' lang='lat' dir='ltr'><strong>sicit</strong></span> 
     </span>
    </p>

    <p class='ocr_par' dir='ltr' id='par_1_4' title="bbox 236 2503 1926 2590">
     <span class='ocr_line' id='line_1_24' title="bbox 236 2503 1926 2590; baseline 0.003 -23"><span class='ocrx_word' id='word_1_270' title='bbox 236 2519 306 2565; x_wconf 75' lang='lat' dir='ltr'><strong>stulu</strong></span> <span class='ocrx_word' id='word_1_271' title='bbox 369 2511 501 2569; x_wconf 79' lang='lat' dir='ltr'><strong>testatur</strong></span> <span class='ocrx_word' id='word_1_272' title='bbox 534 2505 708 2568; x_wconf 85' lang='lat' dir='ltr'><strong>Berrrardus</strong></span> <span class='ocrx_word' id='word_1_273' title='bbox 745 2505 780 2565; x_wconf 92' lang='lat' dir='ltr'><strong>in</strong></span> <span class='ocrx_word' id='word_1_274' title='bbox 818 2504 949 2584; x_wconf 86' lang='lat' dir='ltr'><strong>epistola</strong></span> <span class='ocrx_word' id='word_1_275' title='bbox 980 2520 1044 2573; x_wconf 80' lang='lat' dir='ltr'><strong>uxo,</strong></span> <span class='ocrx_word' id='word_1_276' title='bbox 1083 2503 1139 2564; x_wconf 91' lang='lat' dir='ltr'><strong>ubi</strong></span> <span class='ocrx_word' id='word_1_277' title='bbox 1187 2504 1331 2566; x_wconf 89' lang='lat' dir='ltr'><strong>omnium</strong></span> <span class='ocrx_word' id='word_1_278' title='bbox 1349 2513 1473 2586; x_wconf 78' lang='lat' dir='ltr'><strong>peecaua</strong></span> <span class='ocrx_word' id='word_1_279' title='bbox 1496 2527 1578 2569; x_wconf 91' lang='lat' dir='ltr'><strong>unus</strong></span> <span class='ocrx_word' id='word_1_280' title='bbox 1592 2508 1645 2571; x_wconf 89' lang='lat' dir='ltr'><strong>ille</strong></span> <span class='ocrx_word' id='word_1_281' title='bbox 1659 2512 1825 2590; x_wconf 72' lang='lat' dir='ltr'><strong>portavit.»</strong></span> <span class='ocrx_word' id='word_1_282' title='bbox 1848 2513 1926 2588; x_wconf 83' lang='lat' dir='ltr'><strong>Quare</strong></span> 
     </span>
    </p>

    <p class='ocr_par' dir='ltr' id='par_1_5' title="bbox 215 2570 1983 4804">
     <span class='ocr_line' id='line_1_25' title="bbox 215 2570 1927 2684; baseline 0.001 -23"><span class='ocrx_word' id='word_1_283' title='bbox 215 2570 327 2682; x_wconf 49' lang='lat' dir='ltr'><strong>‘chiffl&#39;</strong></span> <span class='ocrx_word' id='word_1_284' title='bbox 369 2600 437 2661; x_wconf 84' lang='lat' dir='ltr'><strong>haec</strong></span> <span class='ocrx_word' id='word_1_285' title='bbox 453 2598 538 2660; x_wconf 87' lang='lat' dir='ltr'><strong>illius</strong></span> <span class='ocrx_word' id='word_1_286' title='bbox 556 2597 651 2660; x_wconf 84' lang='lat' dir='ltr'><strong>verba</strong></span> <span class='ocrx_word' id='word_1_287' title='bbox 662 2596 778 2658; x_wconf 84' lang='lat' dir='ltr'><strong>refert:</strong></span> <span class='ocrx_word' id='word_1_288' title='bbox 799 2595 997 2656; x_wconf 71' lang='lat' dir='ltr'><strong>«Sciendum</strong></span> <span class='ocrx_word' id='word_1_289' title='bbox 1010 2601 1066 2670; x_wconf 88' lang='lat' dir='ltr'><strong>est,</strong></span> <span class='ocrx_word' id='word_1_290' title='bbox 1082 2597 1136 2673; x_wconf 87' lang='lat' dir='ltr'><strong>ait,</strong></span> <span class='ocrx_word' id='word_1_291' title='bbox 1191 2595 1365 2658; x_wconf 75' lang='lat' dir='ltr'><strong>«diabolum</strong></span> <span class='ocrx_word' id='word_1_292' title='bbox 1375 2597 1495 2677; x_wconf 86' lang='lat' dir='ltr'><strong>justitia</strong></span> <span class='ocrx_word' id='word_1_293' title='bbox 1508 2602 1618 2677; x_wconf 84' lang='lat' dir='ltr'><strong>magis,</strong></span> <span class='ocrx_word' id='word_1_294' title='bbox 1633 2620 1732 2681; x_wconf 88' lang='lat' dir='ltr'><strong>quam</strong></span> <span class='ocrx_word' id='word_1_295' title='bbox 1744 2602 1869 2684; x_wconf 86' lang='lat' dir='ltr'><strong>potentia</strong></span> <span class='ocrx_word' id='word_1_296' title='bbox 1878 2603 1927 2663; x_wconf 84' lang='lat' dir='ltr'><strong>riu·</strong></span> 
     </span>
     <span class='ocr_line' id='line_1_26' title="bbox 368 2686 1928 2772; baseline 0.003 -19"><span class='ocrx_word' id='word_1_297' title='bbox 368 2690 453 2772; x_wconf 86' lang='lat' dir='ltr'><strong>quod</strong></span> <span class='ocrx_word' id='word_1_298' title='bbox 465 2707 573 2752; x_wconf 87' lang='lat' dir='ltr'><strong>omnes</strong></span> <span class='ocrx_word' id='word_1_299' title='bbox 586 2690 725 2751; x_wconf 82' lang='lat' dir='ltr'><strong>doctores</strong></span> <span class='ocrx_word' id='word_1_300' title='bbox 738 2687 836 2750; x_wconf 89' lang='lat' dir='ltr'><strong>nostri</strong></span> <span class='ocrx_word' id='word_1_301' title='bbox 849 2692 919 2767; x_wconf 87' lang='lat' dir='ltr'><strong>post</strong></span> <span class='ocrx_word' id='word_1_302' title='bbox 929 2686 1138 2767; x_wconf 83' lang='lat' dir='ltr'><strong>Apostolosin</strong></span> <span class='ocrx_word' id='word_1_303' title='bbox 1186 2706 1255 2750; x_wconf 87' lang='lat' dir='ltr'><strong>cere</strong></span> <span class='ocrx_word' id='word_1_304' title='bbox 1278 2690 1388 2760; x_wconf 85' lang='lat' dir='ltr'><strong>voluit,</strong></span> <span class='ocrx_word' id='word_1_305' title='bbox 1415 2697 1450 2751; x_wconf 89' lang='lat' dir='ltr'><strong>ut</strong></span> <span class='ocrx_word' id='word_1_306' title='bbox 1482 2692 1526 2753; x_wconf 90' lang='lat' dir='ltr'><strong>ait</strong></span> <span class='ocrx_word' id='word_1_307' title='bbox 1546 2692 1756 2756; x_wconf 87' lang='lat' dir='ltr'><strong>Guitmundus</strong></span> <span class='ocrx_word' id='word_1_308' title='bbox 1770 2692 1803 2757; x_wconf 64' lang='grc' dir='ltr'><strong>*ι</strong></span> <span class='ocrx_word' id='word_1_309' title='bbox 1827 2696 1928 2758; x_wconf 77' lang='lat' dir='ltr'><strong>rotun</strong></span> 
     </span>
     <span class='ocr_line' id='line_1_27' title="bbox 367 2778 1927 2867; baseline 0.002 -23"><span class='ocrx_word' id='word_1_310' title='bbox 367 2784 428 2846; x_wconf 90' lang='lat' dir='ltr'><strong>boc</strong></span> <span class='ocrx_word' id='word_1_311' title='bbox 442 2782 641 2858; x_wconf 80' lang='lat' dir='ltr'><strong>conveniunt,</strong></span> <span class='ocrx_word' id='word_1_312' title='bbox 656 2780 739 2862; x_wconf 85' lang='lat' dir='ltr'><strong>quod</strong></span> <span class='ocrx_word' id='word_1_313' title='bbox 753 2779 894 2841; x_wconf 91' lang='lat' dir='ltr'><strong>diabolus</strong></span> <span class='ocrx_word' id='word_1_314' title='bbox 915 2778 1100 2853; x_wconf 85' lang='lat' dir='ltr'><strong>dominium,</strong></span> <span class='ocrx_word' id='word_1_315' title='bbox 1108 2785 1139 2840; x_wconf 92' lang='lat' dir='ltr'><strong>et</strong></span> <span class='ocrx_word' id='word_1_316' title='bbox 1187 2782 1272 2842; x_wconf 90' lang='lat' dir='ltr'><strong>enim</strong></span> <span class='ocrx_word' id='word_1_317' title='bbox 1286 2789 1362 2861; x_wconf 89' lang='lat' dir='ltr'><strong>erut,</strong></span> <span class='ocrx_word' id='word_1_318' title='bbox 1386 2783 1488 2864; x_wconf 89' lang='lat' dir='ltr'><strong>utqui</strong></span> <span class='ocrx_word' id='word_1_319' title='bbox 1513 2784 1678 2848; x_wconf 91' lang='lat' dir='ltr'><strong>homiuem</strong></span> <span class='ocrx_word' id='word_1_320' title='bbox 1699 2788 1818 2867; x_wconf 87' lang='lat' dir='ltr'><strong>vicerat,</strong></span> <span class='ocrx_word' id='word_1_321' title='bbox 1831 2788 1865 2850; x_wconf 87' lang='lat' dir='ltr'><strong>ab</strong></span> <span class='ocrx_word' id='word_1_322' title='bbox 1884 2788 1927 2847; x_wconf 83' lang='lat' dir='ltr'><strong>bo</strong></span> 
     </span>
     <span class='ocr_line' id='line_1_28' title="bbox 368 2870 1516 2955; baseline -0.003 -17"><span class='ocrx_word' id='word_1_323' title='bbox 368 2880 550 2955; x_wconf 85' lang='lat' dir='ltr'><strong>potestatem</strong></span> <span class='ocrx_word' id='word_1_324' title='bbox 569 2873 704 2935; x_wconf 88' lang='lat' dir='ltr'><strong>babebat</strong></span> <span class='ocrx_word' id='word_1_325' title='bbox 716 2890 810 2951; x_wconf 91' lang='lat' dir='ltr'><strong>super</strong></span> <span class='ocrx_word' id='word_1_326' title='bbox 834 2870 1005 2946; x_wconf 89' lang='lat' dir='ltr'><strong>hominem,</strong></span> <span class='ocrx_word' id='word_1_327' title='bbox 1026 2871 1138 2948; x_wconf 87' lang='lat' dir='ltr'><strong>etjure</strong></span> <span class='ocrx_word' id='word_1_328' title='bbox 1187 2872 1273 2935; x_wconf 91' lang='lat' dir='ltr'><strong>mine</strong></span> <span class='ocrx_word' id='word_1_329' title='bbox 1290 2876 1516 2938; x_wconf 80' lang='lat' dir='ltr'><strong>vinceretur.»</strong></span> 
     </span>
     <span class='ocr_line' id='line_1_29' title="bbox 366 2962 1928 3056; baseline 0.002 -27"><span class='ocrx_word' id='word_1_330' title='bbox 366 2985 442 3029; x_wconf 87' lang='lat' dir='ltr'><strong>eum</strong></span> <span class='ocrx_word' id='word_1_331' title='bbox 455 2966 639 3048; x_wconf 86' lang='lat' dir='ltr'><strong>possidebat,</strong></span> <span class='ocrx_word' id='word_1_332' title='bbox 654 2965 726 3026; x_wconf 89' lang='lat' dir='ltr'><strong>ideo</strong></span> <span class='ocrx_word' id='word_1_333' title='bbox 741 2963 857 3026; x_wconf 89' lang='lat' dir='ltr'><strong>scilieet</strong></span> <span class='ocrx_word' id='word_1_334' title='bbox 882 2962 966 3042; x_wconf 87' lang='lat' dir='ltr'><strong>quod</strong></span> <span class='ocrx_word' id='word_1_335' title='bbox 991 2963 1085 3024; x_wconf 92' lang='lat' dir='ltr'><strong>homo</strong></span> <span class='ocrx_word' id='word_1_336' title='bbox 1100 2980 1139 3025; x_wconf 81' lang='lat' dir='ltr'><strong>cx</strong></span> <span class='ocrx_word' id='word_1_337' title='bbox 1227 2965 1314 3026; x_wconf 85' lang='lat' dir='ltr'><strong>XIII.</strong></span> <span class='ocrx_word' id='word_1_338' title='bbox 1331 2967 1471 3030; x_wconf 83' lang='lat' dir='ltr'><strong>Irenaens</strong></span> <span class='ocrx_word' id='word_1_339' title='bbox 1483 2986 1608 3051; x_wconf 83' lang='lat' dir='ltr'><strong>quoque</strong></span> <span class='ocrx_word' id='word_1_340' title='bbox 1625 2970 1757 3052; x_wconf 75' lang='lat' dir='ltr'><strong>justitiae</strong></span> <span class='ocrx_word' id='word_1_341' title='bbox 1774 2978 1928 3056; x_wconf 72' lang='lat' dir='ltr'><strong>pertusura</strong></span> 
     </span>
     <span class='ocr_line' id='line_1_30' title="bbox 366 3054 1983 3146; baseline 0.001 -25"><span class='ocrx_word' id='word_1_342' title='bbox 366 3059 511 3121; x_wconf 88' lang='lat' dir='ltr'><strong>libertate</strong></span> <span class='ocrx_word' id='word_1_343' title='bbox 526 3057 656 3131; x_wconf 87' lang='lat' dir='ltr'><strong>arbitrii,</strong></span> <span class='ocrx_word' id='word_1_344' title='bbox 671 3072 767 3135; x_wconf 91' lang='lat' dir='ltr'><strong>quam</strong></span> <span class='ocrx_word' id='word_1_345' title='bbox 784 3054 929 3131; x_wconf 87' lang='lat' dir='ltr'><strong>habebat,</strong></span> <span class='ocrx_word' id='word_1_346' title='bbox 945 3060 1053 3133; x_wconf 89' lang='lat' dir='ltr'><strong>sponte</strong></span> <span class='ocrx_word' id='word_1_347' title='bbox 1072 3054 1137 3116; x_wconf 89' lang='lat' dir='ltr'><strong>dia·</strong></span> <span class='ocrx_word' id='word_1_348' title='bbox 1187 3055 1221 3118; x_wconf 91' lang='lat' dir='ltr'><strong>in</strong></span> <span class='ocrx_word' id='word_1_349' title='bbox 1253 3057 1306 3119; x_wconf 88' lang='lat' dir='ltr'><strong>illa</strong></span> <span class='ocrx_word' id='word_1_350' title='bbox 1333 3061 1548 3141; x_wconf 87' lang='lat' dir='ltr'><strong>redemptione</strong></span> <span class='ocrx_word' id='word_1_351' title='bbox 1571 3064 1710 3127; x_wconf 90' lang='lat' dir='ltr'><strong>hominis</strong></span> <span class='ocrx_word' id='word_1_352' title='bbox 1733 3067 1865 3146; x_wconf 87' lang='lat' dir='ltr'><strong>assignat,</strong></span> <span class='ocrx_word' id='word_1_353' title='bbox 1881 3062 1928 3124; x_wconf 76' lang='lat' dir='ltr'><strong>adi</strong></span> <span class='ocrx_word' id='word_1_354' title='bbox 1982 3088 1983 3133; x_wconf 66' lang='lat'>3</span> 
     </span>
     <span class='ocr_line' id='line_1_31' title="bbox 367 3145 1983 3229; baseline 0.005 -18"><span class='ocrx_word' id='word_1_355' title='bbox 367 3150 440 3211; x_wconf 90' lang='lat' dir='ltr'><strong>bolo</strong></span> <span class='ocrx_word' id='word_1_356' title='bbox 454 3150 619 3212; x_wconf 86' lang='lat' dir='ltr'><strong>consensit.</strong></span> <span class='ocrx_word' id='word_1_357' title='bbox 645 3148 742 3209; x_wconf 79' lang='lat' dir='ltr'><strong>Aiunt</strong></span> <span class='ocrx_word' id='word_1_358' title='bbox 763 3164 899 3226; x_wconf 87' lang='lat' dir='ltr'><strong>namque</strong></span> <span class='ocrx_word' id='word_1_359' title='bbox 922 3146 1007 3226; x_wconf 88' lang='lat' dir='ltr'><strong>quod</strong></span> <span class='ocrx_word' id='word_1_360' title='bbox 1031 3145 1139 3227; x_wconf 82' lang='lat' dir='ltr'><strong>siquis</strong></span> <span class='ocrx_word' id='word_1_361' title='bbox 1188 3149 1272 3210; x_wconf 88' lang='lat' dir='ltr'><strong>enim</strong></span> <span class='ocrx_word' id='word_1_362' title='bbox 1287 3153 1380 3213; x_wconf 93' lang='lat' dir='ltr'><strong>homo</strong></span> <span class='ocrx_word' id='word_1_363' title='bbox 1394 3171 1460 3213; x_wconf 91' lang='lat' dir='ltr'><strong>non</strong></span> <span class='ocrx_word' id='word_1_364' title='bbox 1477 3154 1601 3217; x_wconf 83' lang='lat' dir='ltr'><strong>vicisset</strong></span> <span class='ocrx_word' id='word_1_365' title='bbox 1627 3157 1791 3221; x_wconf 90' lang='lat' dir='ltr'><strong>inimicum</strong></span> <span class='ocrx_word' id='word_1_366' title='bbox 1811 3157 1928 3229; x_wconf 86' lang='lat' dir='ltr'><strong>bominis,</strong></span> <span class='ocrx_word' id='word_1_367' title='bbox 1982 3172 1983 3209; x_wconf 65' lang='grc' dir='ltr'><strong>ι</strong></span> 
     </span>
     <span class='ocr_line' id='line_1_32' title="bbox 367 3238 1927 3323; baseline 0.001 -19"><span class='ocrx_word' id='word_1_368' title='bbox 367 3243 508 3323; x_wconf 87' lang='lat' dir='ltr'><strong>aliquem</strong></span> <span class='ocrx_word' id='word_1_369' title='bbox 531 3240 650 3315; x_wconf 79' lang='lat' dir='ltr'><strong>vicerit,</strong></span> <span class='ocrx_word' id='word_1_370' title='bbox 671 3240 770 3301; x_wconf 81' lang='lat' dir='ltr'><strong>victus</strong></span> <span class='ocrx_word' id='word_1_371' title='bbox 795 3238 866 3319; x_wconf 84' lang='lat' dir='ltr'><strong>jure</strong></span> <span class='ocrx_word' id='word_1_372' title='bbox 883 3238 1007 3299; x_wconf 81' lang='lat' dir='ltr'><strong>victoris</strong></span> <span class='ocrx_word' id='word_1_373' title='bbox 1033 3256 1139 3301; x_wconf 87' lang='lat' dir='ltr'><strong>servus</strong></span> <span class='ocrx_word' id='word_1_374' title='bbox 1187 3257 1252 3299; x_wconf 92' lang='lat' dir='ltr'><strong>non</strong></span> <span class='ocrx_word' id='word_1_375' title='bbox 1263 3239 1344 3318; x_wconf 92' lang='lat' dir='ltr'><strong>juste</strong></span> <span class='ocrx_word' id='word_1_376' title='bbox 1362 3242 1461 3303; x_wconf 86' lang='lat' dir='ltr'><strong>victus</strong></span> <span class='ocrx_word' id='word_1_377' title='bbox 1474 3250 1553 3305; x_wconf 89' lang='lat' dir='ltr'><strong>esset</strong></span> <span class='ocrx_word' id='word_1_378' title='bbox 1575 3245 1758 3309; x_wconf 56' lang='lat' dir='ltr'><strong>inimicum.</strong></span> <span class='ocrx_word' id='word_1_379' title='bbox 1771 3270 1786 3307; x_wconf 80' lang='lat' dir='ltr'><strong>o</strong></span> <span class='ocrx_word' id='word_1_380' title='bbox 1801 3242 1927 3318; x_wconf 50' lang='lat' dir='ltr'><strong>stubi&amp;</strong></span> 
     </span>
     <span class='ocr_line' id='line_1_33' title="bbox 367 3330 1928 3417; baseline 0.002 -20"><span class='ocrx_word' id='word_1_381' title='bbox 367 3334 576 3397; x_wconf 84' lang='lat' dir='ltr'><strong>constituitur.</strong></span> <span class='ocrx_word' id='word_1_382' title='bbox 602 3334 688 3409; x_wconf 92' lang='lat' dir='ltr'><strong>Ideo,</strong></span> <span class='ocrx_word' id='word_1_383' title='bbox 704 3331 817 3412; x_wconf 90' lang='lat' dir='ltr'><strong>inquit,</strong></span> <span class='ocrx_word' id='word_1_384' title='bbox 834 3331 913 3393; x_wconf 90' lang='lat' dir='ltr'><strong>siout</strong></span> <span class='ocrx_word' id='word_1_385' title='bbox 939 3331 1047 3392; x_wconf 91' lang='lat' dir='ltr'><strong>dicunt</strong></span> <span class='ocrx_word' id='word_1_386' title='bbox 1065 3330 1138 3394; x_wconf 90' lang='lat' dir='ltr'><strong>doc·</strong></span> <span class='ocrx_word' id='word_1_387' title='bbox 1192 3331 1372 3397; x_wconf 72' lang='lat' dir='ltr'><strong>«Quoniam</strong></span> <span class='ocrx_word' id='word_1_388' title='bbox 1386 3334 1499 3413; x_wconf 85' lang='lat' dir='ltr'><strong>injuste</strong></span> <span class='ocrx_word' id='word_1_389' title='bbox 1520 3336 1742 3401; x_wconf 83' lang='lat' dir='ltr'><strong>dominabatur</strong></span> <span class='ocrx_word' id='word_1_390' title='bbox 1761 3340 1844 3402; x_wconf 90' lang='lat' dir='ltr'><strong>nobis</strong></span> <span class='ocrx_word' id='word_1_391' title='bbox 1858 3356 1928 3417; x_wconf 80' lang='lat' dir='ltr'><strong>apos</strong></span> 
     </span>
     <span class='ocr_line' id='line_1_34' title="bbox 367 3422 1928 3511; baseline 0.002 -22"><span class='ocrx_word' id='word_1_392' title='bbox 367 3432 460 3505; x_wconf 88' lang='lat' dir='ltr'><strong>tores,</strong></span> <span class='ocrx_word' id='word_1_393' title='bbox 488 3427 547 3489; x_wconf 88' lang='lat' dir='ltr'><strong>bac</strong></span> <span class='ocrx_word' id='word_1_394' title='bbox 572 3425 751 3488; x_wconf 87' lang='lat' dir='ltr'><strong>necessitate</strong></span> <span class='ocrx_word' id='word_1_395' title='bbox 773 3424 951 3485; x_wconf 87' lang='lat' dir='ltr'><strong>incarnatus</strong></span> <span class='ocrx_word' id='word_1_396' title='bbox 970 3428 1017 3485; x_wconf 92' lang='lat' dir='ltr'><strong>est</strong></span> <span class='ocrx_word' id='word_1_397' title='bbox 1045 3423 1140 3485; x_wconf 87' lang='lat' dir='ltr'><strong>Filius</strong></span> <span class='ocrx_word' id='word_1_398' title='bbox 1186 3422 1265 3485; x_wconf 83' lang='lat' dir='ltr'><strong>tasio</strong></span> <span class='ocrx_word' id='word_1_399' title='bbox 1279 3444 1288 3484; x_wconf 77' lang='grc' dir='ltr'><strong>ι</strong></span> <span class='ocrx_word' id='word_1_400' title='bbox 1303 3431 1335 3486; x_wconf 87' lang='lat' dir='ltr'><strong>et</strong></span> <span class='ocrx_word' id='word_1_401' title='bbox 1358 3443 1432 3487; x_wconf 92' lang='lat' dir='ltr'><strong>cum</strong></span> <span class='ocrx_word' id='word_1_402' title='bbox 1455 3434 1568 3490; x_wconf 89' lang='lat' dir='ltr'><strong>natura</strong></span> <span class='ocrx_word' id='word_1_403' title='bbox 1590 3447 1731 3496; x_wconf 85' lang='lat' dir='ltr'><strong>essemus</strong></span> <span class='ocrx_word' id='word_1_404' title='bbox 1743 3434 1795 3494; x_wconf 87' lang='lat' dir='ltr'><strong>Dei</strong></span> <span class='ocrx_word' id='word_1_405' title='bbox 1814 3431 1928 3511; x_wconf 80' lang='lat' dir='ltr'><strong>omnipe</strong></span> 
     </span>
     <span class='ocr_line' id='line_1_35' title="bbox 368 3514 1929 3598; baseline 0.002 -18"><span class='ocrx_word' id='word_1_406' title='bbox 368 3519 434 3597; x_wconf 85' lang='lat' dir='ltr'><strong>Dei,</strong></span> <span class='ocrx_word' id='word_1_407' title='bbox 449 3524 486 3580; x_wconf 93' lang='lat' dir='ltr'><strong>ut</strong></span> <span class='ocrx_word' id='word_1_408' title='bbox 498 3519 605 3593; x_wconf 91' lang='lat' dir='ltr'><strong>homo,</strong></span> <span class='ocrx_word' id='word_1_409' title='bbox 620 3518 676 3598; x_wconf 93' lang='lat' dir='ltr'><strong>qui</strong></span> <span class='ocrx_word' id='word_1_410' title='bbox 689 3517 778 3579; x_wconf 87' lang='lat' dir='ltr'><strong>aliter</strong></span> <span class='ocrx_word' id='word_1_411' title='bbox 789 3514 914 3577; x_wconf 88' lang='lat' dir='ltr'><strong>liberari</strong></span> <span class='ocrx_word' id='word_1_412' title='bbox 927 3533 993 3576; x_wconf 89' lang='lat' dir='ltr'><strong>nou</strong></span> <span class='ocrx_word' id='word_1_413' title='bbox 1004 3519 1136 3595; x_wconf 88' lang='lat' dir='ltr'><strong>poterat,</strong></span> <span class='ocrx_word' id='word_1_414' title='bbox 1189 3516 1292 3594; x_wconf 86' lang='lat' dir='ltr'><strong>tentis,</strong></span> <span class='ocrx_word' id='word_1_415' title='bbox 1317 3517 1463 3580; x_wconf 86' lang='lat' dir='ltr'><strong>alienavit</strong></span> <span class='ocrx_word' id='word_1_416' title='bbox 1483 3539 1542 3582; x_wconf 88' lang='lat' dir='ltr'><strong>nos</strong></span> <span class='ocrx_word' id='word_1_417' title='bbox 1570 3529 1680 3586; x_wconf 88' lang='lat' dir='ltr'><strong>eontra</strong></span> <span class='ocrx_word' id='word_1_418' title='bbox 1707 3531 1852 3593; x_wconf 81' lang='lat' dir='ltr'><strong>natruam,</strong></span> <span class='ocrx_word' id='word_1_419' title='bbox 1875 3539 1929 3583; x_wconf 84' lang='lat' dir='ltr'><strong>auos</strong></span> 
     </span>
     <span class='ocr_line' id='line_1_36' title="bbox 367 3607 1929 3698; baseline 0.002 -26"><span class='ocrx_word' id='word_1_420' title='bbox 367 3628 424 3691; x_wconf 89' lang='lat' dir='ltr'><strong>per</strong></span> <span class='ocrx_word' id='word_1_421' title='bbox 438 3617 571 3673; x_wconf 89' lang='lat' dir='ltr'><strong>mortem</strong></span> <span class='ocrx_word' id='word_1_422' title='bbox 584 3608 756 3671; x_wconf 87' lang='lat' dir='ltr'><strong>innocentis</strong></span> <span class='ocrx_word' id='word_1_423' title='bbox 760 3608 832 3688; x_wconf 87' lang='lat' dir='ltr'><strong>jure</strong></span> <span class='ocrx_word' id='word_1_424' title='bbox 842 3607 1026 3670; x_wconf 87' lang='lat' dir='ltr'><strong>liberaretur</strong></span> <span class='ocrx_word' id='word_1_425' title='bbox 1039 3627 1057 3668; x_wconf 89' lang='lat' dir='ltr'><strong>a</strong></span> <span class='ocrx_word' id='word_1_426' title='bbox 1062 3608 1139 3688; x_wconf 81' lang='lat' dir='ltr'><strong>jugo</strong></span> <span class='ocrx_word' id='word_1_427' title='bbox 1188 3609 1330 3688; x_wconf 87' lang='lat' dir='ltr'><strong>proprios</strong></span> <span class='ocrx_word' id='word_1_428' title='bbox 1348 3609 1464 3672; x_wconf 89' lang='lat' dir='ltr'><strong>taciens</strong></span> <span class='ocrx_word' id='word_1_429' title='bbox 1484 3612 1672 3695; x_wconf 87' lang='lat' dir='ltr'><strong>discipulos;</strong></span> <span class='ocrx_word' id='word_1_430' title='bbox 1688 3625 1795 3698; x_wconf 90' lang='lat' dir='ltr'><strong>potens</strong></span> <span class='ocrx_word' id='word_1_431' title='bbox 1807 3619 1836 3679; x_wconf 90' lang='lat' dir='ltr'><strong>iu</strong></span> <span class='ocrx_word' id='word_1_432' title='bbox 1847 3612 1929 3677; x_wconf 90' lang='lat' dir='ltr'><strong>omni·</strong></span> 
     </span>
     <span class='ocr_line' id='line_1_37' title="bbox 368 3699 1930 3786; baseline 0.001 -22"><span class='ocrx_word' id='word_1_433' title='bbox 368 3702 494 3765; x_wconf 87' lang='lat' dir='ltr'><strong>diaboli.</strong></span> <span class='ocrx_word' id='word_1_434' title='bbox 512 3702 574 3764; x_wconf 86' lang='lat' dir='ltr'><strong>Sed</strong></span> <span class='ocrx_word' id='word_1_435' title='bbox 588 3707 624 3763; x_wconf 92' lang='lat' dir='ltr'><strong>ut</strong></span> <span class='ocrx_word' id='word_1_436' title='bbox 641 3701 734 3762; x_wconf 90' lang='lat' dir='ltr'><strong>nobis</strong></span> <span class='ocrx_word' id='word_1_437' title='bbox 748 3701 881 3777; x_wconf 87' lang='lat' dir='ltr'><strong>videtur,</strong></span> <span class='ocrx_word' id='word_1_438' title='bbox 896 3701 951 3776; x_wconf 89' lang='lat' dir='ltr'><strong>ait,</strong></span> <span class='ocrx_word' id='word_1_439' title='bbox 966 3701 1140 3761; x_wconf 78' lang='lat' dir='ltr'><strong>necdiabo</strong></span> <span class='ocrx_word' id='word_1_440' title='bbox 1188 3699 1246 3760; x_wconf 90' lang='lat' dir='ltr'><strong>bus</strong></span> <span class='ocrx_word' id='word_1_441' title='bbox 1259 3702 1314 3763; x_wconf 88' lang='lat' dir='ltr'><strong>Dei</strong></span> <span class='ocrx_word' id='word_1_442' title='bbox 1327 3702 1479 3780; x_wconf 86' lang='lat' dir='ltr'><strong>Verbum,</strong></span> <span class='ocrx_word' id='word_1_443' title='bbox 1495 3711 1526 3767; x_wconf 93' lang='lat' dir='ltr'><strong>et</strong></span> <span class='ocrx_word' id='word_1_444' title='bbox 1540 3725 1605 3768; x_wconf 91' lang='lat' dir='ltr'><strong>non</strong></span> <span class='ocrx_word' id='word_1_445' title='bbox 1621 3708 1770 3772; x_wconf 87' lang='lat' dir='ltr'><strong>deficiens</strong></span> <span class='ocrx_word' id='word_1_446' title='bbox 1783 3711 1814 3771; x_wconf 94' lang='lat' dir='ltr'><strong>in</strong></span> <span class='ocrx_word' id='word_1_447' title='bbox 1826 3708 1930 3786; x_wconf 82' lang='lat' dir='ltr'><strong>suajus</strong></span> 
     </span>
     <span class='ocr_line' id='line_1_38' title="bbox 367 3791 1930 3881; baseline 0.001 -25"><span class='ocrx_word' id='word_1_448' title='bbox 367 3793 417 3855; x_wconf 90' lang='lat' dir='ltr'><strong>lus</strong></span> <span class='ocrx_word' id='word_1_449' title='bbox 431 3811 572 3875; x_wconf 87' lang='lat' dir='ltr'><strong>unquam</strong></span> <span class='ocrx_word' id='word_1_450' title='bbox 590 3794 640 3873; x_wconf 83' lang='lat' dir='ltr'><strong>jus</strong></span> <span class='ocrx_word' id='word_1_451' title='bbox 657 3792 785 3873; x_wconf 85' lang='lat' dir='ltr'><strong>aliquod</strong></span> <span class='ocrx_word' id='word_1_452' title='bbox 803 3792 837 3852; x_wconf 93' lang='lat' dir='ltr'><strong>in</strong></span> <span class='ocrx_word' id='word_1_453' title='bbox 863 3792 990 3853; x_wconf 91' lang='lat' dir='ltr'><strong>homine</strong></span> <span class='ocrx_word' id='word_1_454' title='bbox 1012 3791 1137 3868; x_wconf 85' lang='lat' dir='ltr'><strong>habuit3</strong></span> <span class='ocrx_word' id='word_1_455' title='bbox 1188 3791 1268 3869; x_wconf 91' lang='lat' dir='ltr'><strong>titia,</strong></span> <span class='ocrx_word' id='word_1_456' title='bbox 1285 3794 1368 3872; x_wconf 84' lang='lat' dir='ltr'><strong>juste</strong></span> <span class='ocrx_word' id='word_1_457' title='bbox 1391 3796 1485 3857; x_wconf 88' lang='lat' dir='ltr'><strong>etiam</strong></span> <span class='ocrx_word' id='word_1_458' title='bbox 1512 3798 1660 3861; x_wconf 85' lang='lat' dir='ltr'><strong>adversus</strong></span> <span class='ocrx_word' id='word_1_459' title='bbox 1684 3800 1783 3881; x_wconf 92' lang='lat' dir='ltr'><strong>ipsam</strong></span> <span class='ocrx_word' id='word_1_460' title='bbox 1794 3813 1930 3862; x_wconf 76' lang='lat' dir='ltr'><strong>consum</strong></span> 
     </span>
     <span class='ocr_line' id='line_1_39' title="bbox 368 3883 1930 3970; baseline 0.001 -23"><span class='ocrx_word' id='word_1_461' title='bbox 368 3885 429 3947; x_wconf 88' lang='lat' dir='ltr'><strong>uisi</strong></span> <span class='ocrx_word' id='word_1_462' title='bbox 452 3886 533 3947; x_wconf 86' lang='lat' dir='ltr'><strong>iorte</strong></span> <span class='ocrx_word' id='word_1_463' title='bbox 547 3887 609 3947; x_wconf 84' lang='lat' dir='ltr'><strong>ileo</strong></span> <span class='ocrx_word' id='word_1_464' title='bbox 635 3883 845 3965; x_wconf 85' lang='lat' dir='ltr'><strong>permittente,</strong></span> <span class='ocrx_word' id='word_1_465' title='bbox 868 3889 904 3943; x_wconf 89' lang='lat' dir='ltr'><strong>ut</strong></span> <span class='ocrx_word' id='word_1_466' title='bbox 930 3884 1137 3945; x_wconf 83' lang='lat' dir='ltr'><strong>carcerarius:</strong></span> <span class='ocrx_word' id='word_1_467' title='bbox 1188 3891 1234 3946; x_wconf 90' lang='lat' dir='ltr'><strong>est</strong></span> <span class='ocrx_word' id='word_1_468' title='bbox 1246 3888 1444 3965; x_wconf 84' lang='lat' dir='ltr'><strong>apostasiam,</strong></span> <span class='ocrx_word' id='word_1_469' title='bbox 1460 3906 1497 3950; x_wconf 89' lang='lat' dir='ltr'><strong>ea</strong></span> <span class='ocrx_word' id='word_1_470' title='bbox 1510 3908 1581 3970; x_wconf 81' lang='lat' dir='ltr'><strong>quae</strong></span> <span class='ocrx_word' id='word_1_471' title='bbox 1594 3899 1670 3954; x_wconf 93' lang='lat' dir='ltr'><strong>sunt</strong></span> <span class='ocrx_word' id='word_1_472' title='bbox 1682 3911 1739 3955; x_wconf 91' lang='lat' dir='ltr'><strong>sua</strong></span> <span class='ocrx_word' id='word_1_473' title='bbox 1750 3893 1887 3955; x_wconf 88' lang='lat' dir='ltr'><strong>redimens</strong></span> <span class='ocrx_word' id='word_1_474' title='bbox 1900 3887 1930 3948; x_wconf 88' lang='lat' dir='ltr'><strong>ab</strong></span> 
     </span>
     <span class='ocr_line' id='line_1_40' title="bbox 368 3973 1930 4062; baseline 0.001 -25"><span class='ocrx_word' id='word_1_475' title='bbox 368 3992 427 4039; x_wconf 91' lang='lat' dir='ltr'><strong>nec</strong></span> <span class='ocrx_word' id='word_1_476' title='bbox 442 3977 537 4039; x_wconf 81' lang='lat' dir='ltr'><strong>Filius</strong></span> <span class='ocrx_word' id='word_1_477' title='bbox 551 3977 615 4047; x_wconf 84' lang='lat' dir='ltr'><strong>Dei,</strong></span> <span class='ocrx_word' id='word_1_478' title='bbox 631 3984 667 4038; x_wconf 93' lang='lat' dir='ltr'><strong>ut</strong></span> <span class='ocrx_word' id='word_1_479' title='bbox 678 3976 838 4037; x_wconf 88' lang='lat' dir='ltr'><strong>bominem</strong></span> <span class='ocrx_word' id='word_1_480' title='bbox 846 3973 1001 4050; x_wconf 89' lang='lat' dir='ltr'><strong>liberaret,</strong></span> <span class='ocrx_word' id='word_1_481' title='bbox 1015 3994 1140 4037; x_wconf 89' lang='lat' dir='ltr'><strong>carnem</strong></span> <span class='ocrx_word' id='word_1_482' title='bbox 1188 3994 1225 4038; x_wconf 91' lang='lat' dir='ltr'><strong>eo</strong></span> <span class='ocrx_word' id='word_1_483' title='bbox 1242 3996 1330 4040; x_wconf 90' lang='lat' dir='ltr'><strong>:non</strong></span> <span class='ocrx_word' id='word_1_484' title='bbox 1352 3998 1425 4042; x_wconf 93' lang='lat' dir='ltr'><strong>cum</strong></span> <span class='ocrx_word' id='word_1_485' title='bbox 1438 3980 1480 4056; x_wconf 92' lang='lat' dir='ltr'><strong>vi,</strong></span> <span class='ocrx_word' id='word_1_486' title='bbox 1504 3982 1772 4062; x_wconf 86' lang='lat' dir='ltr'><strong>quemadmodum</strong></span> <span class='ocrx_word' id='word_1_487' title='bbox 1794 3985 1842 4046; x_wconf 85' lang='lat' dir='ltr'><strong>illa</strong></span> <span class='ocrx_word' id='word_1_488' title='bbox 1861 3978 1930 4043; x_wconf 90' lang='lat' dir='ltr'><strong>initio</strong></span> 
     </span>
     <span class='ocr_line' id='line_1_41' title="bbox 370 4067 1930 4158; baseline 0.003 -28"><span class='ocrx_word' id='word_1_489' title='bbox 370 4069 576 4149; x_wconf 72' lang='lat' dir='ltr'><strong>assumpsit.»</strong></span> <span class='ocrx_word' id='word_1_490' title='bbox 604 4070 681 4129; x_wconf 78' lang='lat' dir='ltr'><strong>Hac</strong></span> <span class='ocrx_word' id='word_1_491' title='bbox 707 4067 918 4129; x_wconf 78' lang='lat' dir='ltr'><strong>Abaelardust</strong></span> <span class='ocrx_word' id='word_1_492' title='bbox 935 4085 1004 4147; x_wconf 78' lang='lat' dir='ltr'><strong>que</strong></span> <span class='ocrx_word' id='word_1_493' title='bbox 1030 4068 1140 4129; x_wconf 91' lang='lat' dir='ltr'><strong>merito</strong></span> <span class='ocrx_word' id='word_1_494' title='bbox 1188 4069 1409 4133; x_wconf 89' lang='lat' dir='ltr'><strong>dominabatur</strong></span> <span class='ocrx_word' id='word_1_495' title='bbox 1428 4074 1541 4152; x_wconf 87' lang='lat' dir='ltr'><strong>nostri,</strong></span> <span class='ocrx_word' id='word_1_496' title='bbox 1560 4093 1597 4136; x_wconf 90' lang='lat' dir='ltr'><strong>ea</strong></span> <span class='ocrx_word' id='word_1_497' title='bbox 1618 4094 1691 4158; x_wconf 79' lang='lat' dir='ltr'><strong>quae</strong></span> <span class='ocrx_word' id='word_1_498' title='bbox 1711 4098 1775 4140; x_wconf 92' lang='lat' dir='ltr'><strong>non</strong></span> <span class='ocrx_word' id='word_1_499' title='bbox 1799 4081 1930 4139; x_wconf 87' lang='lat' dir='ltr'><strong>eruntsua</strong></span> 
     </span>
     <span class='ocr_line' id='line_1_42' title="bbox 370 4158 1929 4246; baseline 0.003 -25"><span class='ocrx_word' id='word_1_500' title='bbox 370 4159 547 4222; x_wconf 76' lang='lat' dir='ltr'><strong>Bernartius</strong></span> <span class='ocrx_word' id='word_1_501' title='bbox 560 4160 673 4221; x_wconf 88' lang='lat' dir='ltr'><strong>acriter</strong></span> <span class='ocrx_word' id='word_1_502' title='bbox 691 4160 870 4240; x_wconf 83' lang='lat' dir='ltr'><strong>redarguit:</strong></span> <span class='ocrx_word' id='word_1_503' title='bbox 885 4176 921 4220; x_wconf 89' lang='lat' dir='ltr'><strong>ac</strong></span> <span class='ocrx_word' id='word_1_504' title='bbox 934 4158 1141 4221; x_wconf 84' lang='lat' dir='ltr'><strong>temeritatem</strong></span> <span class='ocrx_word' id='word_1_505' title='bbox 1188 4161 1403 4226; x_wconf 89' lang='lat' dir='ltr'><strong>insatiabiliter</strong></span> <span class='ocrx_word' id='word_1_506' title='bbox 1420 4165 1559 4246; x_wconf 83' lang='lat' dir='ltr'><strong>rapiens3</strong></span> <span class='ocrx_word' id='word_1_507' title='bbox 1575 4168 1630 4229; x_wconf 90' lang='lat' dir='ltr'><strong>sed</strong></span> <span class='ocrx_word' id='word_1_508' title='bbox 1650 4171 1820 4231; x_wconf 90' lang='lat' dir='ltr'><strong>secundum</strong></span> <span class='ocrx_word' id='word_1_509' title='bbox 1842 4164 1929 4229; x_wconf 68' lang='lat' dir='ltr'><strong>suam·</strong></span> 
     </span>
     <span class='ocr_line' id='line_1_43' title="bbox 370 4251 1930 4335; baseline 0.004 -22"><span class='ocrx_word' id='word_1_510' title='bbox 370 4257 403 4313; x_wconf 90' lang='lat' dir='ltr'><strong>et</strong></span> <span class='ocrx_word' id='word_1_511' title='bbox 419 4251 664 4332; x_wconf 91' lang='lat' dir='ltr'><strong>imprudentiam</strong></span> <span class='ocrx_word' id='word_1_512' title='bbox 682 4251 818 4331; x_wconf 87' lang='lat' dir='ltr'><strong>argutuli</strong></span> <span class='ocrx_word' id='word_1_513' title='bbox 840 4251 987 4332; x_wconf 73' lang='lat' dir='ltr'><strong>sophista</strong></span> <span class='ocrx_word' id='word_1_514' title='bbox 1008 4252 1150 4333; x_wconf 76' lang='lat' dir='ltr'><strong>commi--</strong></span> <span class='ocrx_word' id='word_1_515' title='bbox 1188 4253 1249 4314; x_wconf 91' lang='lat' dir='ltr'><strong>lam</strong></span> <span class='ocrx_word' id='word_1_516' title='bbox 1267 4256 1554 4335; x_wconf 89' lang='lat' dir='ltr'><strong>:quemadmodum</strong></span> <span class='ocrx_word' id='word_1_517' title='bbox 1568 4259 1698 4323; x_wconf 89' lang='lat' dir='ltr'><strong>decebat</strong></span> <span class='ocrx_word' id='word_1_518' title='bbox 1718 4262 1813 4324; x_wconf 89' lang='lat' dir='ltr'><strong>Deum</strong></span> <span class='ocrx_word' id='word_1_519' title='bbox 1825 4258 1930 4322; x_wconf 85' lang='lat' dir='ltr'><strong>madeu-</strong></span> 
     </span>
     <span class='ocr_line' id='line_1_44' title="bbox 370 4343 1930 4437; baseline 0.008 -34"><span class='ocrx_word' id='word_1_520' title='bbox 370 4343 445 4420; x_wconf 88' lang='lat' dir='ltr'><strong>mit;</strong></span> <span class='ocrx_word' id='word_1_521' title='bbox 474 4344 642 4425; x_wconf 73' lang='lat' dir='ltr'><strong>Scriptura</strong></span> <span class='ocrx_word' id='word_1_522' title='bbox 671 4343 823 4425; x_wconf 90' lang='lat' dir='ltr'><strong>imprimis</strong></span> <span class='ocrx_word' id='word_1_523' title='bbox 848 4344 1045 4421; x_wconf 89' lang='lat' dir='ltr'><strong>auctoritate,</strong></span> <span class='ocrx_word' id='word_1_524' title='bbox 1069 4362 1140 4424; x_wconf 84' lang='lat' dir='ltr'><strong>quae</strong></span> <span class='ocrx_word' id='word_1_525' title='bbox 1189 4352 1254 4408; x_wconf 91' lang='lat' dir='ltr'><strong>tem</strong></span> <span class='ocrx_word' id='word_1_526' title='bbox 1280 4356 1311 4409; x_wconf 88' lang='lat' dir='ltr'><strong>et</strong></span> <span class='ocrx_word' id='word_1_527' title='bbox 1331 4366 1398 4411; x_wconf 92' lang='lat' dir='ltr'><strong>non</strong></span> <span class='ocrx_word' id='word_1_528' title='bbox 1423 4351 1488 4411; x_wconf 80' lang='lat' dir='ltr'><strong>uim</strong></span> <span class='ocrx_word' id='word_1_529' title='bbox 1504 4350 1700 4427; x_wconf 82' lang='lat' dir='ltr'><strong>inferentem,</strong></span> <span class='ocrx_word' id='word_1_530' title='bbox 1727 4355 1853 4437; x_wconf 86' lang='lat' dir='ltr'><strong>accipere</strong></span> <span class='ocrx_word' id='word_1_531' title='bbox 1875 4365 1930 4430; x_wconf 64' lang='lat' dir='ltr'><strong>qut</strong></span> 
     </span>
     <span class='ocr_line' id='line_1_45' title="bbox 371 4434 1929 4527; baseline 0.005 -29"><span class='ocrx_word' id='word_1_532' title='bbox 371 4434 493 4498; x_wconf 87' lang='lat' dir='ltr'><strong>diabolo</strong></span> <span class='ocrx_word' id='word_1_533' title='bbox 515 4442 711 4517; x_wconf 84' lang='lat' dir='ltr'><strong>potestatem,</strong></span> <span class='ocrx_word' id='word_1_534' title='bbox 728 4442 759 4498; x_wconf 94' lang='lat' dir='ltr'><strong>et</strong></span> <span class='ocrx_word' id='word_1_535' title='bbox 781 4435 980 4497; x_wconf 90' lang='lat' dir='ltr'><strong>dominatum</strong></span> <span class='ocrx_word' id='word_1_536' title='bbox 1000 4436 1142 4515; x_wconf 86' lang='lat' dir='ltr'><strong>tyranni-</strong></span> <span class='ocrx_word' id='word_1_537' title='bbox 1187 4439 1282 4500; x_wconf 80' lang='lat' dir='ltr'><strong>vellet</strong></span> <span class='ocrx_word' id='word_1_538' title='bbox 1297 4458 1305 4501; x_wconf 76' lang='grc' dir='ltr'><strong>ι</strong></span> <span class='ocrx_word' id='word_1_539' title='bbox 1320 4446 1357 4502; x_wconf 87' lang='grc' dir='ltr'><strong>ιιι</strong></span> <span class='ocrx_word' id='word_1_540' title='bbox 1377 4460 1479 4522; x_wconf 90' lang='lat' dir='ltr'><strong>neque</strong></span> <span class='ocrx_word' id='word_1_541' title='bbox 1502 4445 1586 4524; x_wconf 86' lang='lat' dir='ltr'><strong>quod</strong></span> <span class='ocrx_word' id='word_1_542' title='bbox 1612 4451 1659 4507; x_wconf 90' lang='lat' dir='ltr'><strong>est</strong></span> <span class='ocrx_word' id='word_1_543' title='bbox 1677 4447 1795 4527; x_wconf 86' lang='lat' dir='ltr'><strong>justum</strong></span> <span class='ocrx_word' id='word_1_544' title='bbox 1820 4441 1929 4508; x_wconf 76' lang='lat' dir='ltr'><strong>consur</strong></span> 
     </span>
     <span class='ocr_line' id='line_1_46' title="bbox 370 4526 1931 4620; baseline 0.004 -31"><span class='ocrx_word' id='word_1_545' title='bbox 370 4544 443 4589; x_wconf 87' lang='lat' dir='ltr'><strong>cum</strong></span> <span class='ocrx_word' id='word_1_546' title='bbox 455 4526 490 4589; x_wconf 90' lang='lat' dir='ltr'><strong>in</strong></span> <span class='ocrx_word' id='word_1_547' title='bbox 503 4526 646 4591; x_wconf 85' lang='lat' dir='ltr'><strong>homines</strong></span> <span class='ocrx_word' id='word_1_548' title='bbox 660 4528 737 4609; x_wconf 79' lang='lat' dir='ltr'><strong>jugo</strong></span> <span class='ocrx_word' id='word_1_549' title='bbox 756 4526 839 4590; x_wconf 90' lang='lat' dir='ltr'><strong>illius</strong></span> <span class='ocrx_word' id='word_1_550' title='bbox 857 4532 966 4608; x_wconf 85' lang='lat' dir='ltr'><strong>sponte</strong></span> <span class='ocrx_word' id='word_1_551' title='bbox 989 4528 1141 4608; x_wconf 86' lang='lat' dir='ltr'><strong>subjectos</strong></span> <span class='ocrx_word' id='word_1_552' title='bbox 1190 4537 1324 4611; x_wconf 81' lang='lat' dir='ltr'><strong>geretur,</strong></span> <span class='ocrx_word' id='word_1_553' title='bbox 1341 4550 1442 4615; x_wconf 89' lang='lat' dir='ltr'><strong>neque</strong></span> <span class='ocrx_word' id='word_1_554' title='bbox 1459 4536 1588 4617; x_wconf 87' lang='lat' dir='ltr'><strong>antiqua</strong></span> <span class='ocrx_word' id='word_1_555' title='bbox 1601 4538 1656 4599; x_wconf 84' lang='lat' dir='ltr'><strong>Dei</strong></span> <span class='ocrx_word' id='word_1_556' title='bbox 1681 4539 1835 4620; x_wconf 89' lang='lat' dir='ltr'><strong>plasmatio</strong></span> <span class='ocrx_word' id='word_1_557' title='bbox 1859 4535 1931 4615; x_wconf 83' lang='lat' dir='ltr'><strong>depe·</strong></span> 
     </span>
     <span class='ocr_line' id='line_1_47' title="bbox 369 4618 1308 4703; baseline 0.004 -24"><span class='ocrx_word' id='word_1_558' title='bbox 369 4618 481 4680; x_wconf 81' lang='lat' dir='ltr'><strong>tribuit</strong></span> <span class='ocrx_word' id='word_1_559' title='bbox 496 4636 505 4679; x_wconf 79' lang='lat' dir='ltr'><strong>t</strong></span> <span class='ocrx_word' id='word_1_560' title='bbox 521 4624 557 4681; x_wconf 93' lang='lat' dir='ltr'><strong>ut</strong></span> <span class='ocrx_word' id='word_1_561' title='bbox 570 4638 643 4683; x_wconf 89' lang='lat' dir='ltr'><strong>cum</strong></span> <span class='ocrx_word' id='word_1_562' title='bbox 664 4621 802 4703; x_wconf 73' lang='lat' dir='ltr'><strong>princeps</strong></span> <span class='ocrx_word' id='word_1_563' title='bbox 823 4618 929 4681; x_wconf 79' lang='lat' dir='ltr'><strong>mundi</strong></span> <span class='ocrx_word' id='word_1_564' title='bbox 949 4620 988 4681; x_wconf 89' lang='lat' dir='ltr'><strong>ab</strong></span> <span class='ocrx_word' id='word_1_565' title='bbox 1009 4620 1142 4701; x_wconf 89' lang='lat' dir='ltr'><strong>ipsomet</strong></span> <span class='ocrx_word' id='word_1_566' title='bbox 1190 4624 1308 4686; x_wconf 83' lang='lat' dir='ltr'><strong>riret.»</strong></span> 
     </span>
     <span class='ocr_line' id='line_1_48' title="bbox 371 4709 1928 4804; baseline 0.01 -33"><span class='ocrx_word' id='word_1_567' title='bbox 371 4709 489 4771; x_wconf 86' lang='lat' dir='ltr'><strong>Christo</strong></span> <span class='ocrx_word' id='word_1_568' title='bbox 504 4711 631 4773; x_wconf 82' lang='lat' dir='ltr'><strong>dioitur’</strong></span> <span class='ocrx_word' id='word_1_569' title='bbox 650 4732 658 4772; x_wconf 78' lang='grc' dir='ltr'><strong>ι</strong></span> <span class='ocrx_word' id='word_1_570' title='bbox 678 4718 710 4773; x_wconf 90' lang='lat' dir='ltr'><strong>et</strong></span> <span class='ocrx_word' id='word_1_571' title='bbox 726 4719 851 4793; x_wconf 81' lang='lat' dir='ltr'><strong>potestas</strong></span> <span class='ocrx_word' id='word_1_572' title='bbox 864 4710 1078 4773; x_wconf 50' lang='lat' dir='ltr'><strong>tenebrarum&amp;</strong></span> <span class='ocrx_word' id='word_1_573' title='bbox 1230 4714 1379 4778; x_wconf 88' lang='lat' dir='ltr'><strong>Paulinus</strong></span> <span class='ocrx_word' id='word_1_574' title='bbox 1399 4716 1475 4780; x_wconf 91' lang='lat' dir='ltr'><strong>item</strong></span> <span class='ocrx_word' id='word_1_575' title='bbox 1487 4718 1626 4782; x_wconf 89' lang='lat' dir='ltr'><strong>Nolanus</strong></span> <span class='ocrx_word' id='word_1_576' title='bbox 1639 4720 1674 4784; x_wconf 91' lang='lat' dir='ltr'><strong>in</strong></span> <span class='ocrx_word' id='word_1_577' title='bbox 1687 4718 1813 4804; x_wconf 88' lang='lat' dir='ltr'><strong>epistola</strong></span> <span class='ocrx_word' id='word_1_578' title='bbox 1831 4720 1928 4801; x_wconf 62' lang='lat' dir='ltr'><strong>uum·</strong></span> 
     </span>
    </p>

    <p class='ocr_par' dir='ltr' id='par_1_6' title="bbox 371 4801 1930 4984">
     <span class='ocr_line' id='line_1_49' title="bbox 411 4801 1930 4895; baseline 0.011 -33"><span class='ocrx_word' id='word_1_579' title='bbox 411 4801 478 4863; x_wconf 81' lang='lat' dir='ltr'><strong>xli.</strong></span> <span class='ocrx_word' id='word_1_580' title='bbox 495 4802 716 4883; x_wconf 83' lang='lat' dir='ltr'><strong>Exquibusita</strong></span> <span class='ocrx_word' id='word_1_581' title='bbox 730 4803 885 4866; x_wconf 85' lang='lat' dir='ltr'><strong>concludit</strong></span> <span class='ocrx_word' id='word_1_582' title='bbox 900 4824 908 4864; x_wconf 79' lang='grc' dir='ltr'><strong>ι</strong></span> <span class='ocrx_word' id='word_1_583' title='bbox 924 4805 1054 4866; x_wconf 71' lang='lat' dir='ltr'><strong>«Discat</strong></span> <span class='ocrx_word' id='word_1_584' title='bbox 1067 4806 1141 4885; x_wconf 91' lang='lat' dir='ltr'><strong>ergo</strong></span> <span class='ocrx_word' id='word_1_585' title='bbox 1194 4808 1289 4869; x_wconf 77' lang='lat' dir='ltr'><strong>«Non</strong></span> <span class='ocrx_word' id='word_1_586' title='bbox 1302 4809 1330 4870; x_wconf 93' lang='lat' dir='ltr'><strong>ei</strong></span> <span class='ocrx_word' id='word_1_587' title='bbox 1349 4811 1508 4889; x_wconf 84' lang='lat' dir='ltr'><strong>majestate</strong></span> <span class='ocrx_word' id='word_1_588' title='bbox 1531 4818 1653 4875; x_wconf 88' lang='lat' dir='ltr'><strong>naturae</strong></span> <span class='ocrx_word' id='word_1_589' title='bbox 1678 4833 1756 4893; x_wconf 81' lang='lat' dir='ltr'><strong>sue,</strong></span> <span class='ocrx_word' id='word_1_590' title='bbox 1769 4815 1871 4895; x_wconf 83' lang='lat' dir='ltr'><strong>inquit,</strong></span> <span class='ocrx_word' id='word_1_591' title='bbox 1888 4804 1930 4869; x_wconf 64' lang='lat' dir='ltr'><strong>sed</strong></span> 
     </span>
     <span class='ocr_line' id='line_1_50' title="bbox 371 4891 1930 4984; baseline 0.006 -29"><span class='ocrx_word' id='word_1_592' title='bbox 371 4891 530 4956; x_wconf 84' lang='lat' dir='ltr'><strong>diabolum</strong></span> <span class='ocrx_word' id='word_1_593' title='bbox 544 4912 609 4955; x_wconf 91' lang='lat' dir='ltr'><strong>non</strong></span> <span class='ocrx_word' id='word_1_594' title='bbox 622 4892 725 4957; x_wconf 86' lang='lat' dir='ltr'><strong>solum</strong></span> <span class='ocrx_word' id='word_1_595' title='bbox 737 4898 932 4976; x_wconf 89' lang='lat' dir='ltr'><strong>potestatem,</strong></span> <span class='ocrx_word' id='word_1_596' title='bbox 951 4897 1005 4957; x_wconf 90' lang='lat' dir='ltr'><strong>sed</strong></span> <span class='ocrx_word' id='word_1_597' title='bbox 1025 4901 1056 4958; x_wconf 91' lang='lat' dir='ltr'><strong>et</strong></span> <span class='ocrx_word' id='word_1_598' title='bbox 1073 4896 1141 4976; x_wconf 84' lang='lat' dir='ltr'><strong>jus·</strong></span> <span class='ocrx_word' id='word_1_599' title='bbox 1189 4898 1299 4961; x_wconf 90' lang='lat' dir='ltr'><strong>habitu</strong></span> <span class='ocrx_word' id='word_1_600' title='bbox 1313 4907 1427 4964; x_wconf 82' lang='lat' dir='ltr'><strong>nostrae</strong></span> <span class='ocrx_word' id='word_1_601' title='bbox 1448 4905 1660 4984; x_wconf 87' lang='lat' dir='ltr'><strong>congrediens,</strong></span> <span class='ocrx_word' id='word_1_602' title='bbox 1676 4914 1708 4969; x_wconf 92' lang='lat' dir='ltr'><strong>et</strong></span> <span class='ocrx_word' id='word_1_603' title='bbox 1719 4906 1796 4968; x_wconf 89' lang='lat' dir='ltr'><strong>nihil</strong></span> <span class='ocrx_word' id='word_1_604' title='bbox 1809 4906 1835 4967; x_wconf 90' lang='lat' dir='ltr'><strong>ei</strong></span> <span class='ocrx_word' id='word_1_605' title='bbox 1847 4905 1930 4965; x_wconf 69' lang='lat' dir='ltr'><strong>exter*</strong></span> 
     </span>
    </p>
   </div>
   <div class='ocr_carea' id='block_1_3' title="bbox 372 4984 1930 5081">
    <p class='ocr_par' dir='ltr' id='par_1_7' title="bbox 372 4984 1930 5081">
     <span class='ocr_line' id='line_1_51' title="bbox 372 4984 1930 5081; baseline 0.005 -33"><span class='ocrx_word' id='word_1_606' title='bbox 372 4990 440 5048; x_wconf 91' lang='lat' dir='ltr'><strong>tam</strong></span> <span class='ocrx_word' id='word_1_607' title='bbox 456 4984 602 5050; x_wconf 87' lang='lat' dir='ltr'><strong>habuisse</strong></span> <span class='ocrx_word' id='word_1_608' title='bbox 619 4986 654 5049; x_wconf 93' lang='lat' dir='ltr'><strong>in</strong></span> <span class='ocrx_word' id='word_1_609' title='bbox 675 4986 841 5049; x_wconf 85' lang='lat' dir='ltr'><strong>homines:</strong></span> <span class='ocrx_word' id='word_1_610' title='bbox 860 4994 897 5049; x_wconf 90' lang='lat' dir='ltr'><strong>ut</strong></span> <span class='ocrx_word' id='word_1_611' title='bbox 919 4994 1143 5068; x_wconf 87' lang='lat' dir='ltr'><strong>consequenter</strong></span> <span class='ocrx_word' id='word_1_612' title='bbox 1193 5010 1292 5073; x_wconf 87' lang='lat' dir='ltr'><strong>quens</strong></span> <span class='ocrx_word' id='word_1_613' title='bbox 1310 4993 1445 5056; x_wconf 81' lang='lat' dir='ltr'><strong>violento</strong></span> <span class='ocrx_word' id='word_1_614' title='bbox 1459 4996 1631 5080; x_wconf 86' lang='lat' dir='ltr'><strong>dominatu,</strong></span> <span class='ocrx_word' id='word_1_615' title='bbox 1647 4999 1700 5062; x_wconf 85' lang='lat' dir='ltr'><strong>aed</strong></span> <span class='ocrx_word' id='word_1_616' title='bbox 1722 5005 1930 5081; x_wconf 72' lang='lat' dir='ltr'><strong>superuacuum</strong></span> 
     </span>
    </p>
   </div>
   <div class='ocr_carea' id='block_1_4' title="bbox 409 5195 1930 5368">
    <p class='ocr_par' dir='ltr' id='par_1_8' title="bbox 409 5195 1930 5368">
     <span class='ocr_line' id='line_1_52' title="bbox 409 5195 1930 5280; baseline -0.003 -22"><span class='ocrx_word' id='word_1_617' title='bbox 409 5216 430 5258; x_wconf 88' lang='lat' dir='ltr'><strong>a</strong></span> <span class='ocrx_word' id='word_1_618' title='bbox 448 5196 586 5257; x_wconf 68' lang='lat' dir='ltr'><strong>larulib.</strong></span> <span class='ocrx_word' id='word_1_619' title='bbox 603 5195 1085 5271; x_wconf 68' lang='lat' dir='ltr'><strong>lll,oap.1xapudTheodondial.</strong></span> <span class='ocrx_word' id='word_1_620' title='bbox 1107 5200 1141 5257; x_wconf 91' lang='lat' dir='ltr'><strong>li.</strong></span> <span class='ocrx_word' id='word_1_621' title='bbox 1193 5202 1225 5258; x_wconf 83' lang='lat' dir='ltr'><strong>El</strong></span> <span class='ocrx_word' id='word_1_622' title='bbox 1257 5202 1305 5276; x_wconf 69' lang='grc' dir='ltr'><strong>γὰρ</strong></span> <span class='ocrx_word' id='word_1_623' title='bbox 1337 5202 1372 5276; x_wconf 65' lang='grc' dir='ltr'><strong>μὴ</strong></span> <span class='ocrx_word' id='word_1_624' title='bbox 1405 5204 1532 5279; x_wconf 59' lang='grc' dir='ltr'><strong>ἅνθρωπος</strong></span> <span class='ocrx_word' id='word_1_625' title='bbox 1561 5205 1669 5280; x_wconf 56' lang='lat' dir='ltr'><strong>tum</strong></span> <span class='ocrx_word' id='word_1_626' title='bbox 1698 5210 1741 5265; x_wconf 63' lang='grc' dir='ltr'>τι,</span> <span class='ocrx_word' id='word_1_627' title='bbox 1761 5202 1930 5265; x_wconf 45' lang='lat' dir='ltr'><strong>&amp;wast</strong></span> 
     </span>
     <span class='ocr_line' id='line_1_53' title="bbox 949 5285 1781 5368; baseline 0.01 -29"><span class='ocrx_word' id='word_1_628' title='bbox 949 5336 951 5339; x_wconf 86' lang='grc'><em>,</em></span> <span class='ocrx_word' id='word_1_629' title='bbox 1193 5285 1333 5360; x_wconf 73' lang='grc' dir='ltr'><strong>ἀνθρώπου,</strong></span> <span class='ocrx_word' id='word_1_630' title='bbox 1343 5288 1388 5342; x_wconf 77' lang='grc' dir='ltr'><strong>οὐκ</strong></span> <span class='ocrx_word' id='word_1_631' title='bbox 1401 5290 1431 5343; x_wconf 74' lang='grc' dir='ltr'><strong>ἂν</strong></span> <span class='ocrx_word' id='word_1_632' title='bbox 1445 5291 1544 5355; x_wconf 74' lang='grc' dir='ltr'>δικαίως</span> <span class='ocrx_word' id='word_1_633' title='bbox 1555 5290 1650 5364; x_wconf 60' lang='lat' dir='ltr'><strong>laurita</strong></span> <span class='ocrx_word' id='word_1_634' title='bbox 1662 5295 1676 5349; x_wconf 80' lang='lat' dir='ltr'><strong>d</strong></span> <span class='ocrx_word' id='word_1_635' title='bbox 1688 5292 1781 5368; x_wconf 66' lang='grc' dir='ltr'><strong>ἐχθρός.</strong></span> 
     </span>
    </p>
   </div>
   <div class='ocr_carea' id='block_1_5' title="bbox 399 5468 1683 5530">
    <p class='ocr_par' dir='ltr' id='par_1_9' title="bbox 399 5468 1683 5530">
     <span class='ocr_line' id='line_1_54' title="bbox 399 5468 1683 5530; baseline 0.005 -14"><span class='ocrx_word' id='word_1_636' title='bbox 399 5470 411 5516; x_wconf 81' lang='lat' dir='ltr'><strong>i</strong></span> <span class='ocrx_word' id='word_1_637' title='bbox 426 5468 501 5521; x_wconf 68' lang='lat' dir='ltr'><strong>Ahd.</strong></span> <span class='ocrx_word' id='word_1_638' title='bbox 513 5471 572 5529; x_wconf 77' lang='lat' dir='ltr'><strong>tpud</strong></span> <span class='ocrx_word' id='word_1_639' title='bbox 584 5470 660 5521; x_wconf 45' lang='lat' dir='ltr'><strong>ltere</strong></span> <span class='ocrx_word' id='word_1_640' title='bbox 670 5473 685 5517; x_wconf 66' lang='grc' dir='ltr'>ἱ</span> <span class='ocrx_word' id='word_1_641' title='bbox 696 5474 759 5520; x_wconf 65' lang='lat' dir='ltr'><strong>hart.</strong></span> <span class='ocrx_word' id='word_1_642' title='bbox 770 5482 843 5517; x_wconf 65' lang='grc' dir='ltr'>ιιι-</span> <span class='ocrx_word' id='word_1_643' title='bbox 856 5471 930 5520; x_wconf 69' lang='lat' dir='ltr'><strong>aare.</strong></span> <span class='ocrx_word' id='word_1_644' title='bbox 940 5480 985 5517; x_wconf 77' lang='lat'>1111</span> <span class='ocrx_word' id='word_1_645' title='bbox 998 5471 1068 5518; x_wconf 79' lang='lat' dir='ltr'><strong>titel·</strong></span> <span class='ocrx_word' id='word_1_646' title='bbox 1082 5471 1152 5518; x_wconf 61' lang='lat' dir='ltr'><strong>lint</strong></span> <span class='ocrx_word' id='word_1_647' title='bbox 1163 5471 1221 5520; x_wconf 77' lang='lat' dir='ltr'><strong>tut</strong></span> <span class='ocrx_word' id='word_1_648' title='bbox 1231 5479 1248 5519; x_wconf 79' lang='lat' dir='ltr'><strong>t·</strong></span> <span class='ocrx_word' id='word_1_649' title='bbox 1260 5474 1410 5522; x_wconf 74' lang='lat' dir='ltr'><strong>visitator.</strong></span> <span class='ocrx_word' id='word_1_650' title='bbox 1423 5475 1521 5522; x_wconf 64' lang='grc' dir='ltr'><strong>118μῦ</strong></span> <span class='ocrx_word' id='word_1_651' title='bbox 1533 5476 1581 5524; x_wconf 78' lang='lat' dir='ltr'><strong>bib.</strong></span> <span class='ocrx_word' id='word_1_652' title='bbox 1595 5477 1622 5530; x_wconf 73' lang='lat' dir='ltr'><strong>V.</strong></span> <span class='ocrx_word' id='word_1_653' title='bbox 1635 5491 1654 5525; x_wconf 81' lang='lat' dir='ltr'><strong>o.</strong></span> <span class='ocrx_word' id='word_1_654' title='bbox 1668 5490 1683 5523; x_wconf 80' lang='grc' dir='ltr'><strong>ιι</strong></span> 
     </span>
    </p>
   </div>
   <div class='ocr_carea' id='block_1_6' title="bbox 0 0 2029 6162">
    <p class='ocr_par' dir='ltr' id='par_1_10' title="bbox 0 0 2029 6162">
     <span class='ocr_line' id='line_1_55' title="bbox 0 0 2029 6162; baseline 0 0"><span class='ocrx_word' id='word_1_655' title='bbox 0 0 2029 6162; x_wconf 95' lang='lat' dir='ltr'><strong> </strong></span> 
     </span>
    </p>
   </div>
  </div>
 </body>
</html>
