4136 6178
512 338 565 400 DE
584 334 684 399 teau
703 334 757 397 ET
775 332 939 409 aalma,
962 332 1078 396 LIBER
1098 334 1137 403 ii,
1161 333 1247 397 CAP.
1271 336 1322 399 iv,
1677 339 1717 399 59

127 516 195 580 quo
223 502 352 583 proprie
368 502 470 581 matis
488 509 545 564 est.
571 502 652 563 Nam
673 501 802 562 seientia
822 499 900 578 legis
948 499 1145 573 cendumest,
1161 500 1243 583 quod
1255 498 1716 580 Deusadjuvetnosadoperan·

128 592 335 655 macariae
349 591 902 671 inssrtncnadibcatffliehugne
948 591 1022 650 dem
1044 590 1207 668 justitiam,
1235 602 1328 670 atque
1353 596 1499 670 operetur
1520 591 1554 652 in
1581 591 1671 651 nobis
1687 597 1719 652 et

128 683 899 765 mmcbratigrsuamverametpropriedtcum,
949 680 1039 758 velle,
1055 687 1087 743 et
1111 683 1234 763 operari
1256 700 1314 762 pro
1337 682 1420 743 bona
1446 683 1625 756 vuluntate,
1647 682 1720 763 quia

129 792 222 854 quam
232 775 401 854 Pelagium
414 775 617 855 impugnabat
629 775 766 851 haeresis,
779 774 824 836 ait
836 790 901 835 esse
949 774 1110 854 praeceptis
1124 774 1251 852 justitiae
1264 773 1434 834 forimecus
1445 774 1570 834 insonat
1580 773 1720 837 sensibus

5 920 6 943 ,
129 867 291 929 mritetem
317 885 385 927 non
411 873 550 945 mnuesn,
575 873 607 927 et
628 866 826 944 imbecillem,
848 865 902 927 sed
951 866 1080 940 nostris3
1102 866 1155 926 sed
1182 866 1256 945 quia
1282 866 1466 926 intrinsecus
1491 866 1720 926 incrementum

5 996 6 1021 i
130 963 284 1033 vegetem,
298 956 468 1034 efficacem,
481 965 513 1020 et
525 958 739 1038 operatricem.
951 957 1013 1032 dat,
1024 956 1227 1019 diffundendo
1239 957 1398 1018 caritatem
1410 957 1443 1017 in
1456 957 1599 1017 cordibus
1608 959 1721 1019 nostris

168 1051 493 1124 Rursusiugustinus
506 1051 539 1111 in
559 1050 640 1111 libro
653 1048 689 1111 de
706 1047 859 1123 Nature&
873 1056 903 1109 ct
950 1065 1006 1128 per
1022 1047 1173 1127 Spiritum
1193 1053 1333 1109 sanctum
1348 1049 1402 1128 qui
1423 1049 1512 1109 datus
1526 1054 1571 1109 est
1584 1049 1685 1109 nobis.
1704 1072 1716 1109 s

133 1140 251 1215 ocu,
272 1140 475 1216 Pelagianam
489 1142 618 1217 gratiam
632 1140 792 1217 reieliens,
813 1142 903 1220 eique
951 1140 1058 1201 Talem
1071 1159 1140 1201 ecce
1155 1141 1228 1201 novi
1248 1141 1436 1201 Testamenti
1455 1141 1585 1216 gretiam
1601 1138 1718 1208 definit,

132 1232 342 1294 fflsfiunam
355 1250 526 1313 opponens,
540 1232 628 1294 iiiam
641 1233 686 1294 ait
697 1233 731 1294 in
749 1231 903 1312 possibili·
952 1231 1719 1312 quapervirifieantemspiritumdilectoressumus,

131 1330 193 1384 tate
210 1324 297 1385 bene
317 1323 444 1401 agendi,
459 1330 491 1385 et
510 1324 638 1385 carendi
660 1325 778 1404 peccati
791 1324 831 1385 ab
845 1324 905 1384 illis
952 1329 983 1383 et
996 1324 1035 1383 ad
1049 1325 1239 1403 operandam
1249 1324 1403 1403 justitiam
1413 1320 1723 1405 adjuvamur,dsffusc

133 1416 278 1477 mustitui
291 1435 300 1491 3
315 1415 371 1477 sed
397 1415 579 1477 naturaliter
603 1416 708 1493 insita,
722 1417 781 1476 hoe
803 1422 848 1477 est
870 1416 905 1475 in
952 1414 1082 1476 scritate
1096 1415 1128 1474 iu
1140 1416 1275 1477 cordibus
1287 1418 1404 1476 uostm'a.

132 1506 231 1571 libem
244 1507 376 1569 arbitrio
390 1527 398 1568 ε
415 1507 544 1568 alteram
559 1526 654 1582 veru,
669 1509 703 1567 in
716 1508 777 1568 alio
790 1524 905 1586 genere
994 1508 1034 1566 Et
1045 1507 1079 1566 in
1096 1507 1205 1567 eodem
1224 1508 1316 1582 libro,
1334 1507 1391 1568 sub
1404 1508 1500 1569 tinem
1515 1509 1622 1589 eapitis
1639 1526 1722 1587 xxm,

133 1599 348 1679 possibilitatis
356 1600 532 1673 consistere,
541 1618 612 1678 quse
621 1602 669 1659 est
677 1601 784 1676 gratia,
792 1599 906 1660 Christi
958 1599 1053 1659 clioe
1067 1616 1133 1659 esse
1156 1599 1229 1660 dicit
1248 1600 1404 1679 pertinere
1428 1600 1467 1660 ad
1491 1602 1724 1662 Testamentum

133 1692 244 1770 adepta
271 1691 406 1766 meritis,
434 1690 498 1751 sive
526 1690 654 1763 caritas,
684 1695 739 1751 aut
764 1691 907 1752 voluntas
955 1709 1085 1766 novum,
1113 1691 1213 1766 legem
1236 1691 1290 1751 Dei
1313 1692 1443 1766 babere,
1459 1710 1524 1752 non
1544 1693 1577 1752 in
1601 1693 1723 1771 tabulis,

134 1783 272 1844 bominis
297 1783 405 1861 adjuta
423 1800 481 1861 per
504 1782 559 1843 liei
578 1782 719 1857 gratiam.
740 1782 803 1843 «Si
822 1781 907 1842 enim
957 1784 1009 1844 sed
1032 1785 1066 1843 in
1091 1783 1235 1843 cordibus
1255 1783 1400 1862 scriptam
1420 1803 1428 1844 ι
1446 1783 1505 1843 hoc
1529 1792 1585 1857 est,
1614 1784 1725 1847 intimo

134 1873 326 1955 possibilitas
354 1873 513 1941 naturalis,
535 1873 669 1952 inquit¹,
692 1891 748 1953 per
774 1874 908 1934 liberum
958 1875 1068 1935 affectu
1079 1875 1232 1953 justitiam
1254 1874 1331 1952 legis
1344 1874 1499 1954 amplecti,
1516 1876 1569 1935 ubi
1582 1874 1658 1935 fides
1671 1894 1727 1955 per

134 1966 323 2041 arbitrium,
354 1972 385 2027 et
409 1965 449 2026 ad
476 1965 724 2040 cognoscendum
751 1965 908 2044 quomodo
957 1966 1153 2027 dilectionem
1175 1972 1330 2045 operatur,
1350 1965 1423 2047 quia
1442 1983 1481 2025 ex
1500 1964 1561 2025 fide
1579 1966 1726 2045 justificat

135 2060 237 2121 virere
261 2058 387 2131 debeat,
403 2057 488 2117 etad
507 2056 587 2117 bene
608 2056 778 2117 vivendum
797 2056 910 2118 sufficit
959 2060 1211 2136 gemmeticus.»
1240 2058 1346 2136 ltaque
1368 2056 1494 2137 propria
1521 2061 1593 2117 novi
1621 2060 1727 2118 Testa-

136 2151 205 2224 sibi,
218 2167 297 2226 ergo
318 2149 457 2210 Christus
479 2149 573 2223 gratis
595 2154 739 2210 mortuus
764 2154 819 2227 est,
836 2164 909 2223 ergo
959 2150 1055 2210 menti
1081 2151 1189 2227 gretia,
1210 2156 1256 2210 est
1278 2149 1363 2221 fides,
1390 2167 1459 2227 quse
1487 2167 1542 2228 per
1569 2149 1727 2211 caritatem

137 2247 323 2305 marcatum
342 2245 389 2302 est
410 2239 588 2301 scandalum
602 2239 713 2301 crucis.
730 2261 743 2298 s
761 2241 799 2300 Et
811 2241 910 2320 capite
959 2247 1114 2320 operatur.

137 2350 208 2397 mr.
226 2334 370 2412 «Neque
385 2332 424 2393 de
441 2333 508 2410 ipsa
526 2332 726 2410 possibilitate
745 2333 909 2409 contendo,
1000 2334 1077 2393 Item
1089 2333 1123 2392 in
1131 2331 1253 2392 librode
1268 2331 1297 2392 F
1295 2330 1374 2393 idest
1382 2331 1529 2412 operibus,
1540 2333 1639 2412 eapite
1645 2350 1725 2409 xant,

138 2426 250 2505 inquit,
265 2443 342 2486 cum
356 2432 475 2495 sanata,
492 2429 524 2484 ei
537 2424 641 2502 adjuta
652 2423 910 2484 hominisvolun-
964 2425 1038 2485 «Ab
1051 2424 1122 2500 hoe,
1137 2424 1343 2502 inquit,reatu
1354 2424 1494 2505 graviore
1506 2424 1618 2487 liberat
1628 2427 1729 2504 gratia

138 2525 212 2595 tate,
226 2517 418 2598 possibilitas
440 2518 507 2596 ipsa
529 2515 623 2576 simul
646 2533 719 2576 cum
742 2514 852 2575 effectu
878 2515 912 2575 in
962 2516 1096 2595 Spiritus
1105 2516 1202 2575 sancti
1210 2517 1380 2594 pertesum
1391 2515 1549 2576 Christum
1559 2517 1729 2577 Dominum

137 2615 251 2673 unctis
264 2608 431 2689 proveniat
444 2626 453 2682 ;
468 2608 545 2668 dum
559 2607 668 2667 caritas
678 2606 744 2680 Dei,
758 2612 911 2686 quantum
961 2612 1114 2679 nostrum,
1141 2624 1212 2685 quae
1240 2606 1353 2667 diffusa
1380 2609 1504 2667 caritate
1527 2608 1560 2666 in
1586 2607 1730 2669 cordibus

138 2703 318 2783 plenissime
330 2706 444 2761 natura
456 2704 562 2759 nostra
576 2716 663 2773 sana,
675 2703 768 2777 atqua
782 2704 912 2776 purgata
960 2699 1084 2772 uostris,
1116 2699 1210 2758 donat
1232 2699 1361 2776 justitiae
1388 2699 1640 2773 delectationem,
1669 2719 1730 2781 qua

138 2812 247 2873 capere
261 2797 382 2873 polest,
398 2790 583 2852 diffunditur
596 2789 630 2849 in
644 2789 788 2850 cordibus
800 2791 913 2849 nostris
961 2791 1176 2850 immoderatio
1214 2791 1469 2870 concupiscentie
1504 2796 1677 2870 superetur.
1710 2814 1726 2850 a

138 2904 195 2967 per
219 2885 375 2965 Spiritum
398 2887 582 2943 sanctum.»
607 2881 701 2941 Vides
726 2885 761 2940 ut
787 2880 912 2960 proprie
962 2883 1032 2942 Non
1045 2882 1148 2941 minus
1168 2880 1218 2941 bic
1231 2882 1335 2960 piena,
1350 2880 1450 2955 fortis,
1466 2899 1501 2942 ac
1523 2881 1633 2945 victrix
1647 2882 1732 2942 deni-

139 2978 267 3051 dictam,
284 2981 317 3037 et
331 2990 512 3050 germanam
524 2973 638 3035 Cbristi
645 2972 776 3047 gratiam
789 2972 823 3031 in
834 2972 913 3033 bene
961 2991 1022 3052 que
1031 2971 1282 3050 concupiscentie
1293 2974 1393 3051 gretia
1402 2972 1595 3052 perhibetur.
1607 2974 1687 3034 Tum
1696 2974 1730 3033 in

139 3068 279 3142 nsandi,
295 3072 328 3127 et
341 3064 490 3144 operandi
501 3063 701 3143 possibilitate
715 3062 822 3132 sitam,
835 3063 912 3123 cari-
962 3064 1041 3126 libro
1054 3063 1090 3125 de
1108 3065 1209 3145 gretia
1229 3062 1342 3125 Christi
1365 3065 1465 3144 rapite
1484 3082 1562 3126 xxvi.
1583 3085 1595 3121 ι
1613 3066 1657 3126 Ae
1675 3084 1731 3144 per

139 3165 237 3221 tutem
250 3175 320 3218 esse
336 3159 472 3229 censeat,
488 3172 558 3233 qum
581 3160 627 3214 est
645 3154 805 3232 plenitudo
825 3153 912 3230 legis,
961 3157 1032 3233 boe,
1046 3156 1159 3235 inquit,
1174 3157 1305 3234 gratiam
1326 3158 1391 3233 Dei,
1407 3158 1588 3235 quaearitas
1602 3159 1659 3218 Dei
1673 3157 1730 3219 dif-

141 3251 219 3311 etin
232 3247 382 3310 cordibus
402 3246 515 3307 nornis
535 3245 759 3325 perspiritum
773 3250 915 3309 sanctum
960 3248 1103 3309 tunditur
1131 3247 1164 3306 in
1192 3247 1335 3308 cordibus
1362 3248 1475 3309 nostris
1503 3266 1559 3327 per
1582 3249 1732 3329 Spiritum

140 3341 343 3403 diffunditur.
962 3345 1115 3409 sanetum,
1131 3338 1184 3417 qui
1198 3339 1289 3400 datus
1301 3346 1346 3400 est
1358 3340 1465 3416 nobis,
1479 3340 1523 3403 sic
1534 3340 1730 3413 confiteatur,

180 3435 236 3493 lv.
260 3431 315 3491 Sic
328 3431 362 3489 in
373 3427 496 3490 iibrode
507 3426 609 3509 prolia
620 3425 743 3503 Christi,
754 3428 793 3488 de
807 3427 915 3489 eadam
963 3433 1015 3509 qui
1030 3432 1098 3500 visit
1111 3432 1260 3491 veraciter
1277 3429 1429 3506 confiteri,
1453 3436 1490 3491 ut
1508 3433 1637 3492 omnino
1652 3433 1733 3495 nihii

142 3521 489 3607 masibilitatcdispntat
500 3519 523 3595 ⁸3
539 3518 701 3596 Pelagium
709 3520 833 3596 scilicet,
844 3538 914 3600 quae
964 3523 1039 3582 boui
1064 3522 1130 3582 sine
1154 3521 1221 3592 illo,
1246 3522 1331 3601 quod
1359 3523 1399 3584 ad
1426 3523 1571 3602 pietatem
1597 3524 1734 3607 pertinet

141 3619 175 3679 in
190 3614 330 3679 nonnuli
342 3619 426 3673 reete
438 3611 563 3673 vivendi
576 3615 724 3691 potestate
737 3612 837 3690 posita
850 3617 913 3683 est,
964 3630 1133 3692 veramque
1140 3612 1303 3691 justitiam,
1316 3613 1384 3674 fieri
1398 3632 1486 3694 posse
1497 3632 1562 3675 non
1575 3614 1729 3680 dubitet.»

140 3716 173 3771 et
186 3707 352 3778 catholiea,
368 3721 440 3784 quse
453 3707 499 3763 est
511 3704 610 3778 gratis
623 3722 639 3760 s
653 3702 813 3764 bominem
826 3702 914 3781 adju·
1007 3704 1058 3766 Sic
1071 3705 1236 3766 concilium
1251 3704 1429 3765 Airieamm
1441 3704 1464 3778 ⁸,
1479 3706 1563 3789 quod
1582 3706 1733 3768 Milevita·

138 3819 233 3871 rans,
258 3793 916 3869 utdeelinctamaio,etfacietbonum,non
966 3813 1043 3857 num
1067 3814 1232 3876 perperam
1259 3796 1384 3857 inscribi
1417 3797 1513 3869 solet,
1543 3814 1661 3857 rarione
1689 3814 1732 3858 rr.

141 3894 247 3954 solum
269 3887 448 3958 revelando,
477 3891 509 3946 et
536 3886 725 3946 ostendendo
752 3884 828 3964 quid
850 3885 918 3944 fieri
971 3912 985 3940 ε
1000 3887 1146 3966 Quisquis
1159 3888 1284 3961 dixerit,
1298 3888 1422 3966 inquit,
1440 3887 1583 3949 eamdem
1603 3886 1734 3965 gratiam

142 3984 268 4057 debeat,
284 3979 338 4040 sed
355 3979 449 4039 etiam
464 3977 667 4056 cooperando,
678 3980 709 4036 et
721 3975 917 4036 dilectionem
966 3979 1094 4057 Dei,per
1106 3980 1215 4040 desum
1228 3979 1385 4038 Christum
1398 3977 1571 4041 Dominum
1578 3985 1732 4055 nasutum,

142 4072 386 4155 inspirandum
398 4070 429 4131 id
440 4068 525 4147 quod
535 4067 711 4129 iaciendum
725 4085 789 4127 esse
803 4082 918 4142 cogno-
966 4075 1092 4149 propter
1114 4070 1174 4130 hoc
1199 4074 1323 4131 tantum
1356 4087 1413 4129 nos
1435 4069 1581 4148 adjuvare
1608 4071 1648 4131 ad
1669 4087 1734 4133 non

144 4167 239 4241 res-it,
267 4159 415 4224 aetatis
435 4161 519 4238 Ergo
532 4159 603 4219 talis
629 4158 669 4218 ab
695 4158 749 4219 illo
771 4158 919 4219 definitur
966 4163 1168 4240 peccandum,
1182 4161 1255 4240 quia
1270 4180 1326 4240 per
1344 4161 1444 4241 ipsam
1464 4161 1554 4222 nobis
1567 4161 1732 4241 revelatur,

142 4257 258 4321 Cirristi
280 4255 390 4330 gratie,
420 4269 490 4332 quaa
515 4268 581 4310 non
607 4250 709 4310 solum
728 4250 919 4310 demonstrat
966 4257 997 4313 et
1011 4252 1361 4333 aperiturintelligentia
1375 4252 1735 4330 mandatorumutseia·

143 4351 223 4431 quid
240 4348 345 4409 lacere
367 4349 528 4424 oporteat3
554 4340 606 4403 sed
630 4342 723 4402 etiam
743 4341 869 4419 adjuvat
883 4346 919 4400 ut
966 4361 1036 4403 miss
1060 4344 1134 4424 quid
1154 4349 1309 4424 appetere,
1330 4344 1405 4423 quid
1428 4344 1733 4419 vitare-debeamus;

143 4438 338 4521 possitiieri.
967 4441 1148 4495 nouantem
1162 4435 1314 4515 perillam
1327 4435 1418 4495 nobis
1431 4436 1588 4514 praestari,
1604 4436 1736 4514 utquod
1790 4443 1796 4455 '

185 4533 225 4592 Et
237 4533 273 4592 in
284 4529 366 4591 libro
379 4528 417 4588 de
429 4523 552 4605 Spiritu
564 4532 591 4585 e!
605 4523 833 4612 Litterccapito
842 4538 914 4593 xxv,
965 4527 1143 4587 laciendum
1156 4527 1402 4605 cognoverimus,
1415 4528 1509 4587 etiam
1518 4527 1617 4588 iacere
1627 4528 1736 4611 diliga-

143 4623 184 4684 de
201 4621 329 4695 veteris,
348 4638 385 4680 ac
396 4617 472 4678 novi
484 4615 671 4677 Testamenti
687 4614 871 4688 differentia,
887 4619 919 4674 et
968 4636 1049 4692 mus,
1065 4624 1157 4697 atque
1176 4619 1344 4686 valeamus,
1370 4619 1535 4683 anathema
1552 4620 1602 4680 sit.
1619 4640 1631 4677 ι
1658 4620 1736 4681 Vide

144 4716 311 4792 utriusque
325 4707 639 4791 proprioadjumento
652 4706 801 4784 loquens:
817 4707 919 4766 «Cum
966 4714 1002 4769 ut
1033 4711 1166 4787 gratiam
1191 4711 1304 4770 Christi
1330 4710 1424 4771 talem
1459 4712 1645 4787 constituat,
1675 4730 1737 4795 qua

143 4805 244 4881 igitur
256 4805 326 4864 hec
339 4804 501 4881 appareat,
515 4799 632 4877 inquit,
648 4797 793 4858 distantia
805 4797 919 4859 veteris
966 4801 1114 4862 mandata
1127 4820 1249 4862 servare
1267 4802 1332 4875 usi,
1348 4808 1379 4863 et
1392 4803 1513 4882 operari
1526 4802 1694 4864 valeamus.

143 4895 265 4958 etnam
289 4890 497 4966 Testamenti,
511 4890 593 4969 quud
606 4889 657 4951 lex
674 4888 719 4949 ibi
736 4888 770 4949 in
793 4888 916 4961 tabulis,
1007 4892 1067 4954 Sed
1082 4893 1204 4954 infinita
1217 4912 1312 4973 prope
1320 4900 1366 4954 est
1377 4893 1528 4954 similium
1541 4895 1734 4956 testimonio-

144 4988 197 5049 bic
209 4989 246 5047 in
260 4984 406 5046 cordibus
419 4981 576 5056 serihuun
592 4984 628 5040 ut
641 4980 725 5059 quod
739 4979 919 5040 ibiforinse-
965 5001 1037 5043 rum
1052 4984 1155 5063 copia,
1172 4990 1236 5046 tam
1251 4986 1334 5063 apud
1348 4984 1577 5064 hugssstinum,
1593 5004 1688 5065 qurum
1703 4987 1737 5046 in

145 5098 204 5140 cass
217 5082 314 5140 terret
326 5077 378 5137 hie
389 5073 519 5135 delectet
538 5073 737 5145 intrinsecum
751 5070 855 5149 ibique
864 5071 919 5131 flat
966 5076 1120 5153 Prosperi,
1135 5076 1331 5154 aliorumque
1348 5075 1436 5135 libris
1449 5121 1456 5149 ,
1473 5076 1526 5154 qui
1540 5076 1736 5155 Pelagionam

146 5170 371 5252 mundator
397 5183 455 5245 per
477 5163 667 5224 occidentem
689 5163 844 5235 litteram
866 5161 917 5221 bie
965 5166 1109 5225 baeresim
1124 5173 1355 5246 oppugnarunt,
1380 5185 1415 5227 ae
1437 5167 1475 5227 de
1497 5166 1609 5227 Christi
1636 5166 1735 5245 gratia
1780 5158 1787 5172 '

145 5252 918 5338 dileetorpervirifieantemspiritum;nonideodi-
966 5259 1167 5318 commentati
1180 5264 1262 5319 sunt.

171 5462 184 5504 i
201 5459 258 5513 Cap.
272 5469 292 5501 rs
303 5466 326 5501 st
336 5468 364 5501 ιι
375 5463 397 5500 et
408 5453 520 5498 aliis-2
531 5452 563 5498 ib.
571 5465 592 5500 c.
603 5453 686 5496 rv.-.⁰›
699 5452 752 5495 lide
762 5463 782 5495 e.
792 5463 819 5496 ιιι
826 5458 849 5494 et
858 5452 953 5505 sag-l
966 5452 997 5498 ib.
1011 5467 1030 5499 c.
1041 5468 1103 5501 ιιι-
1115 5458 1128 5499 t
1141 5458 1202 5501 Tora.
1217 5455 1225 5498 l
1238 5457 1303 5500 Cone.
