4136 6178
319 533 456 624 impuri,
476 551 515 603 ac
529 531 685 603 maledici
706 554 714 600 :
732 529 856 621 quibus
876 537 909 599 ot
926 548 962 599 ee
990 522 1123 619 pristini
1143 527 1177 597 in
1199 529 1325 599 erroris
1344 528 1568 600 obfirmarunt
1588 529 1737 617 insania;
1760 532 1843 603 etin
1872 542 1905 603 te

319 655 574 736 contumeliose,
605 675 644 725 ac
672 652 862 744 petulanter
889 651 1011 721 invecti
1048 659 1136 721 sunt.
1165 650 1252 722 Nam
1284 651 1414 734 deme,
1437 654 1903 743 quemtecumallatrarunt,

319 775 425 849 levior
444 784 495 848 est
512 772 668 868 querela;
691 772 744 847 cui
765 770 903 867 quidem
923 770 1135 863 gloriandum
1169 772 1272 844 etiam
1310 783 1372 857 est,
1395 775 1444 845 uti
1483 790 1585 846 causa
1610 772 1672 848 tibi
1706 774 1906 868 coniunctus

319 899 462 982 fueram,
484 894 532 969 sic
552 898 696 989 injuriae,
721 896 972 987 tolerantiaque
988 894 1178 966 consortem
1198 890 1284 965 fieri.

370 1023 501 1094 Horum
530 1021 695 1092 librorum
723 1040 812 1091 unus
842 1028 912 1103 est,
942 1038 1045 1110 quem
1073 1018 1127 1089 isti
1153 1016 1341 1089 secundnm
1371 1015 1626 1110 Apologeticum
1663 1020 1909 1112 inscripserunt

319 1144 469 1235 iprensis
488 1141 678 1234 Augustini,
700 1143 736 1212 in
756 1163 824 1234 qno
839 1140 1035 1223 iracundiae,
1051 1160 1089 1211 ac
1108 1139 1354 1211 maledicentiae
1365 1160 1433 1212 suae
1442 1141 1515 1212 vela
1533 1141 1665 1232 plenius
1679 1142 1906 1233 explicarunt:

319 1275 353 1357 et
379 1265 579 1338 nominatim
597 1264 736 1336 infanda
755 1264 812 1335 illa
842 1273 960 1336 contra
979 1271 1127 1334 veterem
1159 1261 1289 1353 legem,
1312 1283 1385 1355 quae
1409 1271 1479 1335 ate
1508 1266 1707 1355 praesertim,
1739 1265 1798 1337 sed
1827 1275 1861 1339 ot
1888 1290 1908 1338 a

317 1388 448 1479 meipso
475 1396 589 1459 notata
619 1397 716 1459 erant
735 1395 768 1458 et
786 1386 958 1472 convicta;
980 1380 1110 1476 majore
1129 1380 1254 1456 fiducia
1286 1394 1551 1478 resumpserunt.
1582 1387 1811 1474 Quamobrem
1829 1409 1906 1463 cum

317 1506 386 1582 haec
402 1511 444 1581 ab
469 1506 537 1597 illis¹
552 1510 739 1581 instaurata
758 1510 793 1579 in
813 1517 986 1580 auctorem
1008 1504 1090 1600 legis
1111 1509 1220 1580 Deum
1241 1509 1447 1581 contumelia
1465 1502 1546 1580 ferri
1568 1510 1657 1580 ultra
1689 1531 1757 1582 non
1778 1521 1902 1602 posset,

317 1641 418 1725 atque
439 1633 481 1703 ad
501 1632 591 1703 illius
605 1632 910 1724 propugnationem
934 1631 1073 1703 omnino
1093 1626 1231 1723 aggredi
1247 1631 1491 1717 decrevissem;
1513 1632 1614 1724 selegi
1630 1652 1670 1703 ex
1689 1631 1906 1725 Apologetico

317 1757 380 1826 isto
399 1754 509 1847 capita
528 1752 681 1846 quadam
701 1755 742 1825 ad
764 1754 975 1846 propositum
1014 1754 1095 1825 mihi
1125 1763 1361 1845 argumentum
1392 1754 1590 1846 spectantia,
1613 1775 1686 1846 qna
1704 1754 1904 1828 relellerem.

315 1875 366 1946 Ea
385 1877 508 1968 quibus
528 1878 715 1949 conlectam
735 1872 822 1948 hanc
855 1875 1121 1969 disputationem
1150 1872 1322 1968 aliquanto
1351 1877 1440 1968 apud
1469 1896 1524 1950 me
1553 1886 1705 1968 tempore
1725 1879 1904 1950 continui:

317 1996 463 2091 experiri
472 1994 601 2084 volens,
619 1996 740 2092 ecquid
755 1996 1098 2091 interquiescentibus
1110 1997 1209 2070 nobis
1221 2008 1332 2071 tacere
1351 2008 1502 2091 possent,
1516 2020 1554 2070 ac
1569 2000 1667 2071 flatus
1678 2002 1905 2074 remitterent:

316 2142 394 2193 cnm
426 2122 563 2215 quidem
596 2121 832 2213 intelligerem,
870 2122 1013 2213 perinde
1041 2131 1142 2213 atque
1175 2114 1303 2193 ferrum
1336 2123 1452 2193 attritu
1473 2122 1558 2194 cotis
1577 2123 1721 2207 acuitur,
1748 2134 1806 2196 aut
1824 2125 1905 2197 flatu

316 2240 493 2315 ventilatus
512 2242 598 2335 ignis
613 2245 787 2328 accrescit,
808 2245 855 2315 ita
874 2244 1075 2337 confligendi
1089 2246 1326 2336 perpetuitate,
1344 2244 1423 2330 litis,
1442 2253 1476 2317 et
1494 2246 1573 2317 rixae
1592 2246 1734 2337 cupidos
1751 2247 1907 2323 homines

316 2364 546 2457 implacabiles
562 2364 672 2438 reddi.

366 2487 433 2559 Sed
453 2509 530 2560 cum
548 2509 603 2561 me
623 2510 700 2581 spes
715 2491 778 2561 ista
792 2509 868 2560 mea
887 2485 1070 2570 fefellisset,
1093 2507 1132 2558 ac
1153 2474 1347 2580 frequentes
1371 2489 1413 2559 ab
1433 2490 1499 2561 illis
1517 2492 1628 2583 spargi
1651 2492 1756 2564 libros
1770 2493 1906 2566 interim

317 2608 634 2692 animadverterem,
657 2613 780 2704 quibus
813 2611 978 2703 dogmatis
1009 2609 1061 2679 sui
1094 2610 1294 2700 particulam
1313 2631 1448 2702 semper
1480 2613 1628 2705 aliquam
1649 2615 1906 2689 vendibiliorem

317 2730 479 2819 facerent,
501 2732 590 2804 haud
621 2736 765 2827 amplius
785 2732 1013 2806 cunctandum
1046 2734 1172 2823 putavi,
1195 2734 1277 2825 quin
1307 2754 1347 2805 ea
1374 2732 1575 2826 proferrem,
1598 2758 1671 2829 qnae
1691 2740 1851 2829 reposita,
1874 2750 1909 2812 et

317 2865 434 2946 parata
467 2855 537 2948 jam
565 2854 741 2929 habebam.
772 2855 822 2927 lld
861 2855 895 2926 id
928 2875 1008 2927 vero
1048 2857 1216 2946 praecipue
1245 2876 1300 2928 me
1328 2856 1460 2932 insulsi.
1496 2866 1530 2930 et
1566 2858 1693 2951 illepidi
1732 2861 1907 2953 scriptoris

316 2972 498 3070 indignitas
535 2980 725 3083 excitavitg
746 2980 803 3071 qni
836 2978 1001 3069 longiore,
1034 2987 1072 3048 ut
1104 2988 1255 3070 apparet,
1284 2979 1484 3070 impunitate
1521 2981 1745 3055 confidentior
1777 2984 1904 3069 factus,

316 3098 507 3193 irrumpere
522 3111 573 3173 est
591 3123 691 3174 ausus
712 3104 747 3173 in
771 3100 937 3183 medium,
956 3109 989 3172 et
1014 3111 1113 3172 sectae
1132 3101 1323 3172 communis
1342 3101 1514 3194 injuriam,
1545 3103 1637 3188 odio,
1660 3125 1698 3176 ac
1717 3105 1909 3197 pestilentia

316 3218 394 3294 libri
423 3224 599 3317 cujusdam
638 3246 747 3318 nuper
784 3235 834 3297 est
866 3224 978 3311 ultus3
1015 3244 1117 3317 quem
1146 3223 1209 3295 sub
1244 3224 1405 3296 ementito
1435 3225 1603 3298 vincentii
1642 3227 1742 3299 Lenis
1770 3230 1907 3302 nomine

317 3346 513 3438 divulgavit;
543 3357 669 3419 utnon
694 3358 762 3419 tam
783 3347 825 3418 ad
844 3355 942 3418 sectae
962 3346 1106 3418 labantis
1129 3345 1245 3417 ruinas
1269 3345 1473 3434 fulciendas;
1496 3369 1597 3441 quam
1618 3350 1660 3421 ad
1680 3350 1793 3423 saculi
1806 3351 1908 3444 hujus

317 3465 548 3542 infelicitatem
568 3469 812 3542 nobilitandam
833 3470 895 3541 iste
915 3468 1070 3541 cumulus
1091 3467 1279 3541 accederet.
1300 3468 1351 3539 Ab
1370 3469 1433 3541 bac
1454 3490 1533 3560 ergo
1555 3473 1748 3545 velitatione
1772 3494 1905 3558 recens,

317 3600 351 3663 ut
380 3591 415 3662 in
444 3592 621 3684 procinctu
650 3593 759 3665 adbuc
788 3592 917 3684 positus
945 3589 1139 3683 (siquidem
1172 3600 1206 3661 et
1237 3592 1301 3662 istc
1325 3591 1543 3682 frangendus,
1566 3615 1604 3665 ac
1638 3594 1702 3666 levi
1722 3598 1907 3669 certamine

315 3714 547 3786 conficiendus
558 3716 668 3788 obiter
681 3714 766 3809 fnit)
785 3715 868 3786 verti
880 3734 934 3785 me
945 3712 986 3783 ad
1008 3733 1096 3796 eam,
1111 3734 1212 3805 quam
1228 3712 1309 3797 diri,
1332 3722 1451 3785 contra
1459 3713 1667 3790 Armacanos
1681 3719 1907 3791 accurandam

313 3834 584 3909 dissertationem
604 3837 647 3909 de
676 3838 748 3928 lege
777 3837 937 3919 Mosaica,
973 3844 1006 3909 et
1030 3835 1147 3926 gratia.
1181 3832 1279 3922 Quod
1310 3856 1394 3927 opus
1423 3845 1522 3909 antea
1553 3839 1614 3910 tibi
1651 3849 1685 3912 et
1716 3842 1838 3925 amico,
1874 3852 1909 3913 et

312 3953 442 4030 doctori
474 3957 627 4052 theologo
660 3960 887 4041 destinatum,
923 3954 1142 4028 nuncetiam
1185 3960 1346 4050 episcopo
1381 3963 1583 4051 nuncupavi.
1617 3962 1666 4033 Tu
1704 3963 1768 4035 hoc
1800 3983 1904 4047 vero,

311 4082 559 4173 qualecumque
587 4092 637 4154 est
652 4082 802 4154 oblatum
822 4081 881 4152 tibi
911 4100 1048 4160 munus,
1069 4079 1120 4150 vel
1142 4089 1179 4151 nt
1198 4080 1326 4152 amicus
1341 4079 1446 4172 (nam
1466 4084 1552 4153 etin
1578 4104 1618 4156 eo
1637 4103 1854 4175 perseverare
1874 4095 1906 4157 te

310 4202 405 4296 scio)
426 4223 595 4295 propenso
611 4225 650 4277 ac
670 4204 833 4276 benevolo
850 4203 963 4274 animo
982 4202 1096 4295 capies
1117 4226 1125 4272 :
1145 4201 1209 4286 vel,
1230 4212 1268 4273 ut
1289 4202 1523 4294 theologorum
1539 4205 1665 4277 arbiter
1679 4215 1713 4277 et
1730 4208 1902 4298 magister,

309 4322 352 4395 de
374 4346 414 4397 eo
435 4325 550 4419 (quod
571 4348 634 4399 nec
655 4329 727 4420 ipse
746 4326 892 4419 recuso)
910 4325 1078 4418 judicium
1093 4323 1181 4397 feres
1196 4349 1203 4394 :
1220 4324 1271 4396 vel
1292 4333 1329 4396 ut
1343 4326 1535 4419 episcopus,
1557 4324 1706 4419 idipsum
1720 4349 1803 4400 mea
1822 4330 1857 4399 in
1872 4339 1906 4400 te

308 4456 491 4538 perpetuae,
515 4470 553 4521 ac
573 4449 752 4542 singularis
773 4449 994 4522 observantiae
1008 4447 1268 4532 monimentum,
1289 4448 1454 4540 etpignns
1468 4451 1554 4543 aqui
1574 4450 1722 4543 bonique
1737 4450 1904 4534 consules,

407 4619 642 4693 lllustrissima
660 4642 699 4694 ac
715 4620 1016 4694 Reverendissimae
1035 4617 1074 4690 Α.
1097 4619 1132 4691 Τ.

1186 4788 1445 4863 llevotissimus
1466 4792 1640 4865 Dtorvvsrus
1658 4790 1829 4867 Pnrnvvus.
