<?xml version="1.0" encoding="UTF-8"?>
<!DOCTYPE html PUBLIC "-//W3C//DTD XHTML 1.0 Transitional//EN"
    "http://www.w3.org/TR/xhtml1/DTD/xhtml1-transitional.dtd">
<html xmlns="http://www.w3.org/1999/xhtml" xml:lang="en" lang="en">
 <head>
  <title>
</title>
<meta http-equiv="Content-Type" content="text/html;charset=utf-8" />
  <meta name='ocr-system' content='tesseract 3.04.00' />
  <meta name='ocr-capabilities' content='ocr_page ocr_carea ocr_par ocr_line ocrx_word'/>
</head>
<body>
  <div class='ocr_page' id='page_1' title='image "./dogmatatheologi00unkngoog_0053.png"; bbox 0 0 4136 6178; ppageno 0'>
   <div class='ocr_carea' id='block_1_1' title="bbox 158 2482 261 2580">
    <p class='ocr_par' dir='ltr' id='par_1_1' title="bbox 158 2482 261 2580">
     <span class='ocr_line' id='line_1_1' title="bbox 184 2482 237 2533; baseline -0.019 -8"><span class='ocrx_word' id='word_1_1' title='bbox 184 2482 237 2533; x_wconf 74' lang='lat' dir='ltr'>Qun</span> 
     </span>
     <span class='ocr_line' id='line_1_2' title="bbox 158 2533 261 2580; baseline -0.019 0"><span class='ocrx_word' id='word_1_2' title='bbox 158 2536 186 2580; x_wconf 88' lang='lat' dir='ltr'>dc</span> <span class='ocrx_word' id='word_1_3' title='bbox 195 2533 261 2578; x_wconf 79' lang='lat' dir='ltr'>reteri</span> 
     </span>
    </p>
   </div>
   <div class='ocr_carea' id='block_1_2' title="bbox 289 267 1374 337">
    <p class='ocr_par' dir='ltr' id='par_1_2' title="bbox 289 267 1374 337">
     <span class='ocr_line' id='line_1_3' title="bbox 289 267 1374 337; baseline -0.004 -2"><span class='ocrx_word' id='word_1_4' title='bbox 289 273 331 335; x_wconf 77' lang='lat' dir='ltr'>to</span> <span class='ocrx_word' id='word_1_5' title='bbox 808 268 1132 337; x_wconf 75' lang='lat' dir='ltr'>Tanemoinouuat</span> <span class='ocrx_word' id='word_1_6' title='bbox 1156 267 1374 333; x_wconf 74' lang='lat' dir='ltr'>manarant</span> 
     </span>
    </p>
   </div>
   <div class='ocr_carea' id='block_1_3' title="bbox 292 426 1893 1256">
    <p class='ocr_par' dir='ltr' id='par_1_3' title="bbox 292 426 1893 1256">
     <span class='ocr_line' id='line_1_4' title="bbox 292 426 1886 522; baseline -0.004 -20"><span class='ocrx_word' id='word_1_7' title='bbox 292 448 357 502; x_wconf 82' lang='lat' dir='ltr'>tam</span> <span class='ocrx_word' id='word_1_8' title='bbox 383 445 527 516; x_wconf 70' lang='lat' dir='ltr'>summm,</span> <span class='ocrx_word' id='word_1_9' title='bbox 545 440 708 518; x_wconf 67' lang='lat' dir='ltr'>jactasset</span> <span class='ocrx_word' id='word_1_10' title='bbox 732 437 838 500; x_wconf 71' lang='lat' dir='ltr'>loom</span> <span class='ocrx_word' id='word_1_11' title='bbox 853 438 886 502; x_wconf 86' lang='lat'>¹:</span> <span class='ocrx_word' id='word_1_12' title='bbox 912 445 1067 522; x_wconf 89' lang='lat' dir='ltr'>quatenus</span> <span class='ocrx_word' id='word_1_13' title='bbox 1116 447 1172 502; x_wconf 90' lang='lat' dir='ltr'>aut</span> <span class='ocrx_word' id='word_1_14' title='bbox 1190 440 1305 515; x_wconf 88' lang='lat' dir='ltr'>noxia,</span> <span class='ocrx_word' id='word_1_15' title='bbox 1322 435 1535 519; x_wconf 76' lang='lat' dir='ltr'>impedientia,</span> <span class='ocrx_word' id='word_1_16' title='bbox 1560 426 1616 497; x_wconf 85' lang='lat' dir='ltr'>aut</span> <span class='ocrx_word' id='word_1_17' title='bbox 1636 434 1815 514; x_wconf 85' lang='lat' dir='ltr'>adjuvantia</span> <span class='ocrx_word' id='word_1_18' title='bbox 1839 435 1886 496; x_wconf 86' lang='lat' dir='ltr'>di·</span> 
     </span>
     <span class='ocr_line' id='line_1_5' title="bbox 292 527 1891 611; baseline -0.004 -18"><span class='ocrx_word' id='word_1_19' title='bbox 292 531 408 600; x_wconf 86' lang='lat' dir='ltr'>scilicct</span> <span class='ocrx_word' id='word_1_20' title='bbox 421 536 584 611; x_wconf 89' lang='lat' dir='ltr'>peccatum</span> <span class='ocrx_word' id='word_1_21' title='bbox 604 530 732 609; x_wconf 77' lang='lat' dir='ltr'>detegit,</span> <span class='ocrx_word' id='word_1_22' title='bbox 747 535 779 592; x_wconf 89' lang='lat' dir='ltr'>et</span> <span class='ocrx_word' id='word_1_23' title='bbox 798 530 838 592; x_wconf 92' lang='lat' dir='ltr'>ab</span> <span class='ocrx_word' id='word_1_24' title='bbox 865 551 902 594; x_wconf 92' lang='lat' dir='ltr'>eo</span> <span class='ocrx_word' id='word_1_25' title='bbox 925 533 1067 595; x_wconf 76' lang='lat' dir='ltr'>commit</span> <span class='ocrx_word' id='word_1_26' title='bbox 1116 538 1238 594; x_wconf 87' lang='lat' dir='ltr'>cuntur.</span> <span class='ocrx_word' id='word_1_27' title='bbox 1256 530 1555 610; x_wconf 85' lang='lat' dir='ltr'>Christusipae,quo</span> <span class='ocrx_word' id='word_1_28' title='bbox 1573 527 1791 605; x_wconf 88' lang='lat' dir='ltr'>nihilmelius,</span> <span class='ocrx_word' id='word_1_29' title='bbox 1808 527 1891 588; x_wconf 90' lang='lat' dir='ltr'>nihil</span> 
     </span>
     <span class='ocr_line' id='line_1_6' title="bbox 293 618 1889 703; baseline -0.004 -17"><span class='ocrx_word' id='word_1_30' title='bbox 293 624 387 686; x_wconf 85' lang='lat' dir='ltr'>tando</span> <span class='ocrx_word' id='word_1_31' title='bbox 405 623 507 703; x_wconf 89' lang='lat' dir='ltr'>quoad</span> <span class='ocrx_word' id='word_1_32' title='bbox 533 628 635 703; x_wconf 89' lang='lat' dir='ltr'>potest</span> <span class='ocrx_word' id='word_1_33' title='bbox 661 622 822 685; x_wconf 80' lang='lat' dir='ltr'><strong>absterret.</strong></span> <span class='ocrx_word' id='word_1_34' title='bbox 846 624 935 699; x_wconf 84' lang='lat' dir='ltr'>Quod</span> <span class='ocrx_word' id='word_1_35' title='bbox 961 631 1067 687; x_wconf 88' lang='lat' dir='ltr'>autem</span> <span class='ocrx_word' id='word_1_36' title='bbox 1116 625 1262 701; x_wconf 87' lang='lat' dir='ltr'>sanctius,</span> <span class='ocrx_word' id='word_1_37' title='bbox 1276 623 1408 684; x_wconf 83' lang='lat' dir='ltr'>nihilex</span> <span class='ocrx_word' id='word_1_38' title='bbox 1421 638 1487 682; x_wconf 87' lang='lat' dir='ltr'>sese</span> <span class='ocrx_word' id='word_1_39' title='bbox 1501 619 1695 682; x_wconf 76' lang='lat' dir='ltr'>commodius</span> <span class='ocrx_word' id='word_1_40' title='bbox 1717 624 1763 681; x_wconf 87' lang='lat' dir='ltr'>est</span> <span class='ocrx_word' id='word_1_41' title='bbox 1785 618 1889 680; x_wconf 88' lang='lat' dir='ltr'>homi-</span> 
     </span>
     <span class='ocr_line' id='line_1_7' title="bbox 294 711 1889 797; baseline -0.005 -18"><span class='ocrx_word' id='word_1_42' title='bbox 294 716 486 779; x_wconf 86' lang='lat' dir='ltr'>occasionem</span> <span class='ocrx_word' id='word_1_43' title='bbox 500 714 674 777; x_wconf 85' lang='lat' dir='ltr'>illaeadem</span> <span class='ocrx_word' id='word_1_44' title='bbox 696 715 910 795; x_wconf 82' lang='lat' dir='ltr'>dehnqucndi.</span> <span class='ocrx_word' id='word_1_45' title='bbox 926 719 1068 797; x_wconf 83' lang='lat' dir='ltr'>praebue·</span> <span class='ocrx_word' id='word_1_46' title='bbox 1117 735 1195 779; x_wconf 93' lang='lat' dir='ltr'>num</span> <span class='ocrx_word' id='word_1_47' title='bbox 1228 717 1350 792; x_wconf 71' lang='lat' dir='ltr'>generi,</span> <span class='ocrx_word' id='word_1_48' title='bbox 1379 720 1485 776; x_wconf 87' lang='lat' dir='ltr'>tamen</span> <span class='ocrx_word' id='word_1_49' title='bbox 1518 712 1628 792; x_wconf 84' lang='lat' dir='ltr'>majori</span> <span class='ocrx_word' id='word_1_50' title='bbox 1659 711 1775 773; x_wconf 86' lang='lat' dir='ltr'>horum</span> <span class='ocrx_word' id='word_1_51' title='bbox 1808 712 1889 791; x_wconf 89' lang='lat' dir='ltr'>parti</span> 
     </span>
     <span class='ocr_line' id='line_1_8' title="bbox 296 804 1891 886; baseline -0.001 -20"><span class='ocrx_word' id='word_1_52' title='bbox 296 807 350 880; x_wconf 88' lang='lat' dir='ltr'>rit,</span> <span class='ocrx_word' id='word_1_53' title='bbox 376 806 408 866; x_wconf 92' lang='lat' dir='ltr'>id</span> <span class='ocrx_word' id='word_1_54' title='bbox 422 823 461 866; x_wconf 83' lang='lat' dir='ltr'>ex</span> <span class='ocrx_word' id='word_1_55' title='bbox 478 804 641 880; x_wconf 89' lang='lat' dir='ltr'>accidenti,</span> <span class='ocrx_word' id='word_1_56' title='bbox 658 810 833 884; x_wconf 70' lang='lat' dir='ltr'>praeterque</span> <span class='ocrx_word' id='word_1_57' title='bbox 856 804 945 884; x_wconf 82' lang='lat' dir='ltr'>legis,</span> <span class='ocrx_word' id='word_1_58' title='bbox 970 812 1002 867; x_wconf 87' lang='lat' dir='ltr'>et</span> <span class='ocrx_word' id='word_1_59' title='bbox 1022 808 1067 867; x_wconf 92' lang='lat' dir='ltr'>la·</span> <span class='ocrx_word' id='word_1_60' title='bbox 1120 810 1271 871; x_wconf 87' lang='lat' dir='ltr'>damnum</span> <span class='ocrx_word' id='word_1_61' title='bbox 1289 810 1378 870; x_wconf 83' lang='lat' dir='ltr'>affert</span> <span class='ocrx_word' id='word_1_62' title='bbox 1391 825 1426 868; x_wconf 89' lang='lat' dir='ltr'>ac</span> <span class='ocrx_word' id='word_1_63' title='bbox 1442 805 1610 886; x_wconf 84' lang='lat' dir='ltr'>perniciem</span> <span class='ocrx_word' id='word_1_64' title='bbox 1625 824 1632 866; x_wconf 93' lang='lat'><strong>:</strong></span> <span class='ocrx_word' id='word_1_65' title='bbox 1645 822 1743 882; x_wconf 89' lang='lat' dir='ltr'>usque</span> <span class='ocrx_word' id='word_1_66' title='bbox 1763 804 1839 865; x_wconf 87' lang='lat' dir='ltr'>adeo</span> <span class='ocrx_word' id='word_1_67' title='bbox 1853 808 1891 864; x_wconf 89' lang='lat' dir='ltr'>nt</span> 
     </span>
     <span class='ocr_line' id='line_1_9' title="bbox 297 895 1891 983; baseline -0.003 -24"><span class='ocrx_word' id='word_1_68' title='bbox 297 898 372 959; x_wconf 89' lang='lat' dir='ltr'>toris</span> <span class='ocrx_word' id='word_1_69' title='bbox 395 897 461 976; x_wconf 90' lang='lat' dir='ltr'>ejus</span> <span class='ocrx_word' id='word_1_70' title='bbox 474 901 610 958; x_wconf 87' lang='lat' dir='ltr'>mentem</span> <span class='ocrx_word' id='word_1_71' title='bbox 624 896 767 958; x_wconf 88' lang='lat' dir='ltr'>accidisse</span> <span class='ocrx_word' id='word_1_72' title='bbox 788 897 963 961; x_wconf 85' lang='lat' dir='ltr'>confirmat.</span> <span class='ocrx_word' id='word_1_73' title='bbox 980 900 1070 973; x_wconf 86' lang='lat' dir='ltr'>Quod</span> <span class='ocrx_word' id='word_1_74' title='bbox 1124 902 1157 963; x_wconf 81' lang='lat' dir='ltr'>in</span> <span class='ocrx_word' id='word_1_75' title='bbox 1170 902 1288 963; x_wconf 69' lang='lat' dir='ltr'>rotham</span> <span class='ocrx_word' id='word_1_76' title='bbox 1299 900 1412 983; x_wconf 65' lang='lat' dir='ltr'>posim</span> <span class='ocrx_word' id='word_1_77' title='bbox 1423 895 1614 975; x_wconf 56' lang='lat' dir='ltr'>multorum,</span> <span class='ocrx_word' id='word_1_78' title='bbox 1635 897 1674 957; x_wconf 87' lang='lat' dir='ltr'>ab</span> <span class='ocrx_word' id='word_1_79' title='bbox 1698 895 1891 974; x_wconf 80' lang='lat' dir='ltr'>Evangelista</span> 
     </span>
     <span class='ocr_line' id='line_1_10' title="bbox 300 986 1892 1072; baseline -0.002 -21"><span class='ocrx_word' id='word_1_80' title='bbox 300 990 326 1051; x_wconf 90' lang='lat' dir='ltr'>si</span> <span class='ocrx_word' id='word_1_81' title='bbox 338 989 390 1051; x_wconf 84' lang='lat' dir='ltr'>lex</span> <span class='ocrx_word' id='word_1_82' title='bbox 403 989 440 1050; x_wconf 86' lang='lat' dir='ltr'>ad</span> <span class='ocrx_word' id='word_1_83' title='bbox 455 989 488 1049; x_wconf 94' lang='lat' dir='ltr'>id</span> <span class='ocrx_word' id='word_1_84' title='bbox 510 989 700 1065; x_wconf 77' lang='lat' dir='ltr'>hortaretur,</span> <span class='ocrx_word' id='word_1_85' title='bbox 729 995 761 1050; x_wconf 88' lang='lat' dir='ltr'>et</span> <span class='ocrx_word' id='word_1_86' title='bbox 787 990 970 1070; x_wconf 86' lang='lat' dir='ltr'>impelleret,</span> <span class='ocrx_word' id='word_1_87' title='bbox 986 990 1070 1070; x_wconf 92' lang='lat' dir='ltr'>quod</span> <span class='ocrx_word' id='word_1_88' title='bbox 1120 994 1252 1055; x_wconf 88' lang='lat' dir='ltr'>dicatur.</span> <span class='ocrx_word' id='word_1_89' title='bbox 1268 995 1305 1054; x_wconf 86' lang='lat' dir='ltr'>Et</span> <span class='ocrx_word' id='word_1_90' title='bbox 1326 991 1529 1072; x_wconf 88' lang='lat' dir='ltr'>aPropheta,</span> <span class='ocrx_word' id='word_1_91' title='bbox 1555 990 1588 1050; x_wconf 84' lang='lat' dir='ltr'>in</span> <span class='ocrx_word' id='word_1_92' title='bbox 1613 987 1740 1069; x_wconf 76' lang='lat' dir='ltr'>lapidem</span> <span class='ocrx_word' id='word_1_93' title='bbox 1753 986 1892 1068; x_wconf 75' lang='lat' dir='ltr'>offensib-</span> 
     </span>
     <span class='ocr_line' id='line_1_11' title="bbox 298 1078 1892 1165; baseline -0.003 -22"><span class='ocrx_word' id='word_1_94' title='bbox 298 1081 428 1158; x_wconf 89' lang='lat' dir='ltr'>malum,</span> <span class='ocrx_word' id='word_1_95' title='bbox 443 1099 480 1142; x_wconf 89' lang='lat' dir='ltr'>ac</span> <span class='ocrx_word' id='word_1_96' title='bbox 492 1081 640 1142; x_wconf 84' lang='lat' dir='ltr'>vitiosum</span> <span class='ocrx_word' id='word_1_97' title='bbox 653 1085 716 1156; x_wconf 90' lang='lat' dir='ltr'>est;</span> <span class='ocrx_word' id='word_1_98' title='bbox 730 1087 805 1142; x_wconf 91' lang='lat' dir='ltr'>tunc</span> <span class='ocrx_word' id='word_1_99' title='bbox 821 1100 930 1143; x_wconf 84' lang='lat' dir='ltr'>revera</span> <span class='ocrx_word' id='word_1_100' title='bbox 942 1083 993 1143; x_wconf 88' lang='lat' dir='ltr'>lex</span> <span class='ocrx_word' id='word_1_101' title='bbox 1003 1100 1069 1163; x_wconf 86' lang='lat' dir='ltr'>pee-</span> <span class='ocrx_word' id='word_1_102' title='bbox 1119 1083 1195 1162; x_wconf 79' lang='lat' dir='ltr'>nis⁷,</span> <span class='ocrx_word' id='word_1_103' title='bbox 1225 1093 1254 1147; x_wconf 87' lang='lat' dir='ltr'>et</span> <span class='ocrx_word' id='word_1_104' title='bbox 1281 1086 1315 1146; x_wconf 85' lang='lat' dir='ltr'>in</span> <span class='ocrx_word' id='word_1_105' title='bbox 1331 1092 1445 1165; x_wconf 87' lang='lat' dir='ltr'>petrem</span> <span class='ocrx_word' id='word_1_106' title='bbox 1469 1080 1601 1144; x_wconf 78' lang='lat' dir='ltr'>scandali</span> <span class='ocrx_word' id='word_1_107' title='bbox 1620 1080 1734 1142; x_wconf 81' lang='lat' dir='ltr'>ductas</span> <span class='ocrx_word' id='word_1_108' title='bbox 1759 1078 1892 1141; x_wconf 75' lang='lat' dir='ltr'>domebus</span> 
     </span>
     <span class='ocr_line' id='line_1_12' title="bbox 299 1170 1893 1256; baseline -0.001 -22"><span class='ocrx_word' id='word_1_109' title='bbox 299 1177 399 1235; x_wconf 85' lang='lat' dir='ltr'>calum</span> <span class='ocrx_word' id='word_1_110' title='bbox 412 1177 492 1248; x_wconf 84' lang='lat' dir='ltr'>esset,</span> <span class='ocrx_word' id='word_1_111' title='bbox 507 1173 538 1233; x_wconf 93' lang='lat' dir='ltr'>id</span> <span class='ocrx_word' id='word_1_112' title='bbox 553 1179 599 1233; x_wconf 89' lang='lat' dir='ltr'>est</span> <span class='ocrx_word' id='word_1_113' title='bbox 613 1179 721 1234; x_wconf 89' lang='lat' dir='ltr'>auctor</span> <span class='ocrx_word' id='word_1_114' title='bbox 743 1174 870 1252; x_wconf 90' lang='lat' dir='ltr'>peccati.</span> <span class='ocrx_word' id='word_1_115' title='bbox 887 1174 988 1254; x_wconf 83' lang='lat' dir='ltr'>Atque</span> <span class='ocrx_word' id='word_1_116' title='bbox 1012 1174 1072 1236; x_wconf 91' lang='lat' dir='ltr'>hoc</span> <span class='ocrx_word' id='word_1_117' title='bbox 1120 1176 1235 1254; x_wconf 84' lang='lat' dir='ltr'>lsrael,·</span> <span class='ocrx_word' id='word_1_118' title='bbox 1252 1177 1283 1236; x_wconf 85' lang='lat' dir='ltr'>in</span> <span class='ocrx_word' id='word_1_119' title='bbox 1293 1176 1438 1256; x_wconf 81' lang='lat' dir='ltr'>laqueum,</span> <span class='ocrx_word' id='word_1_120' title='bbox 1454 1179 1485 1237; x_wconf 90' lang='lat' dir='ltr'>et</span> <span class='ocrx_word' id='word_1_121' title='bbox 1498 1174 1530 1235; x_wconf 83' lang='lat' dir='ltr'>to</span> <span class='ocrx_word' id='word_1_122' title='bbox 1550 1174 1671 1236; x_wconf 84' lang='lat' dir='ltr'>ruinam</span> <span class='ocrx_word' id='word_1_123' title='bbox 1693 1170 1893 1232; x_wconf 77' lang='lat' dir='ltr'>babitantibus</span> 
     </span>
    </p>
   </div>
   <div class='ocr_carea' id='block_1_4' title="bbox 276 1252 1892 1347">
    <p class='ocr_par' dir='ltr' id='par_1_4' title="bbox 276 1252 1892 1347">
     <span class='ocr_line' id='line_1_13' title="bbox 276 1252 1892 1347; baseline -0.001 -23"><span class='ocrx_word' id='word_1_124' title='bbox 276 1252 429 1326; x_wconf 75' lang='lat' dir='ltr'>&#39;Photius</span> <span class='ocrx_word' id='word_1_125' title='bbox 442 1282 566 1343; x_wconf 91' lang='lat' dir='ltr'>quoque</span> <span class='ocrx_word' id='word_1_126' title='bbox 579 1264 614 1324; x_wconf 90' lang='lat' dir='ltr'>in</span> <span class='ocrx_word' id='word_1_127' title='bbox 628 1264 850 1326; x_wconf 90' lang='lat' dir='ltr'>commentario</span> <span class='ocrx_word' id='word_1_128' title='bbox 865 1272 987 1327; x_wconf 86' lang='lat' dir='ltr'>secutus</span> <span class='ocrx_word' id='word_1_129' title='bbox 1007 1272 1069 1343; x_wconf 90' lang='lat' dir='ltr'>est,</span> <span class='ocrx_word' id='word_1_130' title='bbox 1121 1268 1296 1331; x_wconf 64' lang='lat' dir='ltr'>leucaten.</span> <span class='ocrx_word' id='word_1_131' title='bbox 1309 1267 1434 1347; x_wconf 84' lang='lat' dir='ltr'>Ecquod</span> <span class='ocrx_word' id='word_1_132' title='bbox 1447 1267 1546 1329; x_wconf 79' lang='lat' dir='ltr'>veteri</span> <span class='ocrx_word' id='word_1_133' title='bbox 1565 1265 1604 1325; x_wconf 90' lang='lat' dir='ltr'>da</span> <span class='ocrx_word' id='word_1_134' title='bbox 1622 1265 1690 1343; x_wconf 79' lang='lat' dir='ltr'>lege</span> <span class='ocrx_word' id='word_1_135' title='bbox 1710 1262 1785 1326; x_wconf 80' lang='lat' dir='ltr'>tam&#39;</span> <span class='ocrx_word' id='word_1_136' title='bbox 1794 1262 1892 1324; x_wconf 87' lang='lat' dir='ltr'>diaer-</span> 
     </span>
    </p>
   </div>
   <div class='ocr_carea' id='block_1_5' title="bbox 296 1355 1897 2548">
    <p class='ocr_par' dir='ltr' id='par_1_5' title="bbox 296 1355 1897 2174">
     <span class='ocr_line' id='line_1_14' title="bbox 301 1355 1893 1439; baseline -0.001 -23"><span class='ocrx_word' id='word_1_137' title='bbox 301 1357 357 1436; x_wconf 87' lang='lat' dir='ltr'>qui</span> <span class='ocrx_word' id='word_1_138' title='bbox 379 1364 525 1436; x_wconf 69' lang='lat' dir='ltr'>peceutm</span> <span class='ocrx_word' id='word_1_139' title='bbox 551 1374 607 1417; x_wconf 87' lang='lat' dir='ltr'>esse</span> <span class='ocrx_word' id='word_1_140' title='bbox 639 1356 730 1437; x_wconf 85' lang='lat' dir='ltr'>lepem</span> <span class='ocrx_word' id='word_1_141' title='bbox 769 1357 989 1437; x_wconf 88' lang='lat' dir='ltr'>interpretatur</span> <span class='ocrx_word' id='word_1_142' title='bbox 1032 1356 1072 1420; x_wconf 78' lang='lat' dir='ltr'>aa</span> <span class='ocrx_word' id='word_1_143' title='bbox 1120 1367 1190 1423; x_wconf 89' lang='lat' dir='ltr'>tum</span> <span class='ocrx_word' id='word_1_144' title='bbox 1224 1377 1467 1439; x_wconf 85' lang='lat' dir='ltr'>expressumque</span> <span class='ocrx_word' id='word_1_145' title='bbox 1505 1358 1718 1419; x_wconf 87' lang='lat' dir='ltr'>testimonium</span> <span class='ocrx_word' id='word_1_146' title='bbox 1755 1355 1893 1435; x_wconf 83' lang='lat' dir='ltr'>proferre</span> 
     </span>
     <span class='ocr_line' id='line_1_15' title="bbox 296 1446 1895 1534; baseline -0.001 -25"><span class='ocrx_word' id='word_1_147' title='bbox 296 1456 453 1530; x_wconf 82' lang='lat' dir='ltr'>peecatum</span> <span class='ocrx_word' id='word_1_148' title='bbox 473 1447 643 1529; x_wconf 72' lang='lat' dir='ltr'>conpellere</span> <span class='ocrx_word' id='word_1_149' title='bbox 656 1459 680 1511; x_wconf 77' lang='lat'>⁰.</span> <span class='ocrx_word' id='word_1_150' title='bbox 698 1449 905 1523; x_wconf 83' lang='lat' dir='ltr'>Quamobrem</span> <span class='ocrx_word' id='word_1_151' title='bbox 923 1456 1074 1530; x_wconf 85' lang='lat' dir='ltr'>tanquam</span> <span class='ocrx_word' id='word_1_152' title='bbox 1122 1457 1252 1534; x_wconf 89' lang='lat' dir='ltr'>possunt</span> <span class='ocrx_word' id='word_1_153' title='bbox 1274 1452 1397 1526; x_wconf 84' lang='lat' dir='ltr'>Anomi,</span> <span class='ocrx_word' id='word_1_154' title='bbox 1424 1469 1462 1512; x_wconf 88' lang='lat' dir='ltr'>ex</span> <span class='ocrx_word' id='word_1_155' title='bbox 1490 1467 1552 1529; x_wconf 92' lang='lat' dir='ltr'>quo</span> <span class='ocrx_word' id='word_1_156' title='bbox 1570 1450 1751 1529; x_wconf 85' lang='lat' dir='ltr'>impeditam</span> <span class='ocrx_word' id='word_1_157' title='bbox 1776 1448 1816 1508; x_wconf 91' lang='lat' dir='ltr'>ab</span> <span class='ocrx_word' id='word_1_158' title='bbox 1840 1446 1895 1508; x_wconf 89' lang='lat' dir='ltr'>iila</span> 
     </span>
     <span class='ocr_line' id='line_1_16' title="bbox 303 1538 1893 1625; baseline -0.002 -24"><span class='ocrx_word' id='word_1_159' title='bbox 303 1540 519 1621; x_wconf 88' lang='lat' dir='ltr'>blasphemum</span> <span class='ocrx_word' id='word_1_160' title='bbox 532 1541 592 1601; x_wconf 90' lang='lat' dir='ltr'>hoc</span> <span class='ocrx_word' id='word_1_161' title='bbox 607 1541 876 1621; x_wconf 78' lang='lat' dir='ltr'>execrandumque</span> <span class='ocrx_word' id='word_1_162' title='bbox 888 1543 1075 1604; x_wconf 88' lang='lat' dir='ltr'>condemnat</span> <span class='ocrx_word' id='word_1_163' title='bbox 1123 1545 1238 1625; x_wconf 85' lang='lat' dir='ltr'>potius,</span> <span class='ocrx_word' id='word_1_164' title='bbox 1253 1561 1349 1622; x_wconf 89' lang='lat' dir='ltr'>quam</span> <span class='ocrx_word' id='word_1_165' title='bbox 1362 1542 1539 1623; x_wconf 87' lang='lat' dir='ltr'>expeditam</span> <span class='ocrx_word' id='word_1_166' title='bbox 1558 1540 1689 1601; x_wconf 87' lang='lat' dir='ltr'>salutem</span> <span class='ocrx_word' id='word_1_167' title='bbox 1702 1538 1893 1619; x_wconf 88' lang='lat' dir='ltr'>approbent;</span> 
     </span>
     <span class='ocr_line' id='line_1_17' title="bbox 302 1631 1895 1717; baseline -0.002 -24"><span class='ocrx_word' id='word_1_168' title='bbox 302 1632 484 1717; x_wconf 79' lang='lat' dir='ltr'>Apostolus3</span> <span class='ocrx_word' id='word_1_169' title='bbox 500 1632 527 1693; x_wconf 90' lang='lat' dir='ltr'>si</span> <span class='ocrx_word' id='word_1_170' title='bbox 540 1631 610 1711; x_wconf 89' lang='lat' dir='ltr'>quis</span> <span class='ocrx_word' id='word_1_171' title='bbox 623 1634 725 1711; x_wconf 83' lang='lat' dir='ltr'>legem</span> <span class='ocrx_word' id='word_1_172' title='bbox 746 1640 877 1710; x_wconf 88' lang='lat' dir='ltr'>asserat,</span> <span class='ocrx_word' id='word_1_173' title='bbox 907 1635 1072 1715; x_wconf 86' lang='lat' dir='ltr'>imperare,</span> <span class='ocrx_word' id='word_1_174' title='bbox 1125 1654 1219 1714; x_wconf 86' lang='lat' dir='ltr'>quam</span> <span class='ocrx_word' id='word_1_175' title='bbox 1241 1642 1314 1696; x_wconf 90' lang='lat' dir='ltr'>sunt</span> <span class='ocrx_word' id='word_1_176' title='bbox 1334 1636 1393 1696; x_wconf 81' lang='lat' dir='ltr'>ista</span> <span class='ocrx_word' id='word_1_177' title='bbox 1406 1634 1444 1695; x_wconf 90' lang='lat' dir='ltr'>de</span> <span class='ocrx_word' id='word_1_178' title='bbox 1459 1633 1582 1694; x_wconf 86' lang='lat' dir='ltr'>Christo</span> <span class='ocrx_word' id='word_1_179' title='bbox 1599 1632 1708 1693; x_wconf 87' lang='lat' dir='ltr'>iisdem</span> <span class='ocrx_word' id='word_1_180' title='bbox 1722 1650 1740 1692; x_wconf 89' lang='lat' dir='ltr'>c</span> <span class='ocrx_word' id='word_1_181' title='bbox 1755 1631 1895 1710; x_wconf 82' lang='lat' dir='ltr'>Scriptu-</span> 
     </span>
     <span class='ocr_line' id='line_1_18' title="bbox 303 1723 1897 1807; baseline -0.001 -23"><span class='ocrx_word' id='word_1_182' title='bbox 303 1726 482 1804; x_wconf 83' lang='lat' dir='ltr'>praecipere,</span> <span class='ocrx_word' id='word_1_183' title='bbox 498 1744 533 1785; x_wconf 85' lang='lat' dir='ltr'>ac</span> <span class='ocrx_word' id='word_1_184' title='bbox 547 1725 696 1786; x_wconf 89' lang='lat' dir='ltr'>mandare</span> <span class='ocrx_word' id='word_1_185' title='bbox 718 1725 846 1804; x_wconf 86' lang='lat' dir='ltr'>aliquid,</span> <span class='ocrx_word' id='word_1_186' title='bbox 863 1727 947 1806; x_wconf 92' lang='lat' dir='ltr'>quod</span> <span class='ocrx_word' id='word_1_187' title='bbox 968 1744 1073 1807; x_wconf 88' lang='lat' dir='ltr'>pecca·</span> <span class='ocrx_word' id='word_1_188' title='bbox 1124 1745 1231 1789; x_wconf 88' lang='lat' dir='ltr'>rarum</span> <span class='ocrx_word' id='word_1_189' title='bbox 1245 1727 1377 1788; x_wconf 88' lang='lat' dir='ltr'>oraculis</span> <span class='ocrx_word' id='word_1_190' title='bbox 1403 1724 1605 1805; x_wconf 84' lang='lat' dir='ltr'>deprompta?</span> <span class='ocrx_word' id='word_1_191' title='bbox 1626 1725 1764 1785; x_wconf 89' lang='lat' dir='ltr'>Curnon</span> <span class='ocrx_word' id='word_1_192' title='bbox 1786 1723 1897 1802; x_wconf 79' lang='lat' dir='ltr'>igitur,</span> 
     </span>
     <span class='ocr_line' id='line_1_19' title="bbox 304 1815 1894 1897; baseline -0.001 -21"><span class='ocrx_word' id='word_1_193' title='bbox 304 1821 373 1877; x_wconf 86' lang='lat' dir='ltr'>tum</span> <span class='ocrx_word' id='word_1_194' title='bbox 390 1817 440 1877; x_wconf 87' lang='lat' dir='ltr'>sit.</span> <span class='ocrx_word' id='word_1_195' title='bbox 456 1817 550 1896; x_wconf 90' lang='lat' dir='ltr'>Atqui</span> <span class='ocrx_word' id='word_1_196' title='bbox 562 1817 621 1878; x_wconf 92' lang='lat' dir='ltr'>hoc</span> <span class='ocrx_word' id='word_1_197' title='bbox 634 1818 738 1897; x_wconf 90' lang='lat' dir='ltr'>ipsum</span> <span class='ocrx_word' id='word_1_198' title='bbox 761 1819 844 1896; x_wconf 92' lang='lat' dir='ltr'>quod</span> <span class='ocrx_word' id='word_1_199' title='bbox 865 1820 1075 1882; x_wconf 85' lang='lat' dir='ltr'>abominando</span> <span class='ocrx_word' id='word_1_200' title='bbox 1124 1820 1233 1881; x_wconf 89' lang='lat' dir='ltr'>itidem</span> <span class='ocrx_word' id='word_1_201' title='bbox 1246 1820 1333 1880; x_wconf 88' lang='lat' dir='ltr'>atde</span> <span class='ocrx_word' id='word_1_202' title='bbox 1349 1819 1445 1879; x_wconf 85' lang='lat' dir='ltr'>veteri</span> <span class='ocrx_word' id='word_1_203' title='bbox 1462 1820 1670 1892; x_wconf 88' lang='lat' dir='ltr'>Testameuto,</span> <span class='ocrx_word' id='word_1_204' title='bbox 1692 1817 1736 1877; x_wconf 91' lang='lat' dir='ltr'>sic</span> <span class='ocrx_word' id='word_1_205' title='bbox 1748 1815 1787 1875; x_wconf 91' lang='lat' dir='ltr'>de</span> <span class='ocrx_word' id='word_1_206' title='bbox 1800 1832 1894 1892; x_wconf 86' lang='lat' dir='ltr'>noro,</span> 
     </span>
     <span class='ocr_line' id='line_1_20' title="bbox 304 1907 1894 1993; baseline 0 -25"><span class='ocrx_word' id='word_1_207' title='bbox 304 1913 464 1970; x_wconf 84' lang='lat' dir='ltr'>aversatur</span> <span class='ocrx_word' id='word_1_208' title='bbox 483 1909 658 1990; x_wconf 83' lang='lat' dir='ltr'>Apostolus,</span> <span class='ocrx_word' id='word_1_209' title='bbox 682 1911 843 1989; x_wconf 83' lang='lat' dir='ltr'>expressis,</span> <span class='ocrx_word' id='word_1_210' title='bbox 869 1917 900 1972; x_wconf 88' lang='lat' dir='ltr'>et</span> <span class='ocrx_word' id='word_1_211' title='bbox 918 1911 1076 1993; x_wconf 85' lang='lat' dir='ltr'>conceptis</span> <span class='ocrx_word' id='word_1_212' title='bbox 1126 1912 1211 1972; x_wconf 87' lang='lat' dir='ltr'>acde</span> <span class='ocrx_word' id='word_1_213' title='bbox 1225 1912 1291 1990; x_wconf 75' lang='lat' dir='ltr'>ajin</span> <span class='ocrx_word' id='word_1_214' title='bbox 1304 1911 1402 1972; x_wconf 89' lang='lat' dir='ltr'>latore</span> <span class='ocrx_word' id='word_1_215' title='bbox 1426 1910 1550 1971; x_wconf 90' lang='lat' dir='ltr'>Christo</span> <span class='ocrx_word' id='word_1_216' title='bbox 1573 1908 1717 1985; x_wconf 86' lang='lat' dir='ltr'>Domino,</span> <span class='ocrx_word' id='word_1_217' title='bbox 1744 1907 1894 1968; x_wconf 87' lang='lat' dir='ltr'>sentiunt.</span> 
     </span>
     <span class='ocr_line' id='line_1_21' title="bbox 305 1992 1894 2086; baseline 0 -27"><span class='ocrx_word' id='word_1_218' title='bbox 305 1999 408 2061; x_wconf 85' lang='lat' dir='ltr'>verbis</span> <span class='ocrx_word' id='word_1_219' title='bbox 418 2001 584 2063; x_wconf 86' lang='lat' dir='ltr'>Armacani</span> <span class='ocrx_word' id='word_1_220' title='bbox 599 1992 783 2065; x_wconf 76' lang='lat' dir='ltr'>docuerunt.</span> <span class='ocrx_word' id='word_1_221' title='bbox 799 2004 887 2077; x_wconf 85' lang='lat' dir='ltr'>Quod</span> <span class='ocrx_word' id='word_1_222' title='bbox 901 2005 962 2066; x_wconf 87' lang='lat' dir='ltr'>late</span> <span class='ocrx_word' id='word_1_223' title='bbox 983 2025 1075 2086; x_wconf 89' lang='lat' dir='ltr'>supe·</span> <span class='ocrx_word' id='word_1_224' title='bbox 1128 2022 1163 2064; x_wconf 86' lang='lat' dir='ltr'>ac</span> <span class='ocrx_word' id='word_1_225' title='bbox 1179 2003 1368 2083; x_wconf 87' lang='lat' dir='ltr'>praedicant;</span> <span class='ocrx_word' id='word_1_226' title='bbox 1382 2008 1551 2080; x_wconf 90' lang='lat' dir='ltr'>utrumque</span> <span class='ocrx_word' id='word_1_227' title='bbox 1571 2001 1631 2061; x_wconf 91' lang='lat' dir='ltr'>hoc</span> <span class='ocrx_word' id='word_1_228' title='bbox 1655 2000 1696 2060; x_wconf 89' lang='lat' dir='ltr'>ad</span> <span class='ocrx_word' id='word_1_229' title='bbox 1721 1998 1894 2078; x_wconf 88' lang='lat' dir='ltr'>impedien-</span> 
     </span>
     <span class='ocr_line' id='line_1_22' title="bbox 304 2086 1896 2174; baseline -0.001 -22"><span class='ocrx_word' id='word_1_230' title='bbox 304 2094 387 2154; x_wconf 89' lang='lat' dir='ltr'>riora</span> <span class='ocrx_word' id='word_1_231' title='bbox 401 2094 736 2174; x_wconf 79' lang='lat' dir='ltr'>capitadeclararunt&#39;.</span> <span class='ocrx_word' id='word_1_232' title='bbox 1127 2095 1199 2155; x_wconf 88' lang='lat' dir='ltr'>dam</span> <span class='ocrx_word' id='word_1_233' title='bbox 1212 2095 1321 2173; x_wconf 79' lang='lat' dir='ltr'>magis,</span> <span class='ocrx_word' id='word_1_234' title='bbox 1348 2098 1443 2173; x_wconf 89' lang='lat' dir='ltr'>quam</span> <span class='ocrx_word' id='word_1_235' title='bbox 1461 2086 1697 2172; x_wconf 85' lang='lat' dir='ltr'>explicandam,</span> <span class='ocrx_word' id='word_1_236' title='bbox 1725 2097 1757 2170; x_wconf 81' lang='lat' dir='ltr'>et</span> <span class='ocrx_word' id='word_1_237' title='bbox 1780 2091 1896 2151; x_wconf 88' lang='lat' dir='ltr'>intuto</span> 
     </span>
    </p>

    <p class='ocr_par' dir='ltr' id='par_1_6' title="bbox 306 2183 1897 2548">
     <span class='ocr_line' id='line_1_23' title="bbox 345 2183 1894 2274; baseline -0.009 -17"><span class='ocrx_word' id='word_1_238' title='bbox 345 2186 383 2248; x_wconf 82' lang='lat' dir='ltr'>V·</span> <span class='ocrx_word' id='word_1_239' title='bbox 414 2186 501 2259; x_wconf 74' lang='lat' dir='ltr'>Quod</span> <span class='ocrx_word' id='word_1_240' title='bbox 528 2186 554 2245; x_wconf 78' lang='lat' dir='ltr'>Si</span> <span class='ocrx_word' id='word_1_241' title='bbox 582 2187 737 2250; x_wconf 78' lang='lat' dir='ltr'>h0rre11da</span> <span class='ocrx_word' id='word_1_242' title='bbox 758 2191 829 2269; x_wconf 85' lang='lat' dir='ltr'>illa,</span> <span class='ocrx_word' id='word_1_243' title='bbox 856 2199 890 2253; x_wconf 85' lang='lat' dir='ltr'>et</span> <span class='ocrx_word' id='word_1_244' title='bbox 912 2194 1076 2274; x_wconf 87' lang='lat' dir='ltr'>perspicue</span> <span class='ocrx_word' id='word_1_245' title='bbox 1126 2187 1335 2248; x_wconf 84' lang='lat' dir='ltr'>collocandam</span> <span class='ocrx_word' id='word_1_246' title='bbox 1348 2183 1677 2261; x_wconf 85' lang='lat' dir='ltr'>salutem,christianis</span> <span class='ocrx_word' id='word_1_247' title='bbox 1690 2199 1756 2243; x_wconf 87' lang='lat' dir='ltr'>esse</span> <span class='ocrx_word' id='word_1_248' title='bbox 1770 2198 1894 2244; x_wconf 87' lang='lat' dir='ltr'>conces-</span> 
     </span>
     <span class='ocr_line' id='line_1_24' title="bbox 306 2275 1896 2367; baseline 0.003 -32"><span class='ocrx_word' id='word_1_249' title='bbox 306 2275 488 2355; x_wconf 88' lang='lat' dir='ltr'>blasphema</span> <span class='ocrx_word' id='word_1_250' title='bbox 496 2276 589 2355; x_wconf 69' lang='lat' dir='ltr'>uoce,</span> <span class='ocrx_word' id='word_1_251' title='bbox 605 2297 640 2341; x_wconf 91' lang='lat' dir='ltr'>ac</span> <span class='ocrx_word' id='word_1_252' title='bbox 649 2284 799 2343; x_wconf 84' lang='lat' dir='ltr'>sententia</span> <span class='ocrx_word' id='word_1_253' title='bbox 809 2291 983 2345; x_wconf 87' lang='lat' dir='ltr'>commotus</span> <span class='ocrx_word' id='word_1_254' title='bbox 996 2287 1078 2367; x_wconf 92' lang='lat' dir='ltr'>Apo-</span> <span class='ocrx_word' id='word_1_255' title='bbox 1126 2283 1216 2351; x_wconf 79' lang='lat' dir='ltr'>sumi</span> <span class='ocrx_word' id='word_1_256' title='bbox 1241 2290 1332 2363; x_wconf 88' lang='lat' dir='ltr'>atque</span> <span class='ocrx_word' id='word_1_257' title='bbox 1358 2281 1583 2361; x_wconf 84' lang='lat' dir='ltr'>ejusdemmodi</span> <span class='ocrx_word' id='word_1_258' title='bbox 1610 2286 1736 2355; x_wconf 75' lang='lat' dir='ltr'>cetera,</span> <span class='ocrx_word' id='word_1_259' title='bbox 1760 2298 1830 2359; x_wconf 85' lang='lat' dir='ltr'>quae</span> <span class='ocrx_word' id='word_1_260' title='bbox 1856 2280 1896 2340; x_wconf 91' lang='lat' dir='ltr'>ad</span> 
     </span>
     <span class='ocr_line' id='line_1_25' title="bbox 307 2367 1897 2457; baseline 0 -26"><span class='ocrx_word' id='word_1_261' title='bbox 307 2367 420 2448; x_wconf 71' lang='lat' dir='ltr'>opertet</span> <span class='ocrx_word' id='word_1_262' title='bbox 437 2369 576 2449; x_wconf 88' lang='lat' dir='ltr'>scriptor,</span> <span class='ocrx_word' id='word_1_263' title='bbox 599 2371 720 2449; x_wconf 87' lang='lat' dir='ltr'>ejurare</span> <span class='ocrx_word' id='word_1_264' title='bbox 746 2375 840 2435; x_wconf 92' lang='lat' dir='ltr'>modo</span> <span class='ocrx_word' id='word_1_265' title='bbox 858 2376 940 2437; x_wconf 88' lang='lat' dir='ltr'>hauc</span> <span class='ocrx_word' id='word_1_266' title='bbox 952 2395 1077 2457; x_wconf 79' lang='lat' dir='ltr'>praeop·</span> <span class='ocrx_word' id='word_1_267' title='bbox 1126 2376 1266 2436; x_wconf 82' lang='lat' dir='ltr'>Mosaicec</span> <span class='ocrx_word' id='word_1_268' title='bbox 1277 2374 1353 2453; x_wconf 81' lang='lat' dir='ltr'>legis</span> <span class='ocrx_word' id='word_1_269' title='bbox 1375 2374 1525 2434; x_wconf 80' lang='lat' dir='ltr'>invidiam</span> <span class='ocrx_word' id='word_1_270' title='bbox 1541 2373 1685 2449; x_wconf 88' lang='lat' dir='ltr'>trahunt,</span> <span class='ocrx_word' id='word_1_271' title='bbox 1701 2372 1811 2432; x_wconf 89' lang='lat' dir='ltr'>iisdem</span> <span class='ocrx_word' id='word_1_272' title='bbox 1825 2371 1897 2432; x_wconf 85' lang='lat' dir='ltr'>freti</span> 
     </span>
     <span class='ocr_line' id='line_1_26' title="bbox 309 2462 1895 2548; baseline 0.002 -28"><span class='ocrx_word' id='word_1_273' title='bbox 309 2464 352 2521; x_wconf 87' lang='lat' dir='ltr'>tet</span> <span class='ocrx_word' id='word_1_274' title='bbox 368 2480 376 2521; x_wconf 91' lang='lat'><strong>:</strong></span> <span class='ocrx_word' id='word_1_275' title='bbox 392 2466 437 2536; x_wconf 87' lang='lat' dir='ltr'>ut,</span> <span class='ocrx_word' id='word_1_276' title='bbox 453 2462 536 2541; x_wconf 89' lang='lat' dir='ltr'>quod</span> <span class='ocrx_word' id='word_1_277' title='bbox 558 2464 723 2543; x_wconf 90' lang='lat' dir='ltr'>Apostolus</span> <span class='ocrx_word' id='word_1_278' title='bbox 742 2466 818 2544; x_wconf 88' lang='lat' dir='ltr'>ipse,</span> <span class='ocrx_word' id='word_1_279' title='bbox 840 2469 1077 2548; x_wconf 89' lang='lat' dir='ltr'>communisque</span> <span class='ocrx_word' id='word_1_280' title='bbox 1126 2467 1310 2529; x_wconf 83' lang='lat' dir='ltr'>testimoniis</span> <span class='ocrx_word' id='word_1_281' title='bbox 1324 2473 1356 2527; x_wconf 88' lang='lat' dir='ltr'>et</span> <span class='ocrx_word' id='word_1_282' title='bbox 1377 2464 1586 2544; x_wconf 78' lang='lat' dir='ltr'>argumentis,</span> <span class='ocrx_word' id='word_1_283' title='bbox 1601 2482 1671 2543; x_wconf 79' lang='lat' dir='ltr'>quoe</span> <span class='ocrx_word' id='word_1_284' title='bbox 1699 2481 1763 2524; x_wconf 88' lang='lat' dir='ltr'>non</span> <span class='ocrx_word' id='word_1_285' title='bbox 1790 2464 1895 2524; x_wconf 90' lang='lat' dir='ltr'>minus</span> 
     </span>
    </p>
   </div>
   <div class='ocr_carea' id='block_1_6' title="bbox 151 2550 1894 2639">
    <p class='ocr_par' dir='ltr' id='par_1_7' title="bbox 151 2550 1894 2639">
     <span class='ocr_line' id='line_1_27' title="bbox 151 2550 1894 2639; baseline 0.001 -25"><span class='ocrx_word' id='word_1_286' title='bbox 151 2594 281 2635; x_wconf 54' lang='lat' dir='ltr'>mmm„</span> <span class='ocrx_word' id='word_1_287' title='bbox 308 2569 426 2630; x_wconf 72' lang='lat' dir='ltr'>sensam,</span> <span class='ocrx_word' id='word_1_288' title='bbox 451 2571 486 2615; x_wconf 89' lang='lat' dir='ltr'>ac</span> <span class='ocrx_word' id='word_1_289' title='bbox 507 2573 563 2614; x_wconf 89' lang='lat' dir='ltr'>sua</span> <span class='ocrx_word' id='word_1_290' title='bbox 583 2556 693 2634; x_wconf 90' lang='lat' dir='ltr'>cuique</span> <span class='ocrx_word' id='word_1_291' title='bbox 727 2559 807 2619; x_wconf 87' lang='lat' dir='ltr'>ratio</span> <span class='ocrx_word' id='word_1_292' title='bbox 829 2550 1011 2639; x_wconf 79' lang='lat' dir='ltr'>praescribit,</span> <span class='ocrx_word' id='word_1_293' title='bbox 1039 2580 1078 2621; x_wconf 83' lang='lat' dir='ltr'>cx</span> <span class='ocrx_word' id='word_1_294' title='bbox 1127 2559 1167 2618; x_wconf 93' lang='lat' dir='ltr'>ad</span> <span class='ocrx_word' id='word_1_295' title='bbox 1185 2558 1398 2619; x_wconf 86' lang='lat' dir='ltr'>iniamandam</span> <span class='ocrx_word' id='word_1_296' title='bbox 1424 2556 1622 2617; x_wconf 87' lang='lat' dir='ltr'>christianam</span> <span class='ocrx_word' id='word_1_297' title='bbox 1640 2555 1743 2616; x_wconf 88' lang='lat' dir='ltr'>valere</span> <span class='ocrx_word' id='word_1_298' title='bbox 1769 2555 1894 2633; x_wconf 89' lang='lat' dir='ltr'>debent,</span> 
     </span>
    </p>
   </div>
   <div class='ocr_carea' id='block_1_7' title="bbox 139 2642 285 2687">
    <p class='ocr_par' dir='ltr' id='par_1_8' title="bbox 139 2642 285 2687">
     <span class='ocr_line' id='line_1_28' title="bbox 139 2642 285 2687; baseline -0.021 0"><span class='ocrx_word' id='word_1_299' title='bbox 139 2642 285 2687; x_wconf 85' lang='lat' dir='ltr'>calumnian-</span> 
     </span>
    </p>
   </div>
   <div class='ocr_carea' id='block_1_8' title="bbox 166 2703 259 2793">
    <p class='ocr_par' dir='ltr' id='par_1_9' title="bbox 166 2703 259 2793">
     <span class='ocr_line' id='line_1_29' title="bbox 196 2703 232 2739; baseline 0 0"><span class='ocrx_word' id='word_1_300' title='bbox 196 2703 232 2739; x_wconf 82' lang='lat' dir='ltr'>tut·</span> 
     </span>
     <span class='ocr_line' id='line_1_30' title="bbox 166 2750 259 2793; baseline -0.022 0"><span class='ocrx_word' id='word_1_301' title='bbox 166 2750 193 2793; x_wconf 87' lang='lat' dir='ltr'>da</span> <span class='ocrx_word' id='word_1_302' title='bbox 202 2759 259 2793; x_wconf 81' lang='lat' dir='ltr'>noro</span> 
     </span>
    </p>
   </div>
   <div class='ocr_carea' id='block_1_9' title="bbox 146 2801 279 2848">
    <p class='ocr_par' dir='ltr' id='par_1_10' title="bbox 146 2801 279 2848">
     <span class='ocr_line' id='line_1_31' title="bbox 146 2801 279 2848; baseline -0.023 0"><span class='ocrx_word' id='word_1_303' title='bbox 146 2803 221 2848; x_wconf 87' lang='lat' dir='ltr'>eadem</span> <span class='ocrx_word' id='word_1_304' title='bbox 234 2801 279 2847; x_wconf 89' lang='lat' dir='ltr'>dict</span> 
     </span>
    </p>
   </div>
   <div class='ocr_carea' id='block_1_10' title="bbox 161 2863 261 2915">
    <p class='ocr_par' dir='ltr' id='par_1_11' title="bbox 161 2863 261 2915">
     <span class='ocr_line' id='line_1_32' title="bbox 161 2863 261 2915; baseline 0.01 -14"><span class='ocrx_word' id='word_1_305' title='bbox 161 2863 261 2915; x_wconf 68' lang='lat' dir='ltr'>muner.</span> 
     </span>
    </p>
   </div>
   <div class='ocr_carea' id='block_1_11' title="bbox 308 2645 1909 5125">
    <p class='ocr_par' dir='ltr' id='par_1_12' title="bbox 308 2645 1897 3008">
     <span class='ocr_line' id='line_1_33' title="bbox 308 2645 1897 2732; baseline 0.004 -28"><span class='ocrx_word' id='word_1_306' title='bbox 308 2645 460 2706; x_wconf 88' lang='lat' dir='ltr'>accidenti</span> <span class='ocrx_word' id='word_1_307' title='bbox 479 2646 641 2720; x_wconf 70' lang='lat' dir='ltr'>dunum,</span> <span class='ocrx_word' id='word_1_308' title='bbox 653 2655 684 2710; x_wconf 87' lang='lat' dir='ltr'>et</span> <span class='ocrx_word' id='word_1_309' title='bbox 697 2651 854 2712; x_wconf 85' lang='lat' dir='ltr'>occasione</span> <span class='ocrx_word' id='word_1_310' title='bbox 869 2660 981 2732; x_wconf 75' lang='lat' dir='ltr'>praeter</span> <span class='ocrx_word' id='word_1_311' title='bbox 993 2668 1080 2715; x_wconf 88' lang='lat' dir='ltr'>men·</span> <span class='ocrx_word' id='word_1_312' title='bbox 1127 2650 1245 2728; x_wconf 88' lang='lat' dir='ltr'>siquid</span> <span class='ocrx_word' id='word_1_313' title='bbox 1268 2648 1380 2709; x_wconf 85' lang='lat' dir='ltr'>exiliis</span> <span class='ocrx_word' id='word_1_314' title='bbox 1401 2654 1484 2709; x_wconf 87' lang='lat' dir='ltr'>recte</span> <span class='ocrx_word' id='word_1_315' title='bbox 1504 2647 1666 2726; x_wconf 83' lang='lat' dir='ltr'>colligunt.</span> <span class='ocrx_word' id='word_1_316' title='bbox 1688 2649 1826 2707; x_wconf 86' lang='lat' dir='ltr'>Tantane</span> <span class='ocrx_word' id='word_1_317' title='bbox 1850 2653 1897 2711; x_wconf 88' lang='lat' dir='ltr'>est</span> 
     </span>
     <span class='ocr_line' id='line_1_34' title="bbox 308 2735 1897 2826; baseline 0.001 -28"><span class='ocrx_word' id='word_1_318' title='bbox 308 2742 373 2798; x_wconf 84' lang='lat' dir='ltr'>tem</span> <span class='ocrx_word' id='word_1_319' title='bbox 387 2737 499 2815; x_wconf 86' lang='lat' dir='ltr'>oblata,</span> <span class='ocrx_word' id='word_1_320' title='bbox 512 2738 695 2801; x_wconf 83' lang='lat' dir='ltr'>effectricem</span> <span class='ocrx_word' id='word_1_321' title='bbox 718 2744 834 2820; x_wconf 88' lang='lat' dir='ltr'>peccati</span> <span class='ocrx_word' id='word_1_322' title='bbox 857 2744 950 2805; x_wconf 87' lang='lat' dir='ltr'>luisse</span> <span class='ocrx_word' id='word_1_323' title='bbox 976 2735 1078 2826; x_wconf 79' lang='lat' dir='ltr'>legem</span> <span class='ocrx_word' id='word_1_324' title='bbox 1126 2743 1258 2803; x_wconf 88' lang='lat' dir='ltr'>istorum</span> <span class='ocrx_word' id='word_1_325' title='bbox 1279 2741 1446 2802; x_wconf 92' lang='lat' dir='ltr'>homiuum</span> <span class='ocrx_word' id='word_1_326' title='bbox 1475 2746 1622 2821; x_wconf 59' lang='lat' dir='ltr'>exposcite,</span> <span class='ocrx_word' id='word_1_327' title='bbox 1638 2740 1769 2819; x_wconf 73' lang='lat' dir='ltr'>utrquid</span> <span class='ocrx_word' id='word_1_328' title='bbox 1796 2740 1835 2800; x_wconf 91' lang='lat' dir='ltr'>sit</span> <span class='ocrx_word' id='word_1_329' title='bbox 1857 2758 1897 2801; x_wconf 87' lang='lat' dir='ltr'>ex</span> 
     </span>
     <span class='ocr_line' id='line_1_35' title="bbox 309 2830 1894 2913; baseline 0.001 -22"><span class='ocrx_word' id='word_1_330' title='bbox 309 2831 438 2904; x_wconf 85' lang='lat' dir='ltr'>sentiat3</span> <span class='ocrx_word' id='word_1_331' title='bbox 455 2830 532 2892; x_wconf 87' lang='lat' dir='ltr'>nihil</span> <span class='ocrx_word' id='word_1_332' title='bbox 546 2837 618 2910; x_wconf 81' lang='lat' dir='ltr'>agat</span> <span class='ocrx_word' id='word_1_333' title='bbox 640 2834 780 2895; x_wconf 89' lang='lat' dir='ltr'>omnino.</span> <span class='ocrx_word' id='word_1_334' title='bbox 796 2836 918 2895; x_wconf 89' lang='lat' dir='ltr'>Etenim</span> <span class='ocrx_word' id='word_1_335' title='bbox 932 2854 997 2896; x_wconf 90' lang='lat' dir='ltr'>nou</span> <span class='ocrx_word' id='word_1_336' title='bbox 1011 2855 1077 2898; x_wconf 86' lang='lat' dir='ltr'>ma·</span> <span class='ocrx_word' id='word_1_337' title='bbox 1127 2834 1276 2907; x_wconf 87' lang='lat' dir='ltr'>oratione,</span> <span class='ocrx_word' id='word_1_338' title='bbox 1303 2833 1598 2913; x_wconf 67' lang='lat' dir='ltr'>ratiocinationisque</span> <span class='ocrx_word' id='word_1_339' title='bbox 1611 2851 1667 2893; x_wconf 89' lang='lat' dir='ltr'>sua</span> <span class='ocrx_word' id='word_1_340' title='bbox 1692 2849 1894 2912; x_wconf 87' lang='lat' dir='ltr'>consequens,</span> 
     </span>
     <span class='ocr_line' id='line_1_36' title="bbox 309 2921 1358 3008; baseline 0.002 -25"><span class='ocrx_word' id='word_1_341' title='bbox 309 2921 357 3002; x_wconf 80' lang='lat' dir='ltr'>gis</span> <span class='ocrx_word' id='word_1_342' title='bbox 370 2922 477 2997; x_wconf 84' lang='lat' dir='ltr'>reteri,</span> <span class='ocrx_word' id='word_1_343' title='bbox 489 2941 524 2984; x_wconf 87' lang='lat' dir='ltr'>ac</span> <span class='ocrx_word' id='word_1_344' title='bbox 532 2924 683 3001; x_wconf 85' lang='lat' dir='ltr'>Mosaicae,</span> <span class='ocrx_word' id='word_1_345' title='bbox 696 2944 792 3004; x_wconf 88' lang='lat' dir='ltr'>quam</span> <span class='ocrx_word' id='word_1_346' title='bbox 803 2927 986 2988; x_wconf 74' lang='lat' dir='ltr'>Christiane</span> <span class='ocrx_word' id='word_1_347' title='bbox 998 2927 1076 3008; x_wconf 83' lang='lat' dir='ltr'>legi;</span> <span class='ocrx_word' id='word_1_348' title='bbox 1128 2944 1193 2987; x_wconf 91' lang='lat' dir='ltr'>non</span> <span class='ocrx_word' id='word_1_349' title='bbox 1206 2925 1358 2986; x_wconf 71' lang='lat' dir='ltr'>mdcanti</span> 
     </span>
    </p>

    <p class='ocr_par' dir='ltr' id='par_1_13' title="bbox 310 3012 1909 5125">
     <span class='ocr_line' id='line_1_37' title="bbox 310 3012 1894 3098; baseline 0.003 -24"><span class='ocrx_word' id='word_1_350' title='bbox 310 3032 407 3093; x_wconf 88' lang='lat' dir='ltr'>quam</span> <span class='ocrx_word' id='word_1_351' title='bbox 416 3014 446 3075; x_wconf 89' lang='lat' dir='ltr'>ei</span> <span class='ocrx_word' id='word_1_352' title='bbox 460 3014 557 3093; x_wconf 92' lang='lat' dir='ltr'>omni,</span> <span class='ocrx_word' id='word_1_353' title='bbox 568 3016 652 3095; x_wconf 91' lang='lat' dir='ltr'>quod</span> <span class='ocrx_word' id='word_1_354' title='bbox 664 3017 731 3077; x_wconf 82' lang='lat' dir='ltr'>haec</span> <span class='ocrx_word' id='word_1_355' title='bbox 745 3017 910 3098; x_wconf 80' lang='lat' dir='ltr'>habetprae</span> <span class='ocrx_word' id='word_1_356' title='bbox 923 3019 977 3080; x_wconf 88' lang='lat' dir='ltr'>illa</span> <span class='ocrx_word' id='word_1_357' title='bbox 990 3038 1077 3083; x_wconf 86' lang='lat' dir='ltr'>sanc-</span> <span class='ocrx_word' id='word_1_358' title='bbox 1169 3019 1223 3079; x_wconf 91' lang='lat' dir='ltr'>Vl.</span> <span class='ocrx_word' id='word_1_359' title='bbox 1239 3018 1257 3079; x_wconf 88' lang='lat' dir='ltr'>J</span> <span class='ocrx_word' id='word_1_360' title='bbox 1260 3035 1311 3079; x_wconf 89' lang='lat' dir='ltr'>am</span> <span class='ocrx_word' id='word_1_361' title='bbox 1327 3017 1353 3078; x_wconf 91' lang='lat' dir='ltr'>si</span> <span class='ocrx_word' id='word_1_362' title='bbox 1368 3012 1514 3094; x_wconf 83' lang='lat' dir='ltr'>Christus,</span> <span class='ocrx_word' id='word_1_363' title='bbox 1529 3016 1642 3096; x_wconf 77' lang='lat' dir='ltr'>quiesi</span> <span class='ocrx_word' id='word_1_364' title='bbox 1664 3016 1730 3096; x_wconf 88' lang='lat' dir='ltr'>ipso</span> <span class='ocrx_word' id='word_1_365' title='bbox 1740 3016 1894 3087; x_wconf 89' lang='lat' dir='ltr'>sanctitas,</span> 
     </span>
     <span class='ocr_line' id='line_1_38' title="bbox 310 3106 1898 3190; baseline 0.004 -25"><span class='ocrx_word' id='word_1_366' title='bbox 310 3106 485 3182; x_wconf 83' lang='lat' dir='ltr'>tissimum3</span> <span class='ocrx_word' id='word_1_367' title='bbox 500 3124 594 3185; x_wconf 89' lang='lat' dir='ltr'>quam</span> <span class='ocrx_word' id='word_1_368' title='bbox 614 3108 738 3188; x_wconf 87' lang='lat' dir='ltr'>ipsimet</span> <span class='ocrx_word' id='word_1_369' title='bbox 756 3110 890 3189; x_wconf 87' lang='lat' dir='ltr'>denique</span> <span class='ocrx_word' id='word_1_370' title='bbox 912 3110 992 3172; x_wconf 86' lang='lat' dir='ltr'>fonti</span> <span class='ocrx_word' id='word_1_371' title='bbox 1005 3130 1078 3174; x_wconf 89' lang='lat' dir='ltr'>auc·</span> <span class='ocrx_word' id='word_1_372' title='bbox 1130 3110 1298 3190; x_wconf 87' lang='lat' dir='ltr'>etjustitia‚</span> <span class='ocrx_word' id='word_1_373' title='bbox 1314 3110 1378 3186; x_wconf 88' lang='lat' dir='ltr'>illo,</span> <span class='ocrx_word' id='word_1_374' title='bbox 1394 3128 1489 3189; x_wconf 90' lang='lat' dir='ltr'>quem</span> <span class='ocrx_word' id='word_1_375' title='bbox 1505 3109 1651 3182; x_wconf 81' lang='lat' dir='ltr'>diximus,</span> <span class='ocrx_word' id='word_1_376' title='bbox 1666 3126 1769 3182; x_wconf 87' lang='lat' dir='ltr'>sensu,</span> <span class='ocrx_word' id='word_1_377' title='bbox 1784 3108 1898 3171; x_wconf 89' lang='lat' dir='ltr'>hocest</span> 
     </span>
     <span class='ocr_line' id='line_1_39' title="bbox 310 3198 1898 3281; baseline 0.002 -23"><span class='ocrx_word' id='word_1_378' title='bbox 310 3198 433 3277; x_wconf 86' lang='lat' dir='ltr'>torique</span> <span class='ocrx_word' id='word_1_379' title='bbox 447 3199 626 3273; x_wconf 88' lang='lat' dir='ltr'>sanctitatis,</span> <span class='ocrx_word' id='word_1_380' title='bbox 638 3202 782 3279; x_wconf 73' lang='lat' dir='ltr'>etgratiae</span> <span class='ocrx_word' id='word_1_381' title='bbox 794 3202 913 3264; x_wconf 87' lang='lat' dir='ltr'>Christo</span> <span class='ocrx_word' id='word_1_382' title='bbox 928 3204 1076 3281; x_wconf 91' lang='lat' dir='ltr'>Domino;</span> <span class='ocrx_word' id='word_1_383' title='bbox 1129 3221 1168 3265; x_wconf 88' lang='lat' dir='ltr'>ex</span> <span class='ocrx_word' id='word_1_384' title='bbox 1181 3202 1342 3275; x_wconf 89' lang='lat' dir='ltr'>accidenti,</span> <span class='ocrx_word' id='word_1_385' title='bbox 1357 3207 1389 3262; x_wconf 89' lang='lat' dir='ltr'>et</span> <span class='ocrx_word' id='word_1_386' title='bbox 1401 3201 1561 3263; x_wconf 68' lang='lat' dir='ltr'>monnone</span> <span class='ocrx_word' id='word_1_387' title='bbox 1579 3206 1691 3280; x_wconf 83' lang='lat' dir='ltr'>praeter</span> <span class='ocrx_word' id='word_1_388' title='bbox 1712 3206 1849 3262; x_wconf 88' lang='lat' dir='ltr'>mentem</span> <span class='ocrx_word' id='word_1_389' title='bbox 1867 3206 1898 3262; x_wconf 89' lang='lat' dir='ltr'>et</span> 
     </span>
     <span class='ocr_line' id='line_1_40' title="bbox 312 3290 1897 3375; baseline 0.001 -23"><span class='ocrx_word' id='word_1_390' title='bbox 312 3290 409 3352; x_wconf 90' lang='lat' dir='ltr'>tribui</span> <span class='ocrx_word' id='word_1_391' title='bbox 422 3290 504 3353; x_wconf 87' lang='lat' dir='ltr'>istud</span> <span class='ocrx_word' id='word_1_392' title='bbox 519 3296 619 3371; x_wconf 86' lang='lat' dir='ltr'>potest</span> <span class='ocrx_word' id='word_1_393' title='bbox 632 3339 640 3369; x_wconf 94' lang='lat'>,</span> <span class='ocrx_word' id='word_1_394' title='bbox 669 3298 704 3354; x_wconf 89' lang='lat' dir='ltr'>ut</span> <span class='ocrx_word' id='word_1_395' title='bbox 715 3295 832 3375; x_wconf 83' lang='lat' dir='ltr'>peccati</span> <span class='ocrx_word' id='word_1_396' title='bbox 845 3301 877 3356; x_wconf 91' lang='lat' dir='ltr'>et</span> <span class='ocrx_word' id='word_1_397' title='bbox 889 3296 975 3357; x_wconf 84' lang='lat' dir='ltr'>exitii</span> <span class='ocrx_word' id='word_1_398' title='bbox 988 3315 1081 3360; x_wconf 86' lang='lat' dir='ltr'>causa</span> <span class='ocrx_word' id='word_1_399' title='bbox 1129 3294 1292 3357; x_wconf 89' lang='lat' dir='ltr'>consilium</span> <span class='ocrx_word' id='word_1_400' title='bbox 1314 3293 1409 3371; x_wconf 90' lang='lat' dir='ltr'>ipsius</span> <span class='ocrx_word' id='word_1_401' title='bbox 1423 3292 1462 3353; x_wconf 89' lang='lat' dir='ltr'>ab</span> <span class='ocrx_word' id='word_1_402' title='bbox 1478 3293 1516 3354; x_wconf 86' lang='lat' dir='ltr'>iis</span> <span class='ocrx_word' id='word_1_403' title='bbox 1534 3298 1668 3373; x_wconf 86' lang='lat' dir='ltr'>arrepta,</span> <span class='ocrx_word' id='word_1_404' title='bbox 1684 3292 1740 3372; x_wconf 87' lang='lat' dir='ltr'>qui</span> <span class='ocrx_word' id='word_1_405' title='bbox 1754 3291 1829 3352; x_wconf 83' lang='lat' dir='ltr'>vitio</span> <span class='ocrx_word' id='word_1_406' title='bbox 1841 3310 1897 3353; x_wconf 89' lang='lat' dir='ltr'>suo</span> 
     </span>
     <span class='ocr_line' id='line_1_41' title="bbox 313 3380 1896 3472; baseline 0 -29"><span class='ocrx_word' id='word_1_407' title='bbox 313 3380 465 3444; x_wconf 80' lang='lat' dir='ltr'>dicatur⁸.</span> <span class='ocrx_word' id='word_1_408' title='bbox 486 3382 544 3444; x_wconf 75' lang='lat' dir='ltr'>«Si</span> <span class='ocrx_word' id='word_1_409' title='bbox 561 3385 645 3445; x_wconf 89' lang='lat' dir='ltr'>enim</span> <span class='ocrx_word' id='word_1_410' title='bbox 658 3384 815 3466; x_wconf 67' lang='lat' dir='ltr'>Apostoli*</span> <span class='ocrx_word' id='word_1_411' title='bbox 829 3386 1000 3467; x_wconf 81' lang='lat' dir='ltr'>quibusdem</span> <span class='ocrx_word' id='word_1_412' title='bbox 1015 3390 1082 3472; x_wconf 82' lang='lat' dir='ltr'>qui·</span> <span class='ocrx_word' id='word_1_413' title='bbox 1130 3385 1211 3448; x_wconf 91' lang='lat' dir='ltr'>male</span> <span class='ocrx_word' id='word_1_414' title='bbox 1239 3385 1323 3446; x_wconf 92' lang='lat' dir='ltr'>bono</span> <span class='ocrx_word' id='word_1_415' title='bbox 1348 3390 1421 3445; x_wconf 90' lang='lat' dir='ltr'>sunt</span> <span class='ocrx_word' id='word_1_416' title='bbox 1447 3385 1516 3459; x_wconf 91' lang='lat' dir='ltr'>usi,</span> <span class='ocrx_word' id='word_1_417' title='bbox 1541 3384 1695 3464; x_wconf 89' lang='lat' dir='ltr'>plerisque</span> <span class='ocrx_word' id='word_1_418' title='bbox 1720 3383 1896 3444; x_wconf 75' lang='lat' dir='ltr'>mortalium</span> 
     </span>
     <span class='ocr_line' id='line_1_42' title="bbox 312 3472 1897 3561; baseline 0.001 -27"><span class='ocrx_word' id='word_1_419' title='bbox 312 3472 574 3536; x_wconf 59' lang='lat' dir='ltr'>damnauerat</span> <span class='ocrx_word' id='word_1_420' title='bbox 598 3475 638 3537; x_wconf 86' lang='lat' dir='ltr'>ed</span> <span class='ocrx_word' id='word_1_421' title='bbox 661 3484 883 3553; x_wconf 74' lang='lat' dir='ltr'>mortuorunt,</span> <span class='ocrx_word' id='word_1_422' title='bbox 908 3480 1081 3561; x_wconf 81' lang='lat' dir='ltr'>quidusdam</span> <span class='ocrx_word' id='word_1_423' title='bbox 1130 3478 1279 3539; x_wconf 85' lang='lat' dir='ltr'>exitiosus</span> <span class='ocrx_word' id='word_1_424' title='bbox 1289 3482 1344 3552; x_wconf 89' lang='lat' dir='ltr'>cst,</span> <span class='ocrx_word' id='word_1_425' title='bbox 1361 3474 1463 3537; x_wconf 72' lang='lat' dir='ltr'>endor</span> <span class='ocrx_word' id='word_1_426' title='bbox 1474 3480 1576 3536; x_wconf 85' lang='lat' dir='ltr'>mortis</span> <span class='ocrx_word' id='word_1_427' title='bbox 1589 3476 1749 3536; x_wconf 80' lang='lat' dir='ltr'>inmortem</span> <span class='ocrx_word' id='word_1_428' title='bbox 1764 3473 1897 3536; x_wconf 79' lang='lat' dir='ltr'>⁸:multo</span> 
     </span>
     <span class='ocr_line' id='line_1_43' title="bbox 312 3565 1897 3649; baseline -0.001 -22"><span class='ocrx_word' id='word_1_429' title='bbox 312 3574 410 3628; x_wconf 83' lang='lat' dir='ltr'>eutem</span> <span class='ocrx_word' id='word_1_430' title='bbox 424 3565 494 3628; x_wconf 84' lang='lat' dir='ltr'>odor</span> <span class='ocrx_word' id='word_1_431' title='bbox 505 3568 576 3629; x_wconf 82' lang='lat' dir='ltr'>cltoe</span> <span class='ocrx_word' id='word_1_432' title='bbox 590 3566 631 3630; x_wconf 88' lang='lat' dir='ltr'>od</span> <span class='ocrx_word' id='word_1_433' title='bbox 644 3569 749 3646; x_wconf 82' lang='lat' dir='ltr'>citam,</span> <span class='ocrx_word' id='word_1_434' title='bbox 765 3570 810 3631; x_wconf 87' lang='lat' dir='ltr'>ait</span> <span class='ocrx_word' id='word_1_435' title='bbox 825 3573 1082 3636; x_wconf 77' lang='lat' dir='ltr'>ErnebiusCaesa-</span> <span class='ocrx_word' id='word_1_436' title='bbox 1130 3570 1231 3648; x_wconf 77' lang='lat' dir='ltr'>magis</span> <span class='ocrx_word' id='word_1_437' title='bbox 1244 3568 1298 3630; x_wconf 87' lang='lat' dir='ltr'>illa</span> <span class='ocrx_word' id='word_1_438' title='bbox 1309 3568 1376 3649; x_wconf 87' lang='lat' dir='ltr'>ipsa</span> <span class='ocrx_word' id='word_1_439' title='bbox 1398 3587 1468 3648; x_wconf 81' lang='lat' dir='ltr'>quae</span> <span class='ocrx_word' id='word_1_440' title='bbox 1490 3567 1620 3641; x_wconf 88' lang='lat' dir='ltr'>dicitur,</span> <span class='ocrx_word' id='word_1_441' title='bbox 1642 3567 1741 3646; x_wconf 81' lang='lat' dir='ltr'>gratia</span> <span class='ocrx_word' id='word_1_442' title='bbox 1766 3566 1897 3642; x_wconf 83' lang='lat' dir='ltr'>Christi,</span> 
     </span>
     <span class='ocr_line' id='line_1_44' title="bbox 313 3654 1899 3742; baseline 0 -24"><span class='ocrx_word' id='word_1_443' title='bbox 313 3659 434 3734; x_wconf 79' lang='lat' dir='ltr'>niensis,</span> <span class='ocrx_word' id='word_1_444' title='bbox 445 3660 471 3720; x_wconf 90' lang='lat' dir='ltr'>si</span> <span class='ocrx_word' id='word_1_445' title='bbox 492 3654 619 3740; x_wconf 81' lang='lat' dir='ltr'>ilii,&#39;qui</span> <span class='ocrx_word' id='word_1_446' title='bbox 642 3679 698 3740; x_wconf 88' lang='lat' dir='ltr'>per</span> <span class='ocrx_word' id='word_1_447' title='bbox 720 3656 876 3725; x_wconf 77' lang='lat' dir='ltr'>Christum</span> <span class='ocrx_word' id='word_1_448' title='bbox 889 3665 934 3725; x_wconf 87' lang='lat' dir='ltr'>sal</span> <span class='ocrx_word' id='word_1_449' title='bbox 947 3671 1035 3741; x_wconf 82' lang='lat' dir='ltr'>sunt3</span> <span class='ocrx_word' id='word_1_450' title='bbox 1051 3673 1083 3728; x_wconf 86' lang='lat' dir='ltr'>et</span> <span class='ocrx_word' id='word_1_451' title='bbox 1132 3666 1239 3742; x_wconf 86' lang='lat' dir='ltr'>quaet</span> <span class='ocrx_word' id='word_1_452' title='bbox 1259 3659 1434 3722; x_wconf 81' lang='lat' dir='ltr'>hominess</span> <span class='ocrx_word' id='word_1_453' title='bbox 1451 3660 1584 3741; x_wconf 88' lang='lat' dir='ltr'>peccatis</span> <span class='ocrx_word' id='word_1_454' title='bbox 1610 3661 1794 3720; x_wconf 85' lang='lat' dir='ltr'>eximuntur</span> <span class='ocrx_word' id='word_1_455' title='bbox 1816 3657 1899 3719; x_wconf 91' lang='lat' dir='ltr'>etad</span> 
     </span>
     <span class='ocr_line' id='line_1_45' title="bbox 313 3744 1901 3834; baseline 0 -23"><span class='ocrx_word' id='word_1_456' title='bbox 313 3751 369 3830; x_wconf 92' lang='lat' dir='ltr'>qui</span> <span class='ocrx_word' id='word_1_457' title='bbox 383 3769 439 3831; x_wconf 87' lang='lat' dir='ltr'>per</span> <span class='ocrx_word' id='word_1_458' title='bbox 459 3752 616 3813; x_wconf 87' lang='lat' dir='ltr'>Christum</span> <span class='ocrx_word' id='word_1_459' title='bbox 642 3752 810 3814; x_wconf 88' lang='lat' dir='ltr'>luminaria</span> <span class='ocrx_word' id='word_1_460' title='bbox 837 3754 1023 3834; x_wconf 87' lang='lat' dir='ltr'>efficiuntur,</span> <span class='ocrx_word' id='word_1_461' title='bbox 1043 3759 1082 3819; x_wconf 89' lang='lat' dir='ltr'>ad</span> <span class='ocrx_word' id='word_1_462' title='bbox 1128 3753 1280 3832; x_wconf 86' lang='lat' dir='ltr'>justitiam</span> <span class='ocrx_word' id='word_1_463' title='bbox 1308 3753 1538 3832; x_wconf 88' lang='lat' dir='ltr'>perducuntur,</span> <span class='ocrx_word' id='word_1_464' title='bbox 1563 3751 1672 3813; x_wconf 88' lang='lat' dir='ltr'>iisdem</span> <span class='ocrx_word' id='word_1_465' title='bbox 1693 3751 1757 3819; x_wconf 85' lang='lat' dir='ltr'>fiet,</span> <span class='ocrx_word' id='word_1_466' title='bbox 1791 3744 1901 3812; x_wconf 85' lang='lat' dir='ltr'>eorum</span> 
     </span>
     <span class='ocr_line' id='line_1_46' title="bbox 313 3842 1900 3928; baseline -0.001 -24"><span class='ocrx_word' id='word_1_467' title='bbox 313 3848 458 3921; x_wconf 83' lang='lat' dir='ltr'>mortem,</span> <span class='ocrx_word' id='word_1_468' title='bbox 470 3843 697 3905; x_wconf 84' lang='lat' dir='ltr'>etadvitamhis</span> <span class='ocrx_word' id='word_1_469' title='bbox 707 3846 907 3924; x_wconf 84' lang='lat' dir='ltr'>quieredunt‚</span> <span class='ocrx_word' id='word_1_470' title='bbox 917 3848 1007 3928; x_wconf 90' lang='lat' dir='ltr'>etqui</span> <span class='ocrx_word' id='word_1_471' title='bbox 1018 3867 1082 3910; x_wconf 89' lang='lat' dir='ltr'>non</span> <span class='ocrx_word' id='word_1_472' title='bbox 1132 3846 1235 3926; x_wconf 92' lang='lat' dir='ltr'>culpa,</span> <span class='ocrx_word' id='word_1_473' title='bbox 1256 3844 1378 3905; x_wconf 88' lang='lat' dir='ltr'>lethalis</span> <span class='ocrx_word' id='word_1_474' title='bbox 1389 3863 1424 3905; x_wconf 88' lang='lat' dir='ltr'>ac</span> <span class='ocrx_word' id='word_1_475' title='bbox 1439 3843 1593 3924; x_wconf 86' lang='lat' dir='ltr'>pestifera.</span> <span class='ocrx_word' id='word_1_476' title='bbox 1608 3843 1702 3904; x_wconf 86' lang='lat' dir='ltr'>Addit</span> <span class='ocrx_word' id='word_1_477' title='bbox 1721 3842 1807 3904; x_wconf 90' lang='lat' dir='ltr'>enim</span> <span class='ocrx_word' id='word_1_478' title='bbox 1827 3860 1900 3903; x_wconf 89' lang='lat' dir='ltr'>con-</span> 
     </span>
     <span class='ocr_line' id='line_1_47' title="bbox 315 3934 1902 4023; baseline -0.001 -27"><span class='ocrx_word' id='word_1_479' title='bbox 315 3934 628 4023; x_wconf 80' lang='lat' dir='ltr'>credunthabentur,</span> <span class='ocrx_word' id='word_1_480' title='bbox 643 3943 761 4015; x_wconf 87' lang='lat' dir='ltr'>quanto</span> <span class='ocrx_word' id='word_1_481' title='bbox 784 3940 883 4018; x_wconf 81' lang='lat' dir='ltr'>magis</span> <span class='ocrx_word' id='word_1_482' title='bbox 905 3940 1005 4019; x_wconf 89' lang='lat' dir='ltr'>isqui</span> <span class='ocrx_word' id='word_1_483' title='bbox 1028 3941 1084 4002; x_wconf 91' lang='lat' dir='ltr'>dc·</span> <span class='ocrx_word' id='word_1_484' title='bbox 1133 3942 1251 4017; x_wconf 84' lang='lat' dir='ltr'>tempta</span> <span class='ocrx_word' id='word_1_485' title='bbox 1264 3954 1349 4013; x_wconf 82' lang='lat' dir='ltr'>mox,</span> <span class='ocrx_word' id='word_1_486' title='bbox 1372 3942 1404 3998; x_wconf 88' lang='lat' dir='ltr'>et</span> <span class='ocrx_word' id='word_1_487' title='bbox 1429 3936 1549 4014; x_wconf 83' lang='lat' dir='ltr'>abjecta</span> <span class='ocrx_word' id='word_1_488' title='bbox 1566 3936 1606 3996; x_wconf 89' lang='lat' dir='ltr'>ad</span> <span class='ocrx_word' id='word_1_489' title='bbox 1631 3934 1817 3996; x_wconf 75' lang='lat' dir='ltr'>infelicitatis</span> <span class='ocrx_word' id='word_1_490' title='bbox 1834 3935 1902 3995; x_wconf 90' lang='lat' dir='ltr'>illo·</span> 
     </span>
     <span class='ocr_line' id='line_1_48' title="bbox 315 4026 1902 4112; baseline -0.001 -25"><span class='ocrx_word' id='word_1_491' title='bbox 315 4028 400 4087; x_wconf 87' lang='lat' dir='ltr'>navit</span> <span class='ocrx_word' id='word_1_492' title='bbox 412 4027 480 4086; x_wconf 85' lang='lat' dir='ltr'>haec</span> <span class='ocrx_word' id='word_1_493' title='bbox 500 4027 680 4087; x_wconf 86' lang='lat' dir='ltr'>hominibus</span> <span class='ocrx_word' id='word_1_494' title='bbox 694 4028 881 4089; x_wconf 78' lang='lat' dir='ltr'>Christusln</span> <span class='ocrx_word' id='word_1_495' title='bbox 900 4032 1008 4110; x_wconf 86' lang='lat' dir='ltr'>ltaque</span> <span class='ocrx_word' id='word_1_496' title='bbox 1031 4050 1084 4112; x_wconf 92' lang='lat' dir='ltr'>pe-</span> <span class='ocrx_word' id='word_1_497' title='bbox 1132 4047 1204 4090; x_wconf 89' lang='lat' dir='ltr'>rum</span> <span class='ocrx_word' id='word_1_498' title='bbox 1218 4029 1389 4101; x_wconf 88' lang='lat' dir='ltr'>cumulum,</span> <span class='ocrx_word' id='word_1_499' title='bbox 1414 4035 1445 4090; x_wconf 88' lang='lat' dir='ltr'>et</span> <span class='ocrx_word' id='word_1_500' title='bbox 1463 4029 1691 4089; x_wconf 88' lang='lat' dir='ltr'>incrementum</span> <span class='ocrx_word' id='word_1_501' title='bbox 1714 4026 1803 4087; x_wconf 81' lang='lat' dir='ltr'>alieri</span> <span class='ocrx_word' id='word_1_502' title='bbox 1817 4026 1902 4087; x_wconf 89' lang='lat' dir='ltr'>dam·</span> 
     </span>
     <span class='ocr_line' id='line_1_49' title="bbox 314 4115 1905 4204; baseline -0.003 -24"><span class='ocrx_word' id='word_1_503' title='bbox 314 4118 404 4180; x_wconf 87' lang='lat' dir='ltr'>rinde</span> <span class='ocrx_word' id='word_1_504' title='bbox 438 4119 513 4179; x_wconf 88' lang='lat' dir='ltr'>novi</span> <span class='ocrx_word' id='word_1_505' title='bbox 554 4119 742 4180; x_wconf 85' lang='lat' dir='ltr'>Testamenti</span> <span class='ocrx_word' id='word_1_506' title='bbox 787 4122 887 4199; x_wconf 84' lang='lat' dir='ltr'>gratia</span> <span class='ocrx_word' id='word_1_507' title='bbox 930 4122 1085 4204; x_wconf 79' lang='lat' dir='ltr'>impediens</span> <span class='ocrx_word' id='word_1_508' title='bbox 1134 4118 1277 4195; x_wconf 86' lang='lat' dir='ltr'>nationis,</span> <span class='ocrx_word' id='word_1_509' title='bbox 1302 4116 1619 4196; x_wconf 87' lang='lat' dir='ltr'>calamitosiorcmque</span> <span class='ocrx_word' id='word_1_510' title='bbox 1654 4115 1757 4176; x_wconf 89' lang='lat' dir='ltr'>reddit</span> <span class='ocrx_word' id='word_1_511' title='bbox 1795 4131 1905 4175; x_wconf 86' lang='lat' dir='ltr'>eorum</span> 
     </span>
     <span class='ocr_line' id='line_1_50' title="bbox 315 4204 1905 4294; baseline -0.003 -22"><span class='ocrx_word' id='word_1_512' title='bbox 315 4209 466 4291; x_wconf 88' lang='lat' dir='ltr'>appellari</span> <span class='ocrx_word' id='word_1_513' title='bbox 480 4209 588 4286; x_wconf 86' lang='lat' dir='ltr'>debet,</span> <span class='ocrx_word' id='word_1_514' title='bbox 604 4229 640 4271; x_wconf 88' lang='lat' dir='ltr'>ac</span> <span class='ocrx_word' id='word_1_515' title='bbox 654 4211 804 4291; x_wconf 90' lang='lat' dir='ltr'>quidquid</span> <span class='ocrx_word' id='word_1_516' title='bbox 827 4212 905 4273; x_wconf 93' lang='lat' dir='ltr'>illud</span> <span class='ocrx_word' id='word_1_517' title='bbox 925 4220 985 4287; x_wconf 89' lang='lat' dir='ltr'>est,</span> <span class='ocrx_word' id='word_1_518' title='bbox 1001 4216 1085 4294; x_wconf 91' lang='lat' dir='ltr'>quod</span> <span class='ocrx_word' id='word_1_519' title='bbox 1134 4214 1260 4271; x_wconf 87' lang='lat' dir='ltr'>statum.</span> <span class='ocrx_word' id='word_1_520' title='bbox 1279 4208 1370 4270; x_wconf 79' lang='lat' dir='ltr'>Terra</span> <span class='ocrx_word' id='word_1_521' title='bbox 1383 4208 1503 4290; x_wconf 81' lang='lat' dir='ltr'>quippe,</span> <span class='ocrx_word' id='word_1_522' title='bbox 1515 4214 1550 4268; x_wconf 84' lang='lat' dir='ltr'>ut</span> <span class='ocrx_word' id='word_1_523' title='bbox 1563 4207 1607 4268; x_wconf 86' lang='lat' dir='ltr'>ait</span> <span class='ocrx_word' id='word_1_524' title='bbox 1621 4204 1819 4287; x_wconf 83' lang='lat' dir='ltr'>Apostolus⁹‚</span> <span class='ocrx_word' id='word_1_525' title='bbox 1830 4223 1905 4286; x_wconf 78' lang='lat' dir='ltr'>sepe</span> 
     </span>
     <span class='ocr_line' id='line_1_51' title="bbox 316 4297 1904 4384; baseline -0.004 -20"><span class='ocrx_word' id='word_1_526' title='bbox 316 4303 356 4364; x_wconf 89' lang='lat' dir='ltr'>ad</span> <span class='ocrx_word' id='word_1_527' title='bbox 369 4304 614 4365; x_wconf 89' lang='lat' dir='ltr'>dedecorandam</span> <span class='ocrx_word' id='word_1_528' title='bbox 635 4304 800 4366; x_wconf 88' lang='lat' dir='ltr'>Mosaicam</span> <span class='ocrx_word' id='word_1_529' title='bbox 821 4305 943 4384; x_wconf 78' lang='lat' dir='ltr'>legem,</span> <span class='ocrx_word' id='word_1_530' title='bbox 958 4306 993 4367; x_wconf 93' lang='lat' dir='ltr'>in</span> <span class='ocrx_word' id='word_1_531' title='bbox 1016 4323 1085 4368; x_wconf 87' lang='lat' dir='ltr'>eam</span> <span class='ocrx_word' id='word_1_532' title='bbox 1136 4300 1296 4362; x_wconf 75' lang='lat' dir='ltr'>censentem</span> <span class='ocrx_word' id='word_1_533' title='bbox 1309 4319 1396 4381; x_wconf 83' lang='lat' dir='ltr'>super</span> <span class='ocrx_word' id='word_1_534' title='bbox 1415 4318 1444 4361; x_wconf 88' lang='lat' dir='ltr'>sc</span> <span class='ocrx_word' id='word_1_535' title='bbox 1471 4299 1568 4361; x_wconf 82' lang='lat' dir='ltr'>libens</span> <span class='ocrx_word' id='word_1_536' title='bbox 1584 4297 1719 4374; x_wconf 66' lang='lat' dir='ltr'>imbrum</span> <span class='ocrx_word' id='word_1_537' title='bbox 1745 4305 1775 4359; x_wconf 86' lang='lat' dir='ltr'>et</span> <span class='ocrx_word' id='word_1_538' title='bbox 1791 4297 1904 4378; x_wconf 76' lang='lat' dir='ltr'>penui·</span> 
     </span>
     <span class='ocr_line' id='line_1_52' title="bbox 317 4388 1904 4475; baseline -0.005 -20"><span class='ocrx_word' id='word_1_539' title='bbox 317 4394 434 4456; x_wconf 87' lang='lat' dir='ltr'>conlert</span> <span class='ocrx_word' id='word_1_540' title='bbox 455 4396 649 4457; x_wconf 88' lang='lat' dir='ltr'>Anomornm</span> <span class='ocrx_word' id='word_1_541' title='bbox 665 4396 810 4475; x_wconf 86' lang='lat' dir='ltr'>imperita</span> <span class='ocrx_word' id='word_1_542' title='bbox 821 4395 918 4473; x_wconf 86' lang='lat' dir='ltr'>natio,</span> <span class='ocrx_word' id='word_1_543' title='bbox 937 4402 1038 4460; x_wconf 90' lang='lat' dir='ltr'>totum</span> <span class='ocrx_word' id='word_1_544' title='bbox 1053 4397 1088 4458; x_wconf 91' lang='lat' dir='ltr'>in</span> <span class='ocrx_word' id='word_1_545' title='bbox 1134 4411 1211 4454; x_wconf 82' lang='lat' dir='ltr'>noos</span> <span class='ocrx_word' id='word_1_546' title='bbox 1222 4391 1341 4454; x_wconf 82' lang='lat' dir='ltr'>larbam</span> <span class='ocrx_word' id='word_1_547' title='bbox 1354 4399 1547 4473; x_wconf 78' lang='lat' dir='ltr'>opportunam</span> <span class='ocrx_word' id='word_1_548' title='bbox 1563 4389 1775 4470; x_wconf 76' lang='lat' dir='ltr'>r&#39;llh,oqailos</span> <span class='ocrx_word' id='word_1_549' title='bbox 1789 4388 1904 4470; x_wconf 66' lang='lat' dir='ltr'>aare,</span> 
     </span>
     <span class='ocr_line' id='line_1_53' title="bbox 318 4481 1906 4568; baseline -0.004 -21"><span class='ocrx_word' id='word_1_550' title='bbox 318 4486 523 4548; x_wconf 85' lang='lat' dir='ltr'>Christianam</span> <span class='ocrx_word' id='word_1_551' title='bbox 560 4488 757 4549; x_wconf 86' lang='lat' dir='ltr'>redundabit.</span> <span class='ocrx_word' id='word_1_552' title='bbox 794 4488 972 4568; x_wconf 87' lang='lat' dir='ltr'>Siquidem,</span> <span class='ocrx_word' id='word_1_553' title='bbox 1008 4510 1020 4545; x_wconf 85' lang='lat' dir='ltr'>r</span> <span class='ocrx_word' id='word_1_554' title='bbox 1057 4495 1088 4550; x_wconf 88' lang='lat' dir='ltr'>et</span> <span class='ocrx_word' id='word_1_555' title='bbox 1135 4485 1245 4566; x_wconf 76' lang='lat' dir='ltr'>accipet</span> <span class='ocrx_word' id='word_1_556' title='bbox 1259 4484 1484 4546; x_wconf 80' lang='lat' dir='ltr'>benedictionem</span> <span class='ocrx_word' id='word_1_557' title='bbox 1503 4482 1596 4543; x_wconf 87' lang='lat' dir='ltr'>oDeo</span> <span class='ocrx_word' id='word_1_558' title='bbox 1609 4502 1622 4545; x_wconf 93' lang='grc'>.·</span> <span class='ocrx_word' id='word_1_559' title='bbox 1632 4481 1788 4562; x_wconf 75' lang='lat' dir='ltr'>proferens</span> <span class='ocrx_word' id='word_1_560' title='bbox 1808 4488 1906 4541; x_wconf 79' lang='lat' dir='ltr'>caten</span> 
     </span>
     <span class='ocr_line' id='line_1_54' title="bbox 318 4570 1908 4660; baseline -0.004 -22"><span class='ocrx_word' id='word_1_561' title='bbox 318 4584 424 4639; x_wconf 87' lang='lat' dir='ltr'>sancta</span> <span class='ocrx_word' id='word_1_562' title='bbox 449 4585 578 4657; x_wconf 88' lang='lat' dir='ltr'>possunt</span> <span class='ocrx_word' id='word_1_563' title='bbox 600 4578 721 4653; x_wconf 88' lang='lat' dir='ltr'>obesse,</span> <span class='ocrx_word' id='word_1_564' title='bbox 741 4580 786 4640; x_wconf 88' lang='lat' dir='ltr'>ait</span> <span class='ocrx_word' id='word_1_565' title='bbox 811 4579 1036 4660; x_wconf 66' lang='lat' dir='ltr'>Augustinusl.</span> <span class='ocrx_word' id='word_1_566' title='bbox 1051 4582 1096 4641; x_wconf 86' lang='lat' dir='ltr'>ln&#39;</span> <span class='ocrx_word' id='word_1_567' title='bbox 1135 4578 1279 4658; x_wconf 78' lang='lat' dir='ltr'>spiraret</span> <span class='ocrx_word' id='word_1_568' title='bbox 1307 4575 1443 4650; x_wconf 76' lang='lat' dir='ltr'>tribulos,</span> <span class='ocrx_word' id='word_1_569' title='bbox 1470 4574 1594 4655; x_wconf 81' lang='lat' dir='ltr'>reproba</span> <span class='ocrx_word' id='word_1_570' title='bbox 1615 4581 1667 4651; x_wconf 85' lang='lat' dir='ltr'>est,</span> <span class='ocrx_word' id='word_1_571' title='bbox 1696 4580 1724 4633; x_wconf 82' lang='lat' dir='ltr'>et</span> <span class='ocrx_word' id='word_1_572' title='bbox 1752 4570 1908 4633; x_wconf 80' lang='lat' dir='ltr'>maledieto</span> 
     </span>
     <span class='ocr_line' id='line_1_55' title="bbox 319 4663 1907 4752; baseline -0.004 -23"><span class='ocrx_word' id='word_1_573' title='bbox 319 4668 410 4730; x_wconf 91' lang='lat' dir='ltr'>bonis</span> <span class='ocrx_word' id='word_1_574' title='bbox 424 4669 508 4730; x_wconf 88' lang='lat' dir='ltr'>enim</span> <span class='ocrx_word' id='word_1_575' title='bbox 518 4671 671 4731; x_wconf 70' lang='lat' dir='ltr'>sancuad</span> <span class='ocrx_word' id='word_1_576' title='bbox 684 4672 815 4732; x_wconf 86' lang='lat' dir='ltr'>salutem</span> <span class='ocrx_word' id='word_1_577' title='bbox 824 4672 986 4746; x_wconf 73' lang='lat' dir='ltr'>insontia</span> <span class='ocrx_word' id='word_1_578' title='bbox 1000 4672 1089 4732; x_wconf 88' lang='lat' dir='ltr'>malis</span> <span class='ocrx_word' id='word_1_579' title='bbox 1132 4669 1391 4752; x_wconf 56' lang='lat' dir='ltr'>proxime-cajus</span> <span class='ocrx_word' id='word_1_580' title='bbox 1414 4667 1624 4729; x_wconf 76' lang='lat' dir='ltr'>comemmotr&#39;o</span> <span class='ocrx_word' id='word_1_581' title='bbox 1651 4673 1693 4727; x_wconf 84' lang='lat' dir='ltr'>est</span> <span class='ocrx_word' id='word_1_582' title='bbox 1716 4664 1750 4725; x_wconf 84' lang='lat' dir='ltr'>io</span> <span class='ocrx_word' id='word_1_583' title='bbox 1774 4663 1907 4726; x_wconf 82' lang='lat' dir='ltr'>comtos·</span> 
     </span>
     <span class='ocr_line' id='line_1_56' title="bbox 320 4755 1907 4843; baseline -0.004 -20"><span class='ocrx_word' id='word_1_584' title='bbox 320 4762 358 4823; x_wconf 85' lang='lat' dir='ltr'>ad</span> <span class='ocrx_word' id='word_1_585' title='bbox 367 4761 531 4840; x_wconf 86' lang='lat' dir='ltr'>judicium.</span> <span class='ocrx_word' id='word_1_586' title='bbox 547 4782 563 4819; x_wconf 77' lang='lat' dir='ltr'>r&gt;</span> <span class='ocrx_word' id='word_1_587' title='bbox 581 4762 668 4837; x_wconf 83' lang='lat' dir='ltr'>erod</span> <span class='ocrx_word' id='word_1_588' title='bbox 682 4763 821 4842; x_wconf 89' lang='lat' dir='ltr'>ipsorum</span> <span class='ocrx_word' id='word_1_589' title='bbox 836 4764 978 4843; x_wconf 86' lang='lat' dir='ltr'>exemplo</span> <span class='ocrx_word' id='word_1_590' title='bbox 992 4781 1088 4824; x_wconf 86' lang='lat' dir='ltr'>sacra-</span> <span class='ocrx_word' id='word_1_591' title='bbox 1140 4762 1257 4822; x_wconf 83' lang='lat' dir='ltr'>tiooero.</span> <span class='ocrx_word' id='word_1_592' title='bbox 1272 4760 1319 4821; x_wconf 94' lang='lat' dir='ltr'>Ad</span> <span class='ocrx_word' id='word_1_593' title='bbox 1337 4761 1396 4821; x_wconf 92' lang='lat' dir='ltr'>hoc</span> <span class='ocrx_word' id='word_1_594' title='bbox 1418 4759 1514 4835; x_wconf 80' lang='lat' dir='ltr'>igitur</span> <span class='ocrx_word' id='word_1_595' title='bbox 1529 4758 1628 4819; x_wconf 88' lang='lat' dir='ltr'>valuit</span> <span class='ocrx_word' id='word_1_596' title='bbox 1653 4756 1780 4817; x_wconf 91' lang='lat' dir='ltr'>illorum</span> <span class='ocrx_word' id='word_1_597' title='bbox 1803 4755 1907 4834; x_wconf 90' lang='lat' dir='ltr'>culpa,</span> 
     </span>
     <span class='ocr_line' id='line_1_57' title="bbox 320 4845 1908 4935; baseline -0.006 -20"><span class='ocrx_word' id='word_1_598' title='bbox 320 4860 498 4916; x_wconf 88' lang='lat' dir='ltr'>mentorum</span> <span class='ocrx_word' id='word_1_599' title='bbox 511 4855 642 4934; x_wconf 88' lang='lat' dir='ltr'>probare</span> <span class='ocrx_word' id='word_1_600' title='bbox 662 4845 772 4935; x_wconf 78' lang='lat' dir='ltr'>pergit,</span> <span class='ocrx_word' id='word_1_601' title='bbox 803 4856 1011 4931; x_wconf 70' lang='lat' dir='ltr'>Eucharistiae,</span> <span class='ocrx_word' id='word_1_602' title='bbox 1038 4860 1084 4916; x_wconf 88' lang='lat' dir='ltr'>at·</span> <span class='ocrx_word' id='word_1_603' title='bbox 1140 4852 1329 4914; x_wconf 85' lang='lat' dir='ltr'>abundantia</span> <span class='ocrx_word' id='word_1_604' title='bbox 1351 4851 1404 4913; x_wconf 87' lang='lat' dir='ltr'>illa</span> <span class='ocrx_word' id='word_1_605' title='bbox 1427 4852 1533 4931; x_wconf 81' lang='lat' dir='ltr'>gratiae</span> <span class='ocrx_word' id='word_1_606' title='bbox 1557 4850 1682 4926; x_wconf 82' lang='lat' dir='ltr'>Christi,</span> <span class='ocrx_word' id='word_1_607' title='bbox 1706 4854 1743 4908; x_wconf 90' lang='lat' dir='ltr'>ut</span> <span class='ocrx_word' id='word_1_608' title='bbox 1767 4847 1908 4926; x_wconf 79' lang='lat' dir='ltr'>graviore</span> 
     </span>
     <span class='ocr_line' id='line_1_58' title="bbox 322 4939 1909 5027; baseline -0.006 -20"><span class='ocrx_word' id='word_1_609' title='bbox 322 4964 382 5026; x_wconf 90' lang='lat' dir='ltr'>que</span> <span class='ocrx_word' id='word_1_610' title='bbox 406 4946 562 5027; x_wconf 88' lang='lat' dir='ltr'>baptismi.</span> <span class='ocrx_word' id='word_1_611' title='bbox 591 4947 664 5008; x_wconf 84' lang='lat' dir='ltr'>Haec</span> <span class='ocrx_word' id='word_1_612' title='bbox 688 4946 774 5009; x_wconf 83' lang='lat' dir='ltr'>enim</span> <span class='ocrx_word' id='word_1_613' title='bbox 805 4948 934 5027; x_wconf 89' lang='lat' dir='ltr'>perinde</span> <span class='ocrx_word' id='word_1_614' title='bbox 956 4953 991 5007; x_wconf 89' lang='lat' dir='ltr'>ut</span> <span class='ocrx_word' id='word_1_615' title='bbox 1018 4956 1092 5011; x_wconf 90' lang='lat' dir='ltr'>sunt</span> <span class='ocrx_word' id='word_1_616' title='bbox 1140 4944 1377 5025; x_wconf 91' lang='lat' dir='ltr'>quamdudum</span> <span class='ocrx_word' id='word_1_617' title='bbox 1401 4942 1577 5021; x_wconf 86' lang='lat' dir='ltr'>maledicto,</span> <span class='ocrx_word' id='word_1_618' title='bbox 1607 4957 1759 5022; x_wconf 78' lang='lat' dir='ltr'>poenaque</span> <span class='ocrx_word' id='word_1_619' title='bbox 1791 4939 1909 5019; x_wconf 85' lang='lat' dir='ltr'>plecte-</span> 
     </span>
     <span class='ocr_line' id='line_1_59' title="bbox 321 5037 1261 5125; baseline 0 -26"><span class='ocrx_word' id='word_1_620' title='bbox 321 5037 431 5114; x_wconf 84' lang='lat' dir='ltr'>affecti,</span> <span class='ocrx_word' id='word_1_621' title='bbox 443 5038 623 5119; x_wconf 88' lang='lat' dir='ltr'>quihusista</span> <span class='ocrx_word' id='word_1_622' title='bbox 633 5038 843 5117; x_wconf 81' lang='lat' dir='ltr'>conferuntur,</span> <span class='ocrx_word' id='word_1_623' title='bbox 859 5040 902 5101; x_wconf 87' lang='lat' dir='ltr'>ita</span> <span class='ocrx_word' id='word_1_624' title='bbox 915 5042 1090 5125; x_wconf 81' lang='lat' dir='ltr'>commoda,</span> <span class='ocrx_word' id='word_1_625' title='bbox 1141 5042 1261 5099; x_wconf 87' lang='lat' dir='ltr'>rentur.</span> 
     </span>
    </p>
   </div>
   <div class='ocr_carea' id='block_1_12' title="bbox 358 5211 1088 5298">
    <p class='ocr_par' dir='ltr' id='par_1_14' title="bbox 358 5211 1088 5298">
     <span class='ocr_line' id='line_1_60' title="bbox 358 5211 1088 5298; baseline 0.018 -30"><span class='ocrx_word' id='word_1_626' title='bbox 358 5228 379 5268; x_wconf 89' lang='lat' dir='ltr'>a</span> <span class='ocrx_word' id='word_1_627' title='bbox 396 5211 559 5285; x_wconf 70' lang='lat' dir='ltr'>Proeapud</span> <span class='ocrx_word' id='word_1_628' title='bbox 569 5213 685 5270; x_wconf 79' lang='lat' dir='ltr'>oscum.</span> <span class='ocrx_word' id='word_1_629' title='bbox 695 5211 1088 5298; x_wconf 61' lang='grc' dir='ltr'>Καὶγέγονενείςᾶμαρτίανώθῶν,</span> 
     </span>
    </p>
   </div>
   <div class='ocr_carea' id='block_1_13' title="bbox 322 5340 1909 5590">
    <p class='ocr_par' dir='ltr' id='par_1_15' title="bbox 322 5340 1909 5590">
     <span class='ocr_line' id='line_1_61' title="bbox 348 5340 1909 5457; baseline -0.017 -38"><span class='ocrx_word' id='word_1_630' title='bbox 348 5376 359 5419; x_wconf 84' lang='lat' dir='ltr'>t</span> <span class='ocrx_word' id='word_1_631' title='bbox 376 5374 432 5419; x_wconf 86' lang='lat' dir='ltr'>thid.</span> <span class='ocrx_word' id='word_1_632' title='bbox 446 5387 466 5419; x_wconf 87' lang='lat' dir='ltr'>r.</span> <span class='ocrx_word' id='word_1_633' title='bbox 477 5376 538 5420; x_wconf 68' lang='grc' dir='ltr'>η-</span> <span class='ocrx_word' id='word_1_634' title='bbox 550 5379 564 5423; x_wconf 76' lang='lat' dir='ltr'>a</span> <span class='ocrx_word' id='word_1_635' title='bbox 575 5375 627 5431; x_wconf 82' lang='lat' dir='ltr'>cap.</span> <span class='ocrx_word' id='word_1_636' title='bbox 639 5387 655 5432; x_wconf 85' lang='lat' dir='ltr'>r,</span> <span class='ocrx_word' id='word_1_637' title='bbox 664 5386 681 5418; x_wconf 87' lang='grc' dir='ltr'>ιι</span> <span class='ocrx_word' id='word_1_638' title='bbox 693 5340 715 5418; x_wconf 75' lang='lat' dir='ltr'>cr</span> <span class='ocrx_word' id='word_1_639' title='bbox 726 5385 772 5429; x_wconf 79' lang='lat' dir='ltr'>req.</span> <span class='ocrx_word' id='word_1_640' title='bbox 781 5374 924 5418; x_wconf 81' lang='lat' dir='ltr'>mutmcrru</span> <span class='ocrx_word' id='word_1_641' title='bbox 933 5379 953 5419; x_wconf 89' lang='lat' dir='ltr'>ot</span> <span class='ocrx_word' id='word_1_642' title='bbox 965 5375 1041 5457; x_wconf 58' lang='lat' dir='ltr'>110ch</span> <span class='ocrx_word' id='word_1_643' title='bbox 1127 5393 1145 5443; x_wconf 66' lang='lat'>3</span> <span class='ocrx_word' id='word_1_644' title='bbox 1158 5371 1234 5423; x_wconf 67' lang='lat' dir='ltr'>aaut.</span> <span class='ocrx_word' id='word_1_645' title='bbox 1245 5369 1283 5415; x_wconf 86' lang='lat' dir='ltr'>tth.</span> <span class='ocrx_word' id='word_1_646' title='bbox 1291 5368 1311 5413; x_wconf 88' lang='lat' dir='ltr'>ti</span> <span class='ocrx_word' id='word_1_647' title='bbox 1322 5366 1450 5423; x_wconf 74' lang='lat' dir='ltr'>opm.-r</span> <span class='ocrx_word' id='word_1_648' title='bbox 1464 5365 1484 5411; x_wconf 89' lang='lat' dir='ltr'>li</span> <span class='ocrx_word' id='word_1_649' title='bbox 1498 5367 1546 5411; x_wconf 82' lang='lat' dir='ltr'>cor.</span> <span class='ocrx_word' id='word_1_650' title='bbox 1558 5374 1583 5413; x_wconf 89' lang='lat' dir='ltr'>u.</span> <span class='ocrx_word' id='word_1_651' title='bbox 1592 5363 1660 5410; x_wconf 81' lang='lat' dir='ltr'>s.-a</span> <span class='ocrx_word' id='word_1_652' title='bbox 1670 5363 1744 5409; x_wconf 77' lang='lat' dir='ltr'>&#39;tract</span> <span class='ocrx_word' id='word_1_653' title='bbox 1753 5362 1909 5407; x_wconf 80' lang='lat' dir='ltr'>rrieloao...</span> 
     </span>
     <span class='ocr_line' id='line_1_62' title="bbox 322 5418 1128 5555; baseline -0.007 -72"><span class='ocrx_word' id='word_1_654' title='bbox 322 5439 398 5487; x_wconf 70' lang='lat' dir='ltr'>asae.</span> <span class='ocrx_word' id='word_1_655' title='bbox 410 5452 435 5491; x_wconf 82' lang='grc' dir='ltr'>ιι,</span> <span class='ocrx_word' id='word_1_656' title='bbox 443 5439 528 5485; x_wconf 79' lang='lat' dir='ltr'>ar.-r</span> <span class='ocrx_word' id='word_1_657' title='bbox 542 5441 584 5485; x_wconf 68' lang='lat' dir='ltr'>rra.</span> <span class='ocrx_word' id='word_1_658' title='bbox 596 5450 646 5488; x_wconf 72' lang='lat' dir='ltr'>vm.</span> <span class='ocrx_word' id='word_1_659' title='bbox 660 5436 741 5481; x_wconf 80' lang='lat' dir='ltr'>ra.-a</span> <span class='ocrx_word' id='word_1_660' title='bbox 752 5435 771 5481; x_wconf 88' lang='lat' dir='ltr'>u</span> <span class='ocrx_word' id='word_1_661' title='bbox 785 5437 833 5482; x_wconf 73' lang='lat' dir='ltr'>eor.</span> <span class='ocrx_word' id='word_1_662' title='bbox 843 5446 868 5487; x_wconf 77' lang='grc' dir='ltr'>ιι,</span> <span class='ocrx_word' id='word_1_663' title='bbox 883 5436 963 5480; x_wconf 70' lang='lat' dir='ltr'>ra-rr</span> <span class='ocrx_word' id='word_1_664' title='bbox 978 5418 1128 5555; x_wconf 29' lang='lat' dir='ltr'>mmm</span> 
     </span>
     <span class='ocr_line' id='line_1_63' title="bbox 1071 5525 1085 5590; baseline 0 0"><span class='ocrx_word' id='word_1_665' title='bbox 1071 5525 1085 5590; x_wconf 61' lang='grc' dir='ltr'>’ἱ</span> 
     </span>
    </p>
   </div>
   <div class='ocr_carea' id='block_1_14' title="bbox 0 0 2097 6178">
    <p class='ocr_par' dir='ltr' id='par_1_16' title="bbox 0 0 2097 6178">
     <span class='ocr_line' id='line_1_64' title="bbox 0 0 2097 6178; baseline 0 0"><span class='ocrx_word' id='word_1_666' title='bbox 0 0 2097 6178; x_wconf 95' lang='lat' dir='ltr'> </span> 
     </span>
    </p>
   </div>
  </div>
 </body>
</html>
