4072 6164
345 309 405 381 ets
855 305 1182 377 rneoloclcoltull
1202 308 1421 377 DOGMAVUM

345 473 652 554 potiundorum,
676 480 709 541 et
728 474 795 553 ipss
806 474 1004 543 inchoatore
1018 474 1112 554 hujus
1162 473 1303 539 exiuitlc
1327 474 1376 539 sul
1399 474 1454 539 noi
1477 475 1575 541 Verbi
1599 475 1896 559 hsbubmpersomm
1991 512 1992 517 κ

346 565 737 646 mauriannensem.»
1162 566 1632 647 scientes,quodnonhominent
1645 569 1899 650 bruslumncqcl

384 659 521 727 ioannes
533 661 687 729 nomadas
696 660 854 727 Romertus
866 658 1113 741 aquepontiier,
1163 664 1358 739 conceptum,
1386 677 1489 740 usque
1511 661 1575 725 vito
1596 678 1652 725 sua
1667 662 1794 741 quadam
1813 662 1899 731 relic

346 751 380 815 in
392 751 573 831 epistolsad
584 752 730 819 Anienem
747 750 940 827 Senatorum,
956 751 1115 817 etc.Ghrt·
1163 751 1271 815 mairie
1295 757 1386 815 utero
1408 753 1512 817 vivere
1533 754 1601 831 jam
1627 754 1815 834 incipientem
1834 756 1899 819 Deus

346 848 428 909 stum
443 843 551 909 emerit
567 845 630 913 sin
646 845 777 919 deitate,
793 850 825 906 et
836 844 1030 909 humanitate
1043 862 1114 924 por-
1163 844 1351 924 adsumpsit;
1380 844 1433 907 sed
1462 845 1593 909 omnino
1620 850 1781 925 summam
1805 846 1900 927 aliquid

346 933 472 1010 fectum,
488 955 552 1001 nou
567 937 820 1003 auuaexistsnte
841 954 934 1001 carne
946 981 955 1010 ,
969 940 1115 1019 etpostee
1163 934 1260 1001 iteris
1274 935 1464 1015 conciperet,
1485 941 1558 1001 unte
1571 954 1697 1001 omnem
1710 937 1832 1013 formati,
1853 938 1901 999 icr-

347 1027 436 1093 uuita
449 1028 571 1104 Verbo;
596 1028 650 1095 scd
663 1029 698 1091 in
711 1028 777 1109 ipso
792 1030 855 1095 neo
867 1028 970 1093 Verbo
990 1027 1115 1093 initiunt
1163 1027 1273 1091 muudi
1287 1027 1353 1107 iser.
1367 1026 1595 1109 formandique)
1610 1029 1651 1091 cb
1662 1028 1791 1093 bominis
1800 1047 1901 1095 mosem

348 1123 470 1187 utcsset
482 1119 727 1203 accipientem.»
1164 1119 1360 1183 Deusvoleos
1372 1120 1766 1199 etbomoflori,eirginslis
1777 1121 1903 1200 pslstion

387 1212 569 1289 Fulgentius
580 1212 613 1273 in
627 1213 707 1274 libro
721 1211 758 1273 cte
771 1210 846 1277 Fide
858 1211 899 1275 nd
910 1212 1046 1290 Petrum,
1063 1231 1115 1281 cs·
1163 1211 1282 1275 veneis
1295 1211 1438 1287 inussit,
1458 1219 1490 1275 et
1509 1211 1624 1275 virtute
1637 1212 1799 1276 duinimtis
1809 1229 1903 1277 munus
1991 1274 1992 1293 ,

347 1304 409 1383 pile
429 1321 513 1381 xum,
537 1325 549 1365 ι
571 1303 760 1373 Firmissime
781 1308 864 1382 tene,
888 1311 919 1367 at
937 1305 1116 1371 nudateous
1164 1301 1300 1381 tergisus
1312 1302 1519 1377 bounditetis,
1539 1304 1711 1384 adsumpsit
1723 1323 1759 1371 ss
1771 1322 1813 1381 ee,
1826 1323 1902 1385 quau

347 1396 487 1473 dubites,
507 1415 572 1461 non
593 1414 720 1465 carnem
736 1397 849 1461 Christi
871 1397 937 1461 siue
956 1397 1116 1461 divinitate
1165 1393 1389 1459 baberevoluit
1409 1400 1563 1472 matrem,
1584 1396 1683 1463 nostri
1696 1396 1809 1477 generis
1819 1414 1902 1461 raum

347 1494 529 1568 conceptam
542 1489 575 1553 io
586 1495 676 1553 utero
688 1488 834 1568 Virginis,
848 1490 1006 1568 prisquem
1020 1489 1116 1553 susci-
1164 1503 1306 1563 cernent,
1323 1505 1363 1551 ex
1385 1487 1453 1567 ipsc
1466 1487 1686 1568 adsumptione
1706 1493 1867 1568 conceptos,
1878 1494 1902 1555 et

347 1587 474 1660 peretur
500 1599 520 1646 s
543 1580 668 1647 Verbo:
694 1581 748 1643 sed
770 1581 872 1661 ipsum
891 1581 1030 1649 Verbum
1051 1599 1116 1647 sua
1164 1583 1292 1641 netues
1434 1650 1437 1657 ,

347 1671 450 1739 carnis
464 1673 641 1753 acceptione
655 1678 858 1753 mucepturn,
873 1672 1034 1753 ipsamque
1049 1692 1117 1739 rer·
1206 1670 1375 1749 Gregorius
1381 1671 1457 1736 item
1466 1671 1902 1755 Mognmnrlonpuruslouo

347 1782 421 1833 nem
445 1764 541 1831 Verbi
560 1764 773 1829 incarnatione
793 1769 985 1844 conceptam,
1001 1786 1017 1827 s
1035 1767 1073 1826 Et
1083 1767 1117 1833 iu
1165 1768 1341 1843 conceptus,
1358 1763 1471 1843 inquit,
1485 1769 1577 1844 atque
1589 1765 1702 1839 editum
1716 1771 1781 1846 post
1792 1783 1840 1844 per
1851 1781 1901 1827 me-

347 1855 429 1927 libro
448 1854 483 1923 sie
500 1854 718 1932 incensatione,
739 1864 767 1921 et
788 1857 888 1936 motio
905 1857 974 1921 lesu
992 1856 1114 1935 Cirinr‘,
1164 1854 1276 1928 ritum,
1297 1862 1334 1919 ut
1349 1857 1429 1919 Deus
1442 1862 1535 1934 esset,
1550 1858 1679 1936 accepit.
1696 1857 1753 1921 Sed
1766 1858 1903 1921 uunbsats

348 1948 447 2027 eapite
472 1949 580 2017 testim
600 1948 832 2029 clpsequippe
846 1950 981 2028 acceptio
1002 1951 1114 2029 carnis,
1167 1946 1303 2026 lugeto,
1324 1953 1355 2011 et
1369 1948 1554 2015 adveniente
1567 1948 1696 2029 Spiritu,
1712 1967 1781 2015 mox
1792 1948 1903 2013 Verbum

347 2039 464 2120 inquit,
479 2039 539 2105 luit
552 2040 712 2119 conceptio
727 2039 899 2119 virginalis.
914 2041 1020 2120 Neque
1032 2042 1117 2110 enim
1165 2036 1199 2101 in
1212 2042 1314 2115 utero,
1329 2056 1403 2103 mox
1416 2039 1500 2105 intra
1511 2046 1639 2107 uterum
1651 2040 1784 2105 Verbum
1796 2058 1856 2105 cero
1865 2060 1871 2101 ι
1880 2052 1904 2101 et

348 2132 382 2197 in
401 2136 490 2199 utero
509 2137 623 2199 sanctae
640 2131 724 2197 illius
743 2137 775 2195 et
796 2133 903 2197 mamm
922 2138 954 2197 et
966 2134 1115 2212 Virginis,
1165 2136 1311 2195 mellente
1323 2131 1571 2197 intommuiflbili
1582 2132 1733 2206 “tentiis
1748 2150 1812 2212 (1¹1ae
1833 2132 1857 2193 ⁰1
1868 2135 1903 2193 “i

348 2221 401 2287 illu
426 2223 604 2303 spiritualis,
630 2228 661 2283 st
680 2240 719 2287 ex
741 2225 804 2291 Deo
830 2222 920 2291 Patre
943 2225 1009 2289 sine
1028 2226 1116 2291 initio
1166 2238 1239 2283 cum
1253 2223 1352 2301 Patre,
1367 2228 1399 2285 et
1421 2230 1612 2289 oum'sauetn
1636 2224 1752 2306 Spiritu
1768 2229 1902 2297 materna,
1991 2218 1992 2249 ³

348 2314 556 2394 genitaVerbi
573 2315 883 2395 Deinaturapoteret
897 2315 1013 2397 absque
1026 2336 1117 2387 carne
1166 2314 1331 2393 assumpsit
1361 2316 1444 2377 lutra
1474 2316 1613 2394 virginea
1641 2316 1769 2392 rbem,
1793 2314 1904 2377 undeet
1991 2340 1992 2343 ¹

349 2405 561 2485 temporaliter
584 2405 726 2485 concipi:
756 2407 835 2471 siout
862 2425 1023 2484 neccaro,
1050 2412 1118 2477 sino
1167 2405 1492 2487 impassibilispati,st
1505 2408 1690 2475 immortalis
1702 2408 1786 2479 mori,
1800 2411 1904 2471 stater

350 2497 445 2563 Verbi
455 2497 511 2563 Dei
521 2498 673 2575 unitione,
682 2498 988 2578 potuitaliquatenus
1001 2503 1118 2567 nullius
1166 2503 1304 2563 nusoute
1317 2500 1441 2577 sucula
1453 2500 1634 2581 temporalis
1645 2505 1809 2582 possetesse
1819 2498 1847 2560 in
1856 2496 1904 2559 fine

350 2589 410 2650 viri
434 2591 518 2653 coitu
540 2592 709 2666 seminate,
735 2591 769 2655 in
783 2591 894 2653 intimo
908 2592 1117 2673 vulvmvirgi-
1167 2590 1394 2659 seculorumc

350 2681 429 2743 neiis
445 2682 576 2747 innasci.
598 2681 685 2747 Hanc
698 2699 772 2760 ergo
786 2701 913 2747 earnem
925 2688 1001 2751 tunc
1025 2705 1064 2749 ex
1085 2707 1117 2752 se
1208 2683 1459 2747 Vlll.Lsudctur
1470 2688 1502 2747 et
1515 2684 1549 2747 in
1562 2685 1694 2764 epistola
1706 2683 1838 2766 synodo
1848 2697 1903 2742 cau

349 2780 463 2835 natura
476 2774 612 2850 Virginis
624 2773 824 2855 connpientis
838 2775 991 2855 exhibuit,
1002 2781 1118 2849 eumin
1168 2773 1231 2835 eiiii
1242 2774 1555 2852 Frmeofordisueisi,
1566 2783 1676 2841 conus
1696 2774 1905 2857 supererunt

348 2884 419 2933 acm
427 2867 507 2931 Deus
516 2866 735 2947 concipiendus
747 2866 958 2933 advenittton
968 2875 1014 2933 est
1024 2871 1118 2949 igitur
1167 2865 1302 2931 Felicem
1311 2867 1418 2943 habiti,
1430 2869 1573 2947 Gregorii
1585 2866 1765 2948 epistolant
1775 2865 1904 2943 Quirinum

349 2959 475 3039 aliquod
497 2958 696 3025 intervallum
724 2957 873 3038 temporis
901 2960 1118 3029 estimandum
1167 2957 1346 3039 epsicopum,
1367 2959 1400 3021 in
1421 2977 1483 3038 qua
1507 2961 1550 3021 ita
1576 2961 1725 3041 scripturo
1743 2965 1801 3023 est:
1818 2978 1832 3021 s
1850 2957 1904 3018 Nou

348 3052 431 3116 inter
455 3055 611 3129 conceptis
649 3051 751 3115 caruis
780 3050 924 3130 initium,
956 3060 988 3117 sl
1013 3056 1117 3119 conoi-
1167 3056 1273 3113 autem
1295 3051 1379 3127 prius
1398 3051 1432 3113 in
1446 3056 1535 3113 utero
1549 3052 1692 3131 Virginis
1705 3051 1903 3127 rsroeoncepts

349 3141 472 3222 pierides
485 3140 654 3219 mejestatis
667 3142 846 3210 adventum.
855 3144 1046 3226 Unaquippe
1060 3147 1119 3213 fuit
1168 3147 1225 3217 est,
1241 3147 1272 3205 et
1285 3142 1483 3222 postmodum
1498 3143 1645 3209 divinitae
1659 3145 1743 3206 venit
1754 3144 1902 3211 inmunem,

349 3234 384 3299 in
404 3239 493 3299 ntem
507 3233 616 3299 Meris
627 3233 764 3313 viginis
776 3236 937 3316 coneeptio
949 3236 1119 3304 dumetis
1169 3233 1224 3295 sed
1238 3251 1312 3296 mox
1334 3239 1369 3297 nt
1391 3234 1530 3299 Verbum
1550 3236 1639 3297 venit
1651 3236 1685 3299 in
1706 3241 1829 3309 uerum,
1847 3246 1904 3295 1⁰⁰¹

349 3324 527 3391 strumis.»
1110 3348 1112 3352 ·
1168 3326 1317 3401 Verbum,
1331 3327 1727 3406 wrataproprimvirtuts
1737 3321 1905 3397 nutrimine

388 3419 456 3483 VlI.
479 3419 616 3483 ioannes
624 3417 797 3481 Mezentius
808 3418 975 3499 indialogo
985 3421 1117 3501 pumat,
1167 3421 1237 3481 tum
1251 3423 1297 3481 est
1309 3435 1392 3494 caro,
1408 3424 1440 3479 et
1452 3418 1606 3496 perfectus
1621 3416 1838 3481 homoidemia
1853 3412 1904 3475 uir·
1991 3412 1992 3507 t

354 3511 444 3577 cNon
454 3509 584 3581 bomini,
594 3510 706 3589 iuquit,
718 3510 786 3588 jam
799 3511 830 3577 in
845 3512 1119 3590 propriamaneuti
1168 3513 1235 3575 tute
1250 3508 1351 3571 carnis
1363 3515 1396 3571 et
1406 3510 1519 3573 auimae
1534 3509 1707 3587 rebonelis,
1721 3520 1805 3574 natus
1815 3510 1853 3568 est
1862 3520 1904 3583 per

349 3600 549 3670 subsistentis
573 3602 673 3667 Deum
700 3603 839 3665 Verbum
862 3603 952 3667 crede
979 3604 1116 3685 unitum,
1168 3604 1295 3667 uterum
1311 3600 1448 3680 Virginis
1461 3600 1626 3665 tilius-liei.
1642 3624 1655 3663 ι
1673 3603 1737 3664 ilco
1748 3594 1903 3663 modolati-

349 3697 404 3757 ant
423 3691 532 3759 snum
554 3693 640 3757 cerui
663 3692 804 3756 formata
827 3699 858 3756 st
883 3694 1038 3773 animate,
1062 3716 1118 3777 per
1167 3691 1290 3757 omnam
1312 3691 1456 3755 heresim
1484 3691 1537 3774 (sio
1557 3693 1643 3759 enim
1670 3698 1772 3757 vomis
1791 3687 1838 3768 est)
1855 3687 1903 3751 siu

348 3801 444 3864 quam
457 3783 767 3863 orriusbbethnminis
778 3785 962 3865 intelligitur
973 3791 1118 3869 cssdper·
1167 3784 1395 3860 Nestoriausm‚
1409 3785 1547 3865 synodus
1565 3785 1620 3849 illa
1646 3784 1811 3865 redarguit:
1832 3785 1860 3843 ut
1879 3780 1903 3839 ci

348 3895 442 3939 sono:
466 3876 519 3938 sed
543 3875 1115 3958 subsistentiam,sivepersonsm1)ei
1167 3875 1297 3938 Albinus
1331 3875 1477 3939 Flaccus⁷
1507 3878 1542 3941 iu
1562 3884 1676 3957 quarto
1695 3878 1770 3941 libro
1796 3873 1903 3936 odorrem

347 3969 436 4037 verbi
468 3973 612 4034 naturam
641 3970 808 4048 suscepisse
832 3971 1024 4037 humanam:
1045 3992 1116 4053 quae
1168 3967 1314 4033 eumdem
1327 3967 1467 4043 Felicem,
1487 3961 1899 4048 «decernimusque

347 4078 522 4140 nunquam,
546 4060 631 4125 uelut
656 4063 842 4139 communis,
873 4067 986 4140 proeur
1014 4065 1117 4130 Deum
1169 4064 1200 4121 et
1212 4061 1326 4122 veritas
1339 4061 1371 4123 in
1387 4060 1506 4125 Christo
1519 4079 1716 4141 nequaquam
1727 4054 1902 4140 postVirginit

347 4153 487 4219 Verbum
507 4152 663 4217 subsistite
679 4154 733 4215 sed
745 4171 803 4233 per
814 4155 917 4234 ipsum
937 4161 1015 4231 orta,
1032 4161 1063 4219 et
1076 4157 1115 4221 ab
1167 4157 1292 4230 partum
1314 4158 1429 4232 coepte,
1457 4152 1511 4214 sed
1538 4153 1571 4217 in
1599 4153 1668 4234 ipso
1687 4151 1811 4230 Virgilde
1832 4151 1901 4207 bittit
1991 4182 1992 4229 ι

347 4263 384 4308 so
405 4250 564 4324 suscepte,
587 4244 683 4323 ipsius
697 4242 777 4309 iacta
790 4247 915 4326 propris
933 4253 1044 4310 natum
1057 4255 1113 4319 est,
1166 4243 1342 4321 coniuncta,
1360 4251 1453 4323 atqua
1474 4244 1563 4305 unita
1587 4252 1673 4308 est.»
1701 4245 1777 4307 Tum
1795 4234 1901 4303 soluo
1991 4266 1992 4315 ἦ

347 4342 514 4417 manetque
532 4353 596 4399 uon
616 4336 650 4399 in
664 4353 740 4412 suo,
761 4337 814 4397 sed
832 4337 865 4398 iu
879 4356 927 4411 eo,
944 4357 1038 4420 equo
1052 4358 1117 4401 sus·
1167 4334 1275 4395 Felicis
1302 4335 1452 4399 nefariam
1482 4354 1610 4414 vocem,
1639 4354 1701 4417 que
1730 4357 1749 4397 c
1772 4329 1900 4394 hominem
1991 4320 1992 4363 i

346 4435 436 4510 cepta
449 4432 505 4505 est,
522 4427 582 4491 bon
592 4438 648 4503 est,
662 4429 716 4491 liei
725 4427 820 4492 Verbi
830 4428 1040 4507 subsistentia,
1052 4433 1115 4496 sive
1166 4435 1363 4507 assumptum
1385 4427 1482 4493 atilio
1506 4430 1580 4506 Dei,
1598 4447 1674 4493 mox
1694 4448 1713 4493 a
1734 4420 1900 4502 conceptioni

346 4538 513 4600 persona.»
530 4519 581 4581 Sia
596 4520 743 4583 Rusticus
757 4520 790 4581 in
801 4519 999 4600 disputatione
1012 4532 1115 4591 contro
1165 4520 1326 4599 virginalis
1337 4520 1416 4581 uteri
1428 4522 1539 4585 verum
1548 4528 1731 4602 conceptum
1740 4534 1800 4583 esse
1812 4516 1898 4581 Deum,

344 4608 540 4690 scepturum:
555 4632 571 4673 o
584 4611 664 4685 Quid
675 4611 762 4673 enim
775 4619 806 4672 et
818 4614 1028 4692 cooperariad
1042 4615 1112 4676 uui·
1166 4629 1276 4675 verum
1296 4618 1327 4673 et
1349 4617 1460 4675 nabun
1482 4614 1611 4677 Doumc
1629 4612 1767 4692 negabat,
1792 4598 1899 4670 nonnul

345 4704 462 4767 tionem
472 4703 579 4779 valuit,
594 4702 717 4782 inquit,
739 4710 851 4767 natura
863 4711 979 4780 nosue,
996 4725 1066 4786 quse
1078 4709 1113 4771 in
1164 4704 1268 4766 lorum
1281 4705 1413 4769 Petrum
1423 4705 1606 4768 testimoniis
1619 4707 1783 4786 oppugnet,
1798 4704 1827 4760 et
1836 4697 1898 4757 inter

345 4794 468 4857 Christo
482 4799 538 4870 est,
562 4812 633 4872 qun
660 4795 792 4874 sumpsit
816 4796 856 4859 ab
882 4796 949 4878 ipsa
971 4799 1113 4863 unitione
1166 4795 1233 4858 hoec
1256 4796 1419 4874 Augustini
1443 4797 1474 4857 in
1496 4796 1684 4874 Eeebiridco,
1710 4801 1739 4857 et
1763 4787 1854 4871 cyrilli
1872 4784 1898 4844 in

345 4884 585 4966 principiumis
1165 4886 1343 4967 spistolscd
1355 4885 1535 4965 Nestorium,
1547 4896 1579 4951 et
1588 4887 1738 4968 Fulgentii
1749 4883 1785 4946 sd
1794 4883 1897 4944 Petram

384 4973 690 5053 Ferrandusquoque
705 4975 953 5055 Carthaginensis
966 4978 1114 5042 diaconus
1163 4977 1198 5039 de
1213 4977 1302 5055 Fide,
1325 4997 1394 5057 qum
1409 4998 1428 5039 a
1441 4980 1531 5040 nobis
1553 4980 1645 5042 allam
1659 4996 1762 5059 supro,
1776 4974 1818 5045 id.
1830 4961 1896 5048 i¹¹⁰d

343 5067 378 5132 in
391 5066 521 5147 epistole
535 5064 574 5127 od
588 5064 760 5128 emeseni:
776 5067 862 5131 «Neo
875 5069 1044 5148 ambigere,
1057 5072 1110 5150 uit,
1164 5070 1258 5135 modo
1270 5070 1402 5149 agimus,
1413 5072 1588 5147 ostendunt,
1600 5072 1707 5135 mdem
1718 5084 1775 5149 quo
1785 5065 1816 5125 in
1826 5065 1896 5121 uitii

344 5163 474 5240 oportet,
494 5158 652 5239 quomodo
675 5157 818 5223 credatur
841 5159 980 5225 humana
1001 5168 1114 5225 nature
1164 5166 1330 5241 conceptus
1347 5168 1394 5227 eet
1412 5162 1507 5225 homo
1527 5154 1896 5241 Chrisuu,teup01iscr

369 5381 380 5424 l
395 5380 494 5426 '1⁸0le
503 5380 610 5427 snr.-r
623 5381 684 5426 Vsu.
700 5383 726 5427 IV
738 5384 794 5429 etti.
805 5385 919 5430 Pola-t
934 5386 1084 5431 Vomeodeu.
1097 5384 1171 5432 itt-
1185 5389 1200 5431 l
1213 5388 1275 5432 icor.
1286 5387 1316 5431 lll
1328 5387 1383 5432 rsit.
1397 5388 1440 5434 eol.
1450 5387 1548 5434 tad—t
1562 5388 1609 5433 til).
1623 5386 1689 5433 xiiii
1697 5387 1747 5431 Uer.
1759 5394 1803 5437 ssi·
1814 5385 1893 5421 Μ’

345 5444 431 5488 iilam.
441 5442 468 5486 Vl
480 5444 597 5487 Cone-'i
611 5444 657 5487 Cot.
670 5444 710 5488 ‘lli
720 5444 761 5501 Op.
772 5447 835 5493 slot.
