4036 6162
347 342 407 404 358
858 337 1182 404 THEOLOGIOERUM
1206 339 1425 405 manarunt

347 513 451 576 boum
464 511 532 575 iure
546 511 965 593 Chrysostomusprocsartim
974 510 1008 572 in
1018 506 1119 569 homi·
1167 526 1278 570 ειεεεηι.
1296 509 1351 571 liis
1365 509 1460 571 ctiam
1468 510 1623 590 antiquior
1634 511 1765 575 omuibus
1776 515 1886 582 lustaus

348 604 391 667 lia
402 603 538 684 quadam
551 610 717 686 pertractat
729 603 770 668 acl
780 604 839 667 ista
849 603 963 669 verba:
983 603 1079 669 Pater
1089 606 1118 666 ei
1167 606 1288 682 martyr
1301 601 1335 663 in
1349 602 1431 666 ealce
1445 602 1628 684 Apoioqcti'ci
1652 604 1750 684 primi,
1774 607 1886 672 abami-
1982 636 1983 717 q

348 695 420 778 fieri
428 704 535 778 potest.
1166 712 1241 757 nem
1253 701 1380 776 propter
1388 715 1446 758 nos
1454 696 1571 758 factum
1584 697 1793 770 csaeVerbum,
1806 700 1888 777 ait‚ut
1982 718 1983 755 ι

179 797 315 841 convouuu
389 790 447 850 IX.
470 792 567 852 Reate
593 792 633 852 de
654 791 709 868 lis,
737 796 769 852 et
794 790 947 854 similibus
971 792 1118 854 humanae
1166 788 1345 870 passionum
1370 796 1548 852 nostrarum
1571 791 1715 871 particeps
1738 791 1886 871 cablaam,

178 849 1119 964 ⁰⁸1¹i¹l¹iis⁰¹¹'tmbcofflitcaispropriiseontraCelsumistaipsc
1167 880 1341 944 saeuum
1354 882 1567 945 mutuose.»

179 964 326 1066 coafflu-
351 974 530 1037 (ἓὶενὶειὶοιιίε
543 976 1117 1057 exprobrantemtlriganesdisputans:
1207 974 1248 1037 X.
1271 976 1327 1035 Est
1348 976 1444 1037 etiam
1468 976 1539 1050 illis,
1565 976 1603 1038 dc
1628 993 1687 1055 qua
1710 977 1793 1038 moda
1813 979 1891 1059 diepa

193 1069 314 1164 ffiffi‘
356 1068 453 1128 «Nou
467 1067 554 1137 vidit,
584 1069 702 1147 iuquit,
725 1068 814 1130 illum
837 1074 1001 1150 postquam
1024 1068 1120 1131 semel
1167 1073 1286 1144 tamus,
1310 1067 1344 1129 iu
1358 1072 1404 1129 tot
1421 1067 1611 1148 perferendis
1623 1067 1811 1130 incommodis
1821 1076 1891 1150 atque

352 1161 554 1240 generatione
580 1167 778 1241 procreatum
806 1179 920 1240 eorpus
942 1163 1117 1241 assumpsit,
1167 1159 1300 1239 injuriis,
1315 1160 1419 1223 decori
1432 1163 1891 1241 argumentumetaongrusutie,

351 1253 487 1333 idipsum
501 1251 685 1315 elleborum
699 1272 810 1336 capax,
835 1259 867 1315 et
886 1255 1005 1317 acurio
1018 1256 1122 1316 omni·
1168 1252 1253 1332 quod
1286 1270 1325 1313 ex
1359 1253 1456 1315 altero
1490 1252 1708 1314 iucarnationis
1737 1252 1841 1329 bumu,
1867 1272 1893 1317 aa

351 1344 507 1425 busque
532 1345 678 1421 degentes
704 1348 737 1408 in
751 1347 934 1426 corporibus
955 1347 1118 1419 invadunt,
1169 1344 1381 1424 Redemptoris
1390 1345 1636 1407 titulosumitur:
1651 1361 1757 1424 nempe
1768 1346 1888 1419 doctina,
1983 1394 1984 1427 ,

353 1437 501 1499 molestiis
527 1437 698 1500 obnoxium
719 1439 851 1519 susaepit
864 1449 923 1514 ⁶,c
951 1443 1008 1501 etc.
1042 1440 1122 1502 sut
1169 1444 1201 1498 at
1212 1438 1399 1516 magisterio,
1415 1437 1500 1517 quod
1513 1455 1606 1518 supra
1617 1438 1764 1518 proposui.
1778 1439 1894 1518 Numqui
1983 1452 1984 1487 ὲ

353 1529 584 1608 igiturvoleus,
596 1548 632 1591 ac
644 1536 754 1610 sponte
767 1531 901 1611 suscepit
913 1549 1041 1611 corpus,
1056 1550 1122 1594 non
1170 1529 1237 1608 ejus
1263 1531 1363 1607 gratia
1381 1531 1495 1591 missus
1515 1537 1591 1602 erat,
1618 1534 1654 1591 ut
1678 1536 1752 1592 esset
1773 1530 1894 1610 periectas

353 1623 460 1702 utique
471 1621 600 1684 diverses
615 1622 654 1683 ab
667 1623 808 1684 humana
822 1641 912 1685 carne
921 1630 1061 1686 naturas:
1077 1625 1121 1686 sic
1170 1621 1335 1684 hominum
1348 1623 1467 1697 doctor,
1490 1629 1521 1684 et
1534 1623 1691 1702 magister,
1706 1623 1800 1702 eisque
1816 1638 1895 1702 capes

354 1733 417 1776 una
438 1731 511 1775 cum
524 1732 654 1794 corpore
678 1717 773 1777 etiam
796 1716 850 1776 illa
876 1719 1023 1796 suscepit,
1052 1736 1123 1797 qum
1169 1713 1896 1795 aendoefelicitatisoeternoe,pervirtutumomnium

355 1808 493 1869 dolorem
521 1808 567 1879 ai,
599 1825 635 1868 ac
664 1808 837 1869 molestiam
864 1810 1056 1874 consciscunt
1064 1807 1085 1872 l.
1101 1832 1116 1870 ν
1171 1806 1282 1883 officia,
1297 1808 1469 1888 pracsertim
1482 1825 1556 1869 vero
1581 1807 1743 1888 patientie,
1768 1811 1796 1867 et
1816 1805 1896 1867 lumi·
1912 1812 1984 1868 baut

354 1899 997 1980 Quippe‚utGregoriusNysseuusinsexta
1003 1902 1122 1981 syuodo
1170 1898 1275 1975 litatis,
1289 1899 1348 1960 iter
1359 1905 1558 1975 monstraret,
1576 1901 1687 1980 praeire
1699 1899 1781 1960 illum
1792 1897 1897 1978 oportuit
1913 1858 1985 2049 ΜΗ

352 1993 557 2065 laudatusait,
567 1992 775 2054 clmmiueute
786 1992 927 2072 passione
939 1993 1120 2070 formidare,
1170 2009 1235 2053 uon
1248 1990 1343 2052 verbo
1356 1994 1470 2071 magis,
1487 2010 1581 2072 quam
1595 1991 1752 2073 exemplo:
1774 1996 1805 2051 ut
1825 1988 1897 2051 babe-
1913 1981 1969 2067 Ἥ,

356 2086 449 2167 (quod
458 2086 496 2147 de
510 2085 636 2164 reliquis
648 2085 795 2146 humanis
808 2085 1024 2147 affectionibus
1035 2086 1124 2149 intel·
1170 2088 1241 2145 rant
1264 2083 1407 2144 homiues
1436 2103 1500 2146 non
1525 2085 1628 2147 solum
1655 2086 1702 2147 cui
1727 2083 1899 2146 auscultarent
1984 2160 1985 2167 ἵ

353 2178 410 2253 ligi
422 2196 479 2257 par
493 2176 547 2257 est)
562 2177 708 2238 humanae
734 2177 952 2239 imbecillitatis
965 2182 1029 2239 est:
1045 2184 1080 2238 ut
1093 2185 1124 2240 et
1172 2176 1289 2252 ardua,
1312 2183 1344 2236 ct
1366 2175 1503 2238 difficilia
1523 2175 1669 2257 jubenti:
1698 2177 1748 2239 scd
1771 2177 1849 2237 etiam
1872 2179 1900 2234 ut
1984 2170 1985 2175 ’

354 2271 419 2347 ipsa
430 2268 581 2330 Dominus
589 2268 744 2348 loquitur3
764 2268 904 2350 Spiritus
908 2278 1121 2352 promptusest,
1172 2266 1226 2328 illa
1245 2268 1313 2347 ipsa
1341 2268 1506 2331 iaciemam
1539 2288 1612 2350 quac
1642 2269 1782 2349 jubebat,
1811 2266 1900 2328 imitari

353 2359 527 2440 iuquiens¹,
546 2378 614 2422 cora
629 2366 728 2421 auten
742 2360 876 2441 obfirma.
894 2361 934 2422 at
955 2380 1123 2424 ueroeam·
1171 2366 1306 2440 possent.

354 2453 427 2514 dem
441 2469 479 2513 ax
506 2451 734 2531 dispensatione
759 2453 914 2533 suscipere
934 2454 1121 2533 passionem,
1212 2451 1303 2513 Hunc
1315 2452 1417 2516 locum
1431 2449 1901 2533 cmopeelegmtcrquctucuu
1926 2444 1986 2573 iffi

354 2545 467 2605 (livium
477 2549 524 2604 est
537 2544 671 2620 virtutis,
687 2549 780 2624 atque
792 2545 1000 2606 voluntatis.»
1171 2546 1346 2606 Lactantius
1353 2562 1390 2606 ex
1399 2562 1567 2625 quopauca
1578 2546 1716 2626 seligam.
1726 2545 1901 2622 sociumque
1931 2556 1986 2659 usq

383 2636 880 2697 Theodoretusinsermcneacxto
888 2636 1120 2710 coutruGroecoa‚
1172 2642 1324 2717 precepta
1337 2637 1599 2714 dethominibus,
1615 2636 1748 2717 inquit¹,
1768 2655 1799 2698 ae
1813 2637 1900 2709 num,
1985 2668 1986 2707 ,

354 2729 497 2791 eamdem
512 2728 676 2808 gentilium
698 2729 737 2789 de
760 2728 878 2790 vilitate
901 2729 1125 2791 Incamatiouis
1172 2747 1335 2809 moresque
1360 2729 1451 2808 tingit
1478 2728 1630 2791 aliorum:
1655 2746 1755 2809 quaero
1783 2726 1903 2789 debeatne

353 2821 545 2883 calumniam
559 2820 763 2900 propulsans,
779 2821 1057 2900 nagatmcliorem,
1070 2827 1126 2883 aut
1173 2821 1239 2900 ipsa
1251 2821 1351 2883 lacera
1365 2838 1435 2900 qum
1449 2822 1605 2901 praecipit,
1623 2839 1662 2883 an
1681 2838 1743 2882 non
1755 2816 1903 2881 debeatlSi
1985 2840 1986 2861 2

352 2933 427 2976 vcro
440 2913 715 2994 congruentiorem
733 2914 864 2975 modum
884 2914 1050 2992 excogitari
1068 2930 1123 2993 po·
1173 2930 1238 2974 non
1250 2913 1371 2989 fecerit;
1388 2912 1489 2974 saluta
1511 2920 1667 2993 praecepta
1690 2919 1769 2976 sunt.
1796 2912 1825 2972 Si
1839 2909 1904 2970 enin

352 3008 458 3080 tuisse,
467 3024 562 3086 quam
577 3024 639 3084 quo
652 3023 727 3065 usus
741 3011 787 3067 est
801 3006 894 3082 Deus,
911 3011 947 3067 ut
956 3022 987 3066 sa
1001 3005 1040 3066 ad
1055 3024 1126 3068 oon·
1172 3003 1255 3065 bona
1267 3010 1339 3065 suut
1350 3020 1418 3084 quae
1432 3005 1660 3084 precipiantur
1672 3024 1680 3081 ;
1692 3005 1718 3066 si
1731 3006 1817 3065 vitam
1828 2999 1906 3062 banl-

352 3104 482 3178 tcmpta,
510 3105 541 3159 et
564 3097 731 3158 hominum
749 3097 869 3175 judicio
893 3097 1038 3177 pudenda
1066 3098 1125 3159 ista
1173 3115 1250 3157 num
1264 3097 1297 3157 in
1308 3098 1427 3176 optimo
1441 3102 1521 3158 statu
1536 3098 1702 3174 collocant,
1717 3113 1777 3157 nou
1797 3091 1905 3155 sedebat

354 3190 531 3252 demitteret
549 3188 703 3250 liberandi
722 3188 859 3250 hominis
872 3189 982 3269 gratia.
1016 3210 1032 3247 c
1045 3190 1124 3251 Num
1172 3189 1611 3269 ipaeprmocptoranumero,
1625 3185 1905 3269 coetuquehomiuum
1986 3182 1987 3269 l

354 3286 386 3341 at
409 3281 530 3343 laudari
542 3281 678 3343 medicos
701 3280 788 3356 illos,
803 3280 934 3361 quinon
947 3280 1014 3342 aliis
1035 3281 1123 3343 adhi-
1172 3298 1352 3360 segregare,
1379 3281 1461 3342 iuter
1485 3298 1564 3361 quos
1586 3283 1669 3361 ugit:
1698 3286 1729 3342 ct
1748 3278 1802 3360 ipsi
1821 3276 1906 3338 eodem
1986 3306 1987 3333 1

355 3373 465 3436 bonde
478 3373 647 3437 curationis
659 3373 822 3451 negotium
836 3374 1054 3435 committunt:
1070 3373 1125 3435 aad
1172 3374 1266 3434 modo
1291 3372 1462 3434 vivendum
1489 3378 1546 3448 eat,
1561 3390 1627 3452 quo
1641 3375 1729 3436 docet
1751 3386 1810 3433 essa
1823 3369 1907 3430 uvea·

353 3465 414 3544 ipsi
424 3464 830 3545 persese,positopallio,ac
840 3465 1122 3541 tunicasucoinota,
1172 3464 1267 3527 dum:
1283 3483 1324 3526 ne
1337 3465 1363 3526 si
1377 3463 1467 3525 aliter
1479 3466 1602 3542 urant,
1620 3467 1686 3545 lpse
1699 3460 1843 3546 preceptis
1861 3459 1908 3519 suis

354 3556 473 3619 farrum
485 3556 630 3619 manibus
643 3562 792 3634 tractant,
807 3557 966 3634 incidunt,
981 3556 1125 3618 faetorem
1172 3556 1266 3618 fidem
1301 3556 1459 3633 detrahat,
1495 3555 1708 3637 levioremque
1734 3555 1819 3618 fldem
1839 3564 1908 3613 suam

354 3650 523 3724 sustinent,
552 3648 650 3709 saniei
674 3648 771 3709 stillas
797 3648 972 3728 excipiunt,
996 3649 1126 3729 spongia
1172 3647 1273 3721 iaciat,
1289 3650 1316 3708 si
1329 3649 1430 3728 reipsa
1442 3648 1585 3724 resolvat,
1607 3650 1694 3729 quod
1711 3647 1805 3709 verbis
1815 3644 1909 3706 nitatu

295 3803 298 3809 ,
352 3740 468 3815 fovent,
486 3745 654 3819 aspergunt
671 3740 915 3802 medicamenta:
941 3745 1053 3802 autera
1070 3741 1125 3802 de·
1174 3746 1323 3802 astruere.
1336 3741 1554 3820 Unusquisque
1566 3743 1666 3819 enim,
1676 3758 1743 3803 aum
1757 3739 1841 3809 audit
1850 3750 1909 3815 pru·

353 3834 449 3913 nique
462 3832 716 3904 omniaiaaiunt,
737 3849 807 3911 ques
830 3830 958 3894 madium
981 3833 1056 3894 artis
1075 3833 1127 3895 lcx
1174 3833 1352 3912 cipientem,
1372 3850 1437 3893 non
1448 3833 1517 3893 vult
1528 3833 1651 3913 imponi
1664 3833 1721 3895 sibi
1733 3830 1911 3894 neccaram

353 3926 495 4006 precipit
506 3923 531 3986 ἀ.
554 3944 570 3983 r
595 3925 697 3991 Quam
710 3924 945 3986 similitudinem
959 3925 1126 4004 Gregorius
1174 3925 1479 4004 parendi3tanquam
1489 3925 1604 4004 sibijus
1613 3926 1761 3988 libertatis
1769 3923 1910 3984 adimatur:

353 4036 478 4097 quoque
496 4017 707 4078 Naziausenus
729 4015 871 4077 adhibuit
884 4016 918 4077 in
932 4018 1071 4078 oratione
1089 4018 1127 4079 de
1174 4015 1373 4097 respondabit
1396 4017 1502 4096 itaque
1529 4018 1649 4078 doctori
1672 4018 1731 4078 hoc
1743 4014 1840 4077 modo:
1859 4009 1913 4070 Nau

354 4107 532 4183 Nativitate,
555 4113 587 4170 at
608 4109 766 4188 Nyssenus
785 4107 866 4170 libro
885 4116 986 4170 ooctrc
1008 4107 1126 4189 Apolli·
1174 4106 1914 4190 possumiacarequacjuhss,quouiamsantimput-

389 4344 411 4385 a
428 4326 507 4384 Oula.
524 4326 549 4384 ll
574 4333 649 4385 tout.
667 4322 726 4385 Cel.
748 4325 803 4402 θῦχ
825 4324 917 4401 ἑώρακε
937 4327 974 4393 bi,
1001 4330 1039 4383 ὅτι
1059 4326 1124 4391 ἅπαξ
1174 4327 1203 4383 ab
1218 4328 1244 4385 bi
1255 4327 1414 4402 ἀναδέχεσθαι
1424 4329 1453 4387 το
1470 4325 1495 4392 ἕξ
1509 4327 1649 4403 οἰκονομίας
1665 4330 1750 4393 πάθος,
1764 4331 1804 4395 τῆς
1816 4314 1913 4383 θίῐῦνῖσῑ

353 4411 484 4466 &ababuc
498 4410 528 4465 rb
541 4407 582 4466 διὰ
602 4410 719 4484 γινεοεως
739 4417 824 4484 σῶμα,
851 4410 978 4484 ἀνείληφεν
1001 4410 1063 4467 obeb
1081 4411 1123 4465 sual
1175 4411 1300 4484 δυνάμεως
1312 4412 1353 4465 sal
1366 4412 1467 4483 βουλῆς.

352 4496 434 4550 τόνων
448 4493 556 4549 δεκτικὸν
571 4495 705 4568 τυγχάνον,
718 4494 759 4548 καὶ
774 4499 824 4549 τῶν
838 4497 891 4556 τοῖς
905 4492 932 4548 ἰν
947 4497 1047 4569 cupam
1059 4514 1123 4569 oep-
1207 4493 1230 4551 d
1247 4496 1426 4552 resonasse.
1442 4492 1491 4549 ilat
1501 4515 1541 4552 τοι
1556 4494 1612 4559 τοὺς
1627 4494 1724 4569 ἰατροὺς
1734 4493 1831 4553 ἐκείνους
1841 4484 1914 4559 iwri-

353 4578 487 4632 &curtos
499 4576 617 4650 ἀνιαρῶν.
1172 4579 1237 4645 ἵετε,
1251 4578 1277 4632 al
1290 4577 1334 4633 οὖν
1348 4579 1434 4641 ἄλλοις
1442 4578 1587 4652 προσφὸρειν
1602 4578 1646 4647 τὴν
1656 4578 1779 4652 θεραπείαν
1791 4571 1912 4628 susum·

388 4659 493 4718 bibli·
512 4658 607 4733 Ὥσπερ
628 4654 671 4716 cta
697 4660 823 4732 βουληθεὶς
849 4660 964 4734 ἅνιίληφε
981 4667 1065 4734 σῶμα,
1093 4661 1123 4717 οὔ
1172 4659 1230 4715 ἀλλ’
1244 4660 1313 4716 οὗτοι
1329 4666 1374 4730 τῆς
1386 4659 1527 4735 ἀμπεχόνης
1543 4662 1720 4736 γνμνοΰμιινοι.
1732 4660 1772 4715 καὶ
1785 4648 1915 4729 τονχῑτνιῑ·

353 4744 432 4797 πάντα
440 4743 517 4812 ἄλλης
538 4742 633 4814 φύσεως
645 4742 712 4813 παρὰ
725 4742 769 4811 τὴν
783 4742 936 4816 ἀνθρωπίνην
948 4746 1036 4815 capus·
1057 4745 1123 4799 oium
1171 4764 1229 4799 σειον
1248 4748 1432 4820 διαδησάμενοι,
1451 4745 1494 4800 τὸν
1508 4747 1608 4818 σίδηρον
1624 4745 1823 4819 μετοχειρῑζοννι,
1835 4739 1868 4792 tei
1879 4730 1913 4823 il}

353 4826 512 4896 σννανειληοι
525 4831 562 4899 τῷ
580 4827 677 4898 σώματι
691 4827 732 4880 tal
757 4825 788 4881 τὰ
809 4826 911 4901 ἀλγεινὰ
931 4827 1018 4895 αὐτοῦ,
1037 4827 1123 4883 καὶτὰ
1170 4827 1247 4899 τομὴν
1269 4827 1416 4901 ἐπιφέρουσι,
1437 4829 1479 4884 καὶ
1504 4831 1639 4902 &recaptus
1665 4829 1802 4903 ἂνὲχοντιιι,
1822 4823 1858 4877 sai
1880 4834 1914 4871 iti

354 4908 451 4981 ἀνιαρά.
1171 4910 1279 4984 ἰσχῶρος
1288 4911 1403 4985 δέχονται
1416 4912 1461 4974 τὰς
1473 4911 1581 4983 ῥανίδας,
1591 4912 1633 4965 καὶ
1646 4909 1835 4978 νιοτοιιονοΰοιτῇ
1850 4916 1912 4969 scoq-

389 5008 405 5047 o
423 4992 512 5047 Gune.
528 4990 598 5048 Nrss
613 4990 640 5047 in
663 4988 711 5048 lib.
731 4992 898 5050 Antirrhet.
921 5000 996 5051 emat.
1020 4991 1120 5066 Apoll.
1169 4996 1222 5065 γιᾷ,
1237 4994 1278 5046 καὶ
1291 4993 1323 5048 τὰ
1336 4997 1452 5068 φάρμακα
1466 4993 1638 5061 ἐπιτάττουσι,
1662 4995 1705 5049 ml
1716 4993 1747 5048 τὰ
1761 4988 1913 5058 ἅλλὰδρῦοἰ

352 5072 383 5131 in
399 5074 433 5131 vl
451 5076 519 5146 Spu.
533 5078 588 5130 acl.
601 5090 627 5129 x.
643 5070 701 5128 Ὅτι
717 5075 746 5129 το
762 5074 804 5148 μιν
819 5074 911 5148 διιλιᾷν
920 5076 979 5149 πρὸς
992 5076 1022 5131 το
1035 5078 1121 5146 πάθος,
1170 5076 1218 5130 tae
1228 5080 1272 5144 τῆς
1285 5075 1392 5149 ἰατρικῆς
1404 5078 1492 5151 τέχνης
1505 5078 1519 5131 ὁ
1531 5080 1606 5149 νόμος
1612 5077 1754 5150 διαγορεύει.

351 5161 396 5224 τῆς
405 5154 555 5229 ἀνθρωπίνης
565 5154 686 5221 ἀσθενείας
700 5152 761 5212 lari.
775 5159 855 5223 καθώς
868 5179 929 5232 φησι
940 5160 981 5212 καὶ
995 5157 1010 5213 ὁ
1023 5158 1120 5232 Κύριος,
1205 5159 1338 5215 siusrtu.
1358 5157 1459 5230 Ἐπειδὴ
1488 5161 1529 5214 καὶ
1549 5162 1582 5215 δι’
1605 5156 1670 5235 ἡμεῖς
1691 5158 1810 5232 ἄνθρωπος
1821 5151 1912 5226 15th

327 5278 344 5287 ,
352 5238 381 5294 το
394 5245 489 5314 πνεῦμα
502 5240 625 5314 πρόὼμον
645 5232 707 5295 stou
726 5240 817 5314 λέγων,
835 5239 922 5311 &citui
935 5241 962 5296 tl
973 5240 1017 5321 equ
1031 5242 1119 5316 σάρκα.
1169 5242 1236 5305 ὅπως
1243 5242 1348 5380 καὶῐτῶν
1361 5242 1445 5297 παθῶν
1458 5248 1507 5298 τῶν
1520 5244 1644 5317 ἡμετέρων
1662 5240 1814 5315 συμμέτοχοι
1826 5232 1912 5306 ΥΜΙΕ·

1169 5343 1220 5389 νος,
1232 5328 1272 5379 καὶ
1298 5345 1352 5382 catu
1366 5329 1508 5397 coartentur.

378 5502 389 5547 i
402 5503 477 5550 naut.
490 5503 599 5549 susc-i
612 5502 673 5551 brot.
685 5503 701 5549 t.
713 5503 749 5556 lv,
758 5514 778 5549 c.
791 5515 853 5551 mir.
