3994 6164
512 344 563 406 on
582 342 887 424 rucaaurncun,
909 342 983 409 na.
1006 344 1032 423 1,
1054 342 1137 409 cae.
1159 347 1225 411 xx.
1398 296 1399 299 Ὺ
1596 350 1656 416 ιιι

99 515 213 571 catenas
223 507 333 582 solum,
348 514 385 575 ut
397 511 579 589 matronas,
593 516 625 575 ct
642 513 847 593 confligentes
896 514 1020 576 Maenali
1029 514 1213 577 inbochenl
1224 513 1424 593 comesione,
1440 517 1598 597 specimen
1610 519 1660 584 hic

99 601 216 663 inuicem
236 601 443 665 detraherent.
465 604 502 665 ln
527 623 590 684 qno
613 605 699 667 idem
718 605 847 668 illorum
896 606 1048 669 dabimus.
1077 628 1092 666 ι
1107 607 1192 668 Hanc
1206 624 1270 669 esse
1284 607 1461 671 divinorum
1474 616 1612 673 mentem
1626 629 1662 674 ac

99 694 216 759 nens
229 693 345 756 malitia
356 693 428 769 init,
443 703 536 776 atque
549 696 625 759 olim
638 696 739 760 fuerat
756 698 845 761 Arla-
896 700 1079 761 sententiam
1100 701 1230 763 Petrum
1248 698 1402 761 affirment
1422 699 1492 775 isti3
1515 701 1557 762 sic
1579 721 1660 765 asse·

99 784 214 847 uorum¹
227 786 380 866 :quicum
392 788 505 851 lilium
517 797 661 871 tpootens,
677 790 766 852 idest
779 809 846 852 ccu-
895 793 1049 866 rentium,
1071 810 1233 871 nunquam
1255 793 1444 872 intelligente
1464 795 1567 855 anima
1580 810 1660 875 pras·

15 918 16 927 ι
99 876 310 952 substantialem,
328 881 491 959 praedicari
514 882 554 942 ab
581 882 742 943 catholicis
766 900 848 963 egre
896 883 993 946 ditem
1008 884 1129 947 Domini
1144 903 1284 961 carnem,
1312 885 1450 961 seorsim,
1478 904 1514 946 ac
1535 888 1661 967 proprio

100 970 209 1043 hmani,
224 969 297 1031 laisa
305 971 390 1034 illius
397 975 650 1054 interpretatione
662 975 755 1051 uocis,
767 975 847 1036 invi·
897 976 1045 1057 impulsu,
1069 984 1175 1039 eonha
1192 983 1306 1039 nutum
1328 978 1407 1038 uniti
1420 979 1479 1058 ipsi
1493 980 1662 1043 secundum

101 1060 170 1122 diam
184 1061 210 1122 ei
222 1061 321 1124 lacere
336 1065 538 1141 conabantur,
555 1071 724 1128 asserentes
746 1066 849 1128 divisi·
897 1068 1089 1150 hypostasim
1111 1071 1167 1133 Dei
1193 1070 1288 1132 Verbi
1312 1071 1488 1132 naturalem
1510 1074 1662 1152 peregisse

101 1152 237 1228 idemne
253 1157 440 1220 mutabilem
464 1159 551 1239 sequi
575 1160 646 1221 inde
674 1160 770 1221 Patris
784 1177 849 1221 esse
898 1163 1294 1243 motionemzsedquando,
1313 1162 1664 1245 qualem,quantamque

100 1252 245 1310 namram:
270 1266 308 1310 eo
335 1251 421 1329 quod
445 1252 573 1314 deiectio
601 1253 744 1333 quasdam
774 1252 849 1314 sub·
898 1254 979 1315 Deus
1011 1255 1077 1335 ipse
1108 1255 1251 1316 Verbum
1275 1255 1408 1317 volebat.
1435 1256 1474 1316 Et
1497 1260 1534 1316 ut
1559 1262 1664 1337 aperte

100 1339 220 1416 mnne,
237 1358 273 1400 ec
285 1342 477 1421 profluvium
490 1362 564 1407 voce
576 1345 636 1406 ista
647 1345 846 1424 significetur.
899 1347 999 1409 dicam
1013 1368 1021 1421 ς
1051 1348 1314 1427 quemadmodum
1336 1365 1447 1428 corpus
1464 1353 1606 1411 nostrum
1624 1349 1664 1410 ab

99 1430 176 1504 Quod
187 1436 355 1495 utnecessc
369 1453 433 1496 non
444 1444 527 1514 erat;
540 1444 571 1499 et
579 1437 786 1499 mentiebatur
795 1438 849 1517 qui
900 1439 1101 1519 lntehigente,
1110 1440 1524 1503 serationalinostraanima
1534 1441 1661 1520 regitur,

100 1524 136 1585 tie
150 1532 320 1606 πόόμοωοισν
348 1528 522 1608 explicabat
543 1530 652 1592 Arius:
678 1531 721 1591 sic
744 1532 851 1593 Meno
898 1531 1108 1611 gubernmur,
1137 1539 1168 1594 et
1197 1534 1392 1608 ordinatura
1407 1532 1451 1593 sic
1477 1533 1511 1593 in
1542 1534 1665 1595 Christo

100 1615 206 1679 thalete
226 1625 353 1682 strenam
381 1623 489 1698 nugati
513 1627 597 1696 sunt,
613 1622 689 1684 dum
706 1624 849 1685 volunta·
898 1626 1044 1699 Domino,
1060 1629 1127 1687 bita
1139 1627 1277 1687 humane
1291 1626 1516 1706 coagmentatio
1530 1625 1568 1687 ab
1582 1627 1664 1706 ejus-

101 1709 178 1786 tibus,
193 1714 224 1773 at
241 1712 414 1775 actionibus
427 1715 558 1790 duabus,
574 1734 651 1795 ques
663 1716 803 1778 catholici
816 1718 850 1778 in
899 1718 970 1779 dem
983 1719 1078 1780 Verbi
1091 1719 1250 1780 divinitate
1276 1737 1408 1798 semper,
1423 1724 1454 1779 et
1473 1719 1508 1779 in
1520 1718 1666 1780 omnibus

102 1802 202 1865 maso
226 1804 422 1867 statuebant:
442 1807 623 1886 adjunxere,
647 1826 742 1888 quem
755 1809 851 1872 iidem
899 1815 967 1872 acta
977 1816 1008 1872 et
1019 1811 1161 1891 impulsa,
1177 1811 1324 1872 divinitus
1332 1808 1537 1873 movebatur.
1549 1833 1565 1870 u
1578 1812 1666 1886 Quod

101 1894 142 1955 'uti
152 1895 536 1979 mtoeubonunpugnam
545 1901 681 1979 illarum,
694 1908 726 1962 et
739 1902 853 1964 discor·
900 1921 939 1965 ex
953 1903 1095 1983 Gregorii
1108 1905 1239 1984 Nyaseni
1255 1904 1356 1964 verbis
1378 1904 1510 1984 probare
1536 1904 1664 1966 nititur:

101 1987 187 2053 diam:
201 1990 290 2069 quasi
302 2008 369 2052 non
382 1999 507 2071 possent
515 1992 585 2054 duae
596 1995 630 2055 in
643 2012 707 2055 una
718 2013 853 2075 persona
900 1995 954 2076 qui
965 1996 1076 2057 Christi
1087 1996 1298 2076 perpessiones
1303 2014 1359 2076 per
1369 1996 1545 2058 humanum
1555 2014 1668 2076 corpus

101 2080 257 2144 uoluntates
291 2083 424 2146 totidem
457 2102 524 2147 esse
554 2088 755 2162 naturarum,
790 2088 851 2151 uisi
900 2094 1059 2169 operatam
1077 2106 1141 2151 esse
1155 2090 1347 2151 divinitatem
1370 2088 1429 2150 att:
1452 2088 1528 2149 adeo
1552 2092 1588 2149 ut
1614 2089 1668 2149 Dei

102 2179 186 2235 casam
208 2175 340 2237 invicem
364 2178 535 2241 sonuerim.
565 2178 661 2258 Cujus
683 2180 731 2242 rei
757 2198 850 2261 ergu-
900 2180 997 2260 ipsius
1013 2181 1093 2241 actio
1116 2182 1164 2256 sit,
1181 2181 1282 2262 passio
1305 2180 1666 2255 uero,carnis.1taSer·

103 2268 370 2329 meninmmaxime
384 2269 424 2330 de
436 2270 557 2333 Christo
571 2289 679 2351 capere
691 2272 847 2351 solebaut;
901 2276 981 2354 gius,
996 2280 1028 2336 et
1040 2274 1201 2335 Macarius.

105 2356 207 2438 inquo
229 2360 343 2422 ddum
367 2361 542 2424 voluntates
565 2364 706 2439 luerunt,
731 2365 850 2426 eaedem
941 2366 1023 2427 Vlll.
1047 2367 1125 2427 Cum
1156 2367 1252 2445 igitur
1279 2364 1364 2426 bomo
1385 2362 1450 2440 stu,
1478 2363 1541 2427 sire
1566 2365 1670 2447 potius

102 2468 238 2530 pugnasse
270 2453 406 2515 inuicem
446 2455 685 2535 intelliguntur,
725 2459 849 2536 quando
903 2457 1069 2519 humanitas
1084 2459 1211 2533 Christi,
1231 2476 1250 2519 a
1272 2457 1383 2519 Divino
1397 2458 1499 2519 Verbo
1513 2464 1668 2538 ageretur,

101 2543 296 2607 imminentem
315 2564 437 2622 necem,
467 2565 503 2608 ac
530 2547 716 2629 supplicium
730 2549 849 2630 perpeti
902 2550 1013 2628 atejus
1033 2549 1243 2631 impressione,
1267 2550 1466 2630 impulsuque
1492 2555 1670 2613 moveretur

100 2638 328 2712 marscusabet,
352 2640 438 2718 qnod
457 2658 522 2702 csse
542 2641 739 2703 tolerandum
753 2642 849 2704 altera
901 2644 936 2704 in
950 2641 1104 2718 omnibus,
1129 2641 1247 2704 fontem
1260 2661 1296 2704 ac
1315 2643 1505 2723 principium
1529 2644 1668 2722 actionis,

100 2728 268 2793 ὀτοτοτοτοῖ.
285 2732 331 2792 lta
350 2731 476 2811 Sergius
499 2732 533 2793 in
551 2734 680 2814 epistole
692 2735 734 2795 ad
746 2734 849 2796 Hono·
902 2753 968 2795 non
981 2736 1015 2795 in
1028 2735 1173 2797 interiore
1187 2742 1310 2812 natura,
1319 2735 1414 2797 sedin
1425 2737 1552 2797 metrice
1563 2737 1668 2815 hujus,

100 2820 181 2898 πόση
205 2829 236 2884 ct
262 2822 331 2897 alii,
360 2824 407 2885 nti
430 2824 512 2901 dixi,
539 2827 696 2906 coryphei
722 2826 850 2889 haeresia
903 2832 935 2888 et
967 2827 1182 2906 gubernatrice
1214 2828 1278 2888 sola
1311 2827 1463 2889 contineri
1495 2827 1667 2907 putabant:

100 2911 192 2976 hbuit
215 2934 275 2977 nac
300 2934 367 2978 nan
395 2918 545 2979 Macarius
571 2919 796 2997 tabennense,
820 2926 851 2981 et
904 2919 1056 2995 actionem
1069 2937 1163 3000 porro
1176 2920 1275 3001 ipsam
1288 2920 1327 2981 ab
1347 2921 1404 2981 hac
1421 2924 1615 2997 manantem,
1640 2927 1672 2984 et

100 3005 256 3086 Steplnnns
281 3008 348 3087 ejus
371 3009 541 3090 discipulus
567 3011 602 3073 in
622 3015 710 3073 sexta
731 3013 850 3092 synodo
903 3011 1072 3093 profusam,
1089 3013 1131 3074 sic
1153 3013 1187 3073 in
1213 3012 1267 3074 illa
1294 3011 1406 3092 recipi,
1433 3030 1469 3073 ac
1491 3030 1547 3092 per
1572 3014 1672 3092 ipsam

100 3100 197 3160 nunti
221 3107 305 3176 sant,
332 3118 364 3163 se
384 3101 497 3163 idcirco
519 3103 694 3166 voluntates
720 3105 797 3166 duras
817 3106 851 3167 in
904 3103 1037 3179 remedi,
1054 3111 1084 3165 et
1098 3104 1323 3182 administram
1340 3102 1602 3185 quemadmodum
1615 3124 1672 3186 per

100 3190 205 3253 Christo
217 3193 358 3273 profiteri
366 3211 432 3255 non
444 3213 544 3275 posse,
561 3196 645 3277 quod
659 3196 746 3258 nulla
759 3197 853 3260 luerit
903 3197 1145 3258 instrumentum
1167 3198 1296 3275 transit,
1333 3215 1398 3258 non
1425 3196 1464 3258 ab
1489 3215 1525 3258 eo
1549 3197 1670 3275 oritur,
1723 3278 1726 3283 Ι

101 3282 369 3348 hiladiaacnsio:
394 3305 526 3367 cneque
544 3290 674 3351 manalis
697 3291 851 3368 voluntas,
903 3304 1002 3350 causa
1025 3288 1206 3369 principalis
1229 3290 1360 3351 effectio.
1383 3288 1483 3370 arque
1497 3288 1543 3350 uti
1559 3306 1672 3370 eorpus

100 3392 144 3435 nac
166 3377 305 3440 humana
326 3379 431 3460 aliqua
457 3382 633 3460 cogitatio⁰.
665 3403 681 3440 r
711 3383 788 3445 Vide
822 3388 853 3445 ci
902 3386 1045 3441 nochum
1067 3382 1309 3443 instrumentum
1333 3387 1378 3443 eat
1405 3381 1515 3442 animer
1537 3387 1667 3460 nostram

101 3465 170 3530 lanii
185 3470 520 3553 Comtsntinopnlitanl
533 3475 668 3554 episcopi
682 3474 798 3552 locum,
814 3493 853 3537 ex
902 3490 960 3535 nec
979 3492 1035 3553 per
1060 3491 1093 3534 se
1116 3474 1194 3553 agit;
1210 3476 1264 3535 sed
1285 3474 1398 3551 agitur,
1423 3478 1454 3535 et
1467 3476 1620 3547 movetur,
1636 3490 1672 3535 ac

101 3558 153 3635 aas
172 3562 213 3624 nd
240 3562 424 3626 Theodorum
444 3582 557 3647 papam
578 3566 719 3647 epistola,
749 3567 783 3628 in
806 3584 855 3638 ac·
901 3564 1026 3626 vitalem
1039 3563 1259 3644 impulsumab
1273 3565 1340 3643 illa,
1364 3572 1514 3647 tanquam
1536 3566 1669 3646 origine,

102 3651 168 3716 icas
197 3672 252 3718 sur
274 3658 387 3737 synodi
414 3657 565 3735 ejusdem.
589 3660 717 3719 Prorsus
738 3659 854 3740 impuri
903 3676 938 3718 ac
951 3656 1238 3739 principloaocipit:
1252 3676 1324 3720 cum
1333 3658 1549 3733 sitensese,ec
1562 3664 1670 3739 suapte

103 3742 149 3818 idi,
158 3746 297 3809 &militer
309 3753 347 3809 nt
356 3749 475 3826 Ariani,
493 3750 533 3811 ab
546 3752 687 3813 mortalis
696 3751 771 3812 lace
786 3766 853 3812 cor·
902 3749 931 3810 ri
945 3755 1117 3827 mortuum,
1132 3757 1164 3812 et
1183 3751 1378 3814 inanimum:
1395 3750 1438 3812 sic
1451 3750 1496 3811 illi
1508 3750 1669 3812 hominem

101 3838 215 3916 rupeis
235 3839 387 3902 vindicari
413 3858 503 3921 posse
529 3843 680 3904 rambula
705 3844 764 3903 ista
789 3858 854 3904 non
902 3842 936 3904 ln
951 3843 1071 3904 Christo
1085 3860 1212 3923 prorsus
1226 3852 1360 3921 stasne,
1375 3849 1407 3904 et
1420 3848 1596 3923 ἀνινιργηπον,
1611 3841 1670 3903 hoc

103 3931 244 4006 prebent,
256 3933 370 4012 quibus
383 3934 525 3996 catholici
540 3935 692 4015 dogmatis
705 3935 853 4016 protessis
903 3940 949 3997 est
962 3941 1106 3997 careatus
1116 3936 1242 4015 actione,
1257 3955 1294 3997 ue
1307 3933 1456 3997 voluntate
1468 3933 1549 3994 mani
1560 3932 1670 3995 conad-

102 4024 310 4087 sumentur.
706 4040 710 4047 ·
903 4027 1047 4103 tuebant3
1062 4027 1207 4090 rationali
1220 4028 1407 4109 prasertim,
1429 4031 1461 4088 et
1473 4024 1671 4106 intelligentis

132 4114 192 4177 Vll.
218 4118 292 4179 darn
327 4118 410 4198 quod
444 4119 622 4180 auctoribus
655 4137 687 4181 se
722 4118 856 4199 antiquis
903 4121 1048 4202 propria:
1065 4121 1266 4201 cujusstirps,
1279 4119 1534 4193 etvitalis,utsic
1547 4118 1669 4199 loquar,

103 4206 227 4270 Patribus
253 4208 298 4269 lta
311 4209 425 4270 mnino
448 4209 592 4271 dicebant
600 4230 609 4287 ;
624 4211 708 4291 quod
722 4212 856 4274 alterum
903 4211 1042 4288 incultas,
1056 4217 1087 4273 et
1100 4212 1237 4292 potentia
1248 4212 1282 4273 in
1291 4211 1450 4273 divinitate
1459 4210 1571 4287 inerat,
1582 4228 1672 4289 equa

103 4299 226 4363 asiliim
236 4302 365 4363 heresis
379 4302 633 4379 firmamentum
648 4304 733 4366 hunc
746 4306 779 4365 ln
791 4320 857 4366 mo
904 4304 1050 4383 deinceps
1063 4302 1097 4364 in
1110 4302 1348 4376 humanitatem,
1365 4303 1507 4373 sivestri
1521 4309 1671 4383 ἀνθρώπων
1756 4327 1782 4370 1„

103 4389 165 4453 dnm
177 4393 393 4469 adstruebant3
410 4392 498 4473 cujuss
508 4413 547 4456 ex
562 4394 663 4472 Sergii
677 4396 805 4475 epistola
818 4395 857 4458 ad
904 4406 1035 4478 σύγκριμα.
1051 4395 1198 4457 manabat
1213 4399 1244 4456 et
1256 4395 1446 4476 profluebat,
1464 4393 1539 4455 eitra
1554 4393 1671 4474 princi·
1696 4379 1838 4488 mm

105 4479 273 4564 dracmam,
299 4491 347 4560 et,
363 4489 418 4566 qni
442 4478 629 4565 eJus'verba
653 4489 853 4570 banscripsit,
905 4490 1008 4570 palem
1021 4489 1086 4550 rim
1098 4494 1129 4550 at
1141 4488 1318 4550 facultatem
1342 4504 1438 4548 caasser
1460 4486 1579 4566 egentis
1605 4484 1671 4547 elli-

132 4665 194 4722 sln
213 4666 249 4723 Vl
269 4666 340 4737 Syn.
355 4670 411 4720 aat.
428 4664 459 4721 E.
488 4664 578 4738 ‘llpst'a
597 4664 748 4739 όνόρόπινον
762 4667 856 4741 θόλημα
905 4669 995 4741 λόγου,
1020 4667 1063 4736 τὴν
1087 4666 1187 4739 φυσικὴν
1216 4665 1290 4734 αότῆς
1313 4666 1458 4735 ποιήσασθαι
1482 4665 1587 4734 πόνησαν·
1616 4665 1666 4721 ἀλλ

106 4742 136 4799 tsi
146 4742 296 4822 τοΰόριστοῦ
309 4746 339 4805 οὔ
352 4748 468 4820 λέγομεν,
484 4748 548 4805 taius
558 4748 585 4804 ti
594 4749 644 4803 ναό.
662 4750 722 4823 δίχα
735 4749 783 4823 γὰρ
797 4769 856 4824 σαρ-
906 4752 990 4815 όπότι,
1002 4752 1043 4805 ναὶ
1057 4751 1122 4815 οἵαν,
1137 4751 1178 4804 καὶ
1194 4751 1253 4818 drus
1277 4748 1349 4813 αότός
1364 4748 1442 4814 όότός
1463 4750 1537 4821 λόγος
1545 4748 1673 4818 albatiate.

106 4833 165 4882 mas
175 4832 328 4904 dalqurorr,
343 4832 384 4885 sal
392 4832 520 4904 λογισμῶν
532 4830 700 4903 ἀνθρωπίνων,
715 4839 769 4890 ata.
905 4835 947 4889 ael
958 4841 1042 4905 σαφῶς
1058 4833 1143 4901 alaris,
1158 4835 1186 4888 όν
1202 4836 1293 4907 τρόιιον
1312 4833 1342 4888 τό
1356 4833 1475 4906 ήμότιρον
1499 4839 1573 4906 σῶμα
1585 4833 1677 4906 ἡγιμο·

135 4910 238 4970 asne.
260 4913 303 4970 ud
316 4918 426 4970 Houor.
441 4922 496 4971 aot.
517 4931 555 4970 111
583 4911 641 4971 sex.
658 4931 732 4986 syn„
748 4918 858 4975 tom.V
907 4919 1011 4981 νιόιται,
1025 4917 1067 4972 καὶ
1080 4919 1219 4990 κοσμεῖται,
1233 4918 1273 4971 sal
1284 4919 1398 4972 τάττεται
1414 4916 1462 4970 turb
1472 4920 1516 4984 τῆς
1529 4919 1624 4988 νοερᾶς,
1636 4916 1676 4969 καὶ

109 4992 178 5052 douc.
192 5005 220 5055 et
233 5002 351 5055 Macar.
368 4997 398 5054 in
412 5003 466 5054 act.
489 5014 538 5055 rur
551 4998 651 5069 synod.
667 4997 757 5069 ejusd.
779 4998 814 5053 ‘ll
831 4999 858 5055 at
907 5003 1007 5074 λογικῆς
1017 5000 1088 5074 ἡμῶν
1102 5001 1190 5074 ψυχῆς·
1202 5000 1316 5056 οὕτωκαὶ
1330 4998 1369 5055 ici
1382 5004 1426 5055 τοῦ
1440 4999 1559 5054 δεσπότου
1573 4990 1677 5070 Χριστοῦ

109 5079 210 5151 ννῐόριος
231 5087 282 5135 τῶν
310 5082 434 5153 όεορόρων
461 5081 571 5153 πατέρων
595 5083 737 5135 διδασκαλία
751 5081 858 5157 locastis
908 5086 966 5139 ὅλον
985 5086 1015 5143 τὸ
1029 5084 1175 5157 ἀνθρώπινον
1198 5083 1273 5139 αὐτοῦ
1294 5085 1414 5157 σόγνριμα
1427 5083 1475 5137 tat
1487 5086 1530 5149 τῆς
1545 5080 1619 5134 &aad
1632 5083 1676 5133 τοῦ

109 5155 222 5218 mmo
240 5165 286 5231 τό,
308 5165 369 5237 μηδέ
390 5183 450 5221 ποτε
469 5163 513 5233 τὴν
537 5170 627 5237 νοιρῶς
641 5163 799 5239 ἔψοχωμόνην
814 5161 859 5221 τοῦ
908 5170 984 5239 λόγου
1015 5169 1128 5237 θεότητος
1142 5167 1200 5232 ἀεὶ,
1229 5168 1269 5220 καὶ
1303 5166 1327 5220 ἐν
1361 5169 1434 5223 πᾶσιν
1458 5164 1579 5237 όγόμινον
1597 5161 1675 5216 trost·

109 5243 179 5315 νιρόνν
195 5249 270 5321 σάρκα
282 5248 477 5321 κεχωρισμένως,
492 5248 532 5301 καὶ
546 5246 569 5311 ἕξ
583 5244 672 5311 οἰκείας
685 5248 772 5321 ὁρμῆς,
788 5248 858 5302 ἕνον·
909 5247 1030 5319 νητονῆν.

15 5324 16 5403 ό
110 5324 159 5388 ῖῖθς
167 5333 200 5402 τῷ
209 5331 305 5404 νεύματι
320 5324 366 5385 τοῦ
378 5328 504 5403 ἡνωμένον
514 5329 574 5404 missi
586 5331 640 5385 καθ’
653 5330 786 5387 ὑπόστασιν
802 5333 857 5385 dact

15 5526 16 5581 ρ
133 5496 503 5557 1ῐ1όι1.1νὼπίιι.ι.ν,ς·ι.
