4072 6164
576 373 626 433 DE
646 372 947 449 INCARNATIONE,
968 372 1044 435 us.
1066 372 1118 441 lV,
1149 370 1232 432 CAP.
1255 369 1337 432 xvl.
1683 366 1744 427 όόό

159 539 252 602 modo
266 536 401 618 seipsum
419 542 533 614 totum,
560 539 651 599 utsie
672 537 794 616 loquar,
819 526 924 617 appel·
973 538 1014 598 ad
1050 536 1246 617 depellendas
1279 535 1496 597 hereticorum
1532 531 1743 595 cavillationes

159 631 245 692 lavit.
263 630 314 690 Sic
328 631 412 692 enim
425 630 513 710 loqui
531 630 709 705 consuevit,
734 634 770 689 ut
797 647 878 709 sape
906 649 925 691 a
975 647 1089 708 magno
1110 636 1156 691 est
1176 629 1265 693 usui:
1285 629 1328 689 De
1348 629 1457 689 oedem
1479 626 1592 709 Christi
1610 643 1743 706 persona

159 722 331 798 divinitate,
346 741 427 802 saepe
441 722 481 782 ab
493 723 685 782 humanitate
707 728 807 783 tolum
822 722 925 782 nomi·
973 727 1100 802 propter
1111 726 1142 782 ct
1152 727 1336 782 naturarum
1350 737 1528 793 numerum,
1545 724 1575 778 et
1589 717 1741 779 unitatem

159 820 244 875 net⁶.
271 814 549 893 »Theophylaetus
563 831 687 893 quoque
708 812 926 874 similiternon
973 831 1131 894 personae,
1165 814 1317 874 contraria
1352 822 1544 893 κατηγορήματα
1583 808 1741 871 interdum

158 924 284 968 carnem
297 905 340 966 ibi
365 906 531 982 significari
549 904 650 982 dicit¹,
666 924 706 965 ne
720 923 793 965 oum
806 905 925 985 Apolli·
974 905 1141 967 enuntiari.
1158 906 1245 979 Quod
1267 929 1280 958 α
1294 904 1446 984 imprimis
1458 901 1639 964 admirabile
1662 918 1736 969 esse,

158 998 228 1058 nari
254 1000 395 1077 eorpuse'
413 997 490 1058 coslo
510 997 669 1078 delapsum
683 996 843 1077 putetur'.
872 998 923 1058 sed
974 997 1047 1058 dicit
1057 997 1308 1058 Athanasiuszut
1315 997 1399 1057 idem
1409 1000 1439 1056 et
1452 998 1620 1074 pateretur,
1635 997 1667 1054 et
1674 1010 1740 1053 non

157 1106 229 1153 cum
251 1107 316 1148 una
340 1090 380 1149 sit
405 1089 590 1169 hypostasis,
617 1090 680 1149 sive
707 1106 839 1168 persona
862 1106 926 1149 una
974 1094 1142 1169 pateretur.
1176 1090 1256 1149 Nam
1287 1087 1463 1169 patiebatur
1485 1091 1626 1163 eatenus,
1655 1085 1740 1164 quod

156 1180 328 1258 composite
347 1198 386 1241 ex
407 1180 526 1241 duabus
550 1181 680 1254 naturis,
701 1180 926 1259 propriarum·
973 1180 1210 1261 propriumejus
1223 1199 1335 1260 corpus
1350 1178 1740 1257 poteretur,etinpatients

155 1271 231 1332 bula
244 1271 380 1331 hominis
395 1271 433 1333 de
446 1271 548 1332 Verbo
565 1272 642 1346 dici3
659 1290 694 1332 ao
706 1270 840 1336 vicissim
855 1290 926 1350 quae
973 1273 1091 1347 inerat3
1116 1291 1181 1333 non
1196 1273 1370 1352 patiebatur
1382 1277 1506 1347 autem,
1531 1269 1614 1349 quod
1628 1274 1741 1330 natura

156 1362 254 1423 Verbi
265 1362 391 1442 propria
404 1369 488 1439 sunt,
503 1363 624 1424 homini
635 1363 743 1423 tribui.
973 1366 1053 1427 Deus
1064 1366 1105 1425 sit
1117 1364 1269 1437 Verbum,
1285 1364 1458 1442 impatibile
1473 1364 1541 1423 situ
1557 1382 1573 1419 u
1607 1390 1609 1395 ⁴

196 1454 297 1515 Habet
315 1459 346 1516 et
360 1455 494 1534 cyrillus
508 1455 594 1515 illam
611 1456 710 1534 ipsam
730 1453 872 1533 regulam
891 1456 925 1515 in
1014 1456 1165 1530 Affertur,
1191 1456 1279 1518 stab
1299 1455 1468 1537 Euthymio
1481 1454 1560 1515 alius
1580 1451 1741 1513 Athanasii

153 1545 236 1607 libro
246 1544 288 1607 cd
299 1544 515 1622 Tbeodou’umi,
524 1564 655 1626 eamque
668 1545 804 1607 declarat
816 1546 924 1608 simili·
973 1549 1059 1609 locus
1079 1567 1117 1610 er
1129 1548 1210 1610 libro
1224 1556 1330 1609 costra
1349 1546 1534 1609 Valentinum
1549 1543 1739 1606 burensem:

151 1638 266 1699 tudine
276 1638 424 1713 hominis,
435 1638 490 1718 qni
501 1639 594 1699 modo
605 1638 707 1699 carnis
715 1638 820 1714 solius,
830 1637 924 1698 modo
974 1640 1100 1701 abibae
1122 1641 1212 1702 illum
1234 1641 1376 1702 cendone
1399 1639 1521 1701 refellit.
1544 1637 1633 1712 Quod
1657 1637 1742 1698 enim

152 1730 271 1791 animae
285 1730 435 1790 vocabulo
449 1734 531 1790 totus
541 1729 725 1810 exprimitur
735 1750 742 1789 ι
753 1729 926 1808 «Sioigitur
974 1732 1132 1812 Scriptura
1151 1732 1319 1794 Dominum
1342 1732 1450 1811 gloria
1465 1748 1589 1811 passum
1603 1729 1691 1806 dicit,
1705 1746 1741 1789 ac

152 1828 185 1884 et
197 1821 340 1883 Christus
350 1823 384 1883 in
397 1822 491 1883 sacris
502 1822 612 1883 litteris
621 1821 820 1901 praedicatur,
833 1821 926 1882 inter-
974 1825 1030 1885 Dei
1040 1824 1140 1885 filium
1155 1832 1186 1886 et
1199 1825 1299 1886 Deum
1312 1845 1320 1886 ι
1336 1824 1420 1903 quod
1431 1842 1448 1884 e
1461 1823 1538 1884 ooelo
1550 1821 1742 1884 descendisse

151 1914 231 1975 dum
255 1915 383 1994 quidem
403 1915 462 1990 sie,
485 1920 635 1993 tanquam
656 1919 738 1974 totus
760 1913 799 1974 sit
817 1913 923 1990 homo,
974 1916 1093 1992 asserit,
1109 1921 1140 1978 et
1162 1917 1223 1978 alia
1237 1917 1376 1997 ejusdem
1388 1917 1521 1995 generis,
1536 1933 1594 1976 nec
1614 1931 1681 1975 non
1704 1913 1743 1974 iis

150 2007 247 2067 tacita
269 2006 365 2087 ipsius
391 2005 561 2079 divinitate,
591 2006 675 2085 quod
699 2005 924 2084 dispensatione
974 2010 1144 2071 contrarie:
1174 2008 1206 2070 id
1233 2028 1269 2070 eo
1292 2009 1360 2070 lieri
1382 2008 1518 2070 affimat
1534 2006 1647 2086 «quod
1669 2023 1742 2067 cum

150 2098 292 2179 quadarn
325 2102 512 2176 usurpatur3
549 2098 624 2158 elias
655 2102 805 2176 tanquam
828 2098 922 2172 Deus,
974 2101 1088 2181 duplex
1114 2101 1154 2162 sit
1182 2102 1352 2162 secundum
1379 2105 1505 2160 naturas
1527 2098 1683 2173 Christus,
1711 2102 1743 2157 et

149 2190 240 2252 nulla
268 2190 470 2250 humanitatis
496 2190 577 2251 faeta
603 2189 772 2250 mentione.
802 2189 836 2250 ln
862 2206 924 2269 quo
973 2191 1742 2272 hypostasisingularis,utriusqueproprianeturre

149 2282 240 2343 nulla
253 2282 283 2342 ei
295 2281 331 2341 fit
343 2281 468 2359 injuria,
484 2285 611 2361 propter
624 2281 789 2342 amborum
803 2281 837 2342 in
852 2282 924 2341 uni·
974 2302 1030 2345 suu
1049 2283 1151 2346 faciti.
1167 2306 1183 2344 ο
1201 2287 1243 2347 Αο
1256 2286 1383 2347 demum
1405 2282 1522 2363 regulae
1543 2282 1631 2342 istius
1648 2298 1742 2342 usum

149 2381 215 2437 tate
229 2372 473 2434 concursumlu
974 2378 1182 2440 commendat.
1200 2400 1212 2435 ι
1228 2378 1293 2438 Nisi
1311 2377 1396 2439 enim
1407 2373 1652 2453 unumquodque
1668 2391 1741 2435 con·

192 2465 363 2544 Gregorius
384 2467 460 2525 item
486 2466 643 2544 Nyssenus
666 2465 699 2525 in
716 2464 797 2526 libro
815 2465 924 2544 quinto
974 2476 1128 2542 santanae,
1156 2470 1268 2549 inquit,
1295 2469 1558 2542 intellexerimus,
1586 2466 1741 2526 contradi·

148 2556 292 2618 aduersus
324 2556 357 2618 E
358 2555 528 2634 uuuuium,
566 2557 708 2617 observat
741 2557 925 2637 plerumque
974 2566 1095 2621 cenum
1108 2559 1166 2622 sibi
1189 2562 1336 2622 faciemus
1361 2560 1555 2640 Apostolum.
1580 2559 1741 2632 Quomodo

148 2650 250 2710 solius
270 2649 419 2709 humanae
436 2654 555 2709 naturae
578 2649 707 2710 nomine
727 2654 830 2710 totum
843 2648 923 2709 ellici
973 2653 1058 2713 enim
1071 2655 1245 2732 peremnia
1262 2655 1394 2714 terrenis
1415 2652 1505 2713 nobis
1530 2649 1639 2711 similis
1661 2649 1742 2711 erit?

148 2741 327 2808 Christum,
353 2758 388 2799 ac
409 2739 542 2800 vicissim
556 2740 737 2802 alterutrius
750 2741 784 2801 in
797 2741 926 2801 alteram
974 2750 1028 2805 aut
1040 2745 1197 2824 quomodo
1217 2745 1311 2807 irater
1324 2746 1382 2807 erit
1406 2749 1522 2819 noster,
1545 2742 1598 2822 qui
1625 2741 1740 2803 coelesti

148 2831 305 2893 vocabula
319 2830 476 2892 transferri
490 2876 497 2904 ,
514 2850 576 2910 quo
591 2850 630 2892 ex
642 2831 710 2893 loco
724 2833 823 2912 eapite
837 2838 924 2894 aute·
974 2855 1065 2898 carne
1075 2836 1114 2897 sit
1127 2837 1279 2899 indutus?
1293 2839 1353 2899 Sed
1370 2843 1401 2898 et
1412 2835 1603 2897 sliainfinita
1613 2851 1741 2914 sequen·

148 2924 277 2986 cedenti
286 2923 437 2984 nonnulla
448 2923 654 2984 delibavimus
662 2923 684 2985 ⁸.
974 2933 1026 2989 tur
1039 2928 1201 2989 absurda&
1217 2952 1232 2987 u

191 3016 342 3077 Leontuu
373 3016 507 3092 denique
532 3016 566 3075 in
592 3016 672 3077 libro
692 3017 795 3095 primo
821 3023 925 3078 contro
1016 3020 1066 3081 Sic
1079 3021 1112 3080 in
1126 3020 1279 3099 Ephesiae
1301 3016 1421 3098 synodo
1440 3018 1552 3079 citatus
1573 3017 1741 3096 Gregorius

149 3108 336 3184 Nestorium,
366 3116 394 3168 et
418 3105 614 3187 Eutycbeml,
652 3129 668 3166 ιι
695 3108 776 3178 Nos,
803 3108 923 3188 inquit,
975 3112 1131 3190 Nyssenus
1146 3110 1379 3191 quamplurima
1392 3111 1514 3189 generis
1526 3110 1609 3172 illius
1623 3115 1741 3172 ἰναντιό-

147 3201 327 3262 secundum
338 3200 498 3279 scriptum,
514 3204 546 3259 et
558 3198 813 3279 speorrlatiunese
827 3200 926 3260 Patri·
976 3230 1042 3283 ματα
1051 3203 1177 3281 colligit.
1195 3226 1210 3261 ιι
1223 3204 1304 3277 Vita,
1320 3203 1432 3281 inquit,
1446 3203 1739 3282 mortemdegustat:

147 3293 212 3354 bus
227 3292 370 3367 traditas,
382 3310 464 3371 sape
476 3298 580 3353 totum
593 3310 632 3353 ex
645 3298 744 3372 parte,
761 3298 792 3353 et
804 3299 926 3372 partem
975 3296 1075 3356 ludex
1089 3295 1290 3374 adjudicium
1303 3297 1423 3373 agitur:
1449 3296 1522 3354 vitre
1548 3312 1657 3355 eorum
1678 3312 1743 3355 om-

147 3386 281 3447 nomine
292 3383 387 3444 totius
400 3383 571 3461 diluimus,
592 3402 664 3445 eum
678 3384 815 3445 Verbum
824 3384 925 3445 filium
974 3387 1076 3460 nium,
1101 3405 1170 3466 quae
1195 3392 1286 3461 sunt,
1310 3385 1579 3464 dominusjudiois
1590 3386 1742 3447 sententia

148 3476 292 3538 hominis
314 3477 530 3549 nominamus,
563 3485 593 3537 et
618 3477 789 3538 Dominum
817 3476 925 3555 glorie
973 3478 1138 3539 damnatus
1152 3477 1294 3539 fficitmt.
1310 3500 1326 3536 »

148 3569 338 3631 crucifixum
365 3566 561 3629 confitemur.
590 3568 651 3629 Sed
674 3587 738 3628 non
761 3573 925 3647 propterea
1014 3568 1496 3650 Atticusconstantinopolitanus
1504 3568 1635 3631 ibidem:
1649 3569 1742 3631 «Gar-

148 3660 436 3727 eommunicatione
460 3660 644 3721 idiomatum
681 3660 817 3720 tollimus
848 3679 924 3739 pro·
973 3662 1033 3737 nis,
1064 3664 1175 3742 inquit,
1198 3680 1308 3742 expers
1334 3667 1518 3742 propterte
1543 3662 1742 3723 incarnatur:

148 3755 260 3835 priam
283 3752 438 3813 radonem
464 3752 661 3831 proprietatis
688 3752 865 3813 alterutrius
891 3752 925 3812 in
973 3754 1111 3815 Verbum
1124 3772 1195 3816 caro
1208 3754 1325 3815 iactrrm
1335 3759 1399 3828 est3
1413 3755 1467 3834 qui
1480 3754 1539 3814 sub
1546 3759 1664 3814 tactum
1677 3771 1742 3814 non

56 3903 61 3915 ,
149 3847 306 3908 eodem.»
973 3846 1070 3914 cedit,
1087 3847 1142 3926 qui
1167 3851 1278 3907 natura
1300 3846 1500 3925 incorporeus
1512 3852 1568 3921 est,
1583 3845 1741 3923 tangitur3

4 3938 124 4002 ”lter-le
193 3939 251 3998 IV.
272 3937 407 3998 Tertiam
420 3937 469 3999 his
482 3936 625 4017 regulam
643 3936 839 4018 subjicimus,
856 3954 925 4015 quae
973 3939 1107 4017 quisine
1130 3939 1219 3999 initio
1241 3944 1297 4012 est,
1326 3937 1384 4000 sub
1408 3938 1535 3999 initium
1559 3954 1743 4018 corporeum

189 4184 214 4225 a
232 4169 329 4224 Cnars.
344 4168 419 4224 bom.
436 4182 510 4224 xxru
525 4171 558 4224 tu
575 4171 661 4223 Joou.
673 4167 731 4221 Υἱόν
749 4165 776 4219 δὲ
795 4165 924 4239 ἀνθρώπου
974 4154 1013 4226 όν·
1027 4158 1060 4231 μὴ
1075 4160 1177 4233 πάσχων
1193 4158 1228 4223 δὲ,
1244 4159 1281 4213 ὅτῑ
1299 4163 1329 4232 τῇ
1348 4157 1415 4231 etur
1429 4157 1481 4220 eu,
1499 4160 1534 4212 ὢν
1550 4157 1662 4231 ὅλόγνι,
1677 4156 1742 4213 tuu-

150 4247 259 4308 ἔνταῦθα
272 4250 300 4304 οὗ
319 4251 363 4319 τὴν
377 4251 455 4319 σάρκα
468 4250 589 4305 ἐκάλεσεν·
605 4249 661 4303 ἀλλ’
675 4250 724 4304 tut
740 4253 783 4317 τῆς
797 4248 926 4312 ἐλάττονος
974 4240 1015 4308 θός
1029 4240 1089 4295 ἔστῑ·

149 4336 241 4397 οὐσίας
254 4336 313 4388 όλον
329 4333 423 4399 ἑαυτόν,
441 4335 476 4386 ἵν’
493 4334 571 4396 οὕτως
589 4332 661 4397 εἴπω,
678 4333 792 4406 ὠνόμασε
807 4336 857 4385 νῦν.
878 4331 927 4405 γὰρ
1009 4325 1031 4380 d
1049 4324 1182 4381 Arsanus.
1198 4324 1271 4394 apud
1295 4325 1379 4381 [luta.
1401 4327 1476 4380 Patr.
1494 4323 1536 4379 iil.
1559 4323 1603 4381 lx.
1622 4323 1688 4395 Πρός
1702 4324 1743 4385 οὓς

150 4426 231 4475 τοῦτο
243 4418 296 4480 ἔθος
305 4417 382 4490 ω’ντῷ,
398 4418 516 4479 πολλάκις
528 4416 571 4488 μὲν
586 4415 635 4469 ἀπό
646 4419 690 4482 τῆς
701 4417 823 4487 θεότητος,
833 4416 927 4469 πολλά·
975 4405 1086 4479 ἔροῦμεν,
1101 4409 1139 4463 ότι
1160 4406 1211 4462 ἐπεὶ
1233 4408 1334 4470 διπλοῦς
1347 4410 1383 4461 ὢν
1404 4409 1457 4469 ταῖς
1476 4407 1573 4479 ρόσεσιν
1592 4407 1606 4460 ό
1625 4406 1742 4480 Χριστός,

150 4523 192 4565 ²15
206 4501 234 4554 ti
250 4500 299 4555 ἀπὸ
312 4500 497 4573 &vomerum
511 4500 595 4554 τὸπᾶν
604 4500 698 4553 καλεῖν,
976 4491 1105 4563 μοναδικός
1124 4491 1151 4545 δὲ
1165 4491 1208 4559 τὴν
1229 4490 1372 4556 ὑπόστασιν,
1388 4490 1542 4544 όδιοποιεΐτοιι
1559 4490 1592 4544 τά
1605 4494 1648 4559 τῆς
1662 4489 1744 4545 huri·

192 4585 295 4641 bCrn.
310 4588 343 4640 iu
362 4582 439 4655 apl.
456 4600 519 4654 spu.
539 4582 689 4654 Κηρόττετιιι
710 4580 737 4635 δὲ
758 4581 799 4633 κοιλ
821 4580 862 4634 διά
876 4587 926 4635 τῶν
975 4592 1018 4643 ρας
1026 4574 1129 4645 φύσεως.

150 4669 229 4740 ἱερῶν
252 4668 418 4740 γραμμάτων,
433 4664 492 4719 ποτὲ
516 4662 575 4737 μὲν,
604 4667 638 4728 ὡς
660 4666 718 4726 όλος
731 4664 765 4717 ὤν
789 4663 924 4736 ἅνθρωπος.
1009 4672 1024 4712 e
1043 4656 1111 4713 ibid.
1131 4656 1162 4710 Εἰ
1174 4657 1222 4730 γάρ
1240 4656 1273 4729 μὴ
1292 4659 1419 4729 νοήσωμεν
1434 4656 1538 4711 ἕκαστον
1553 4655 1657 4729 οἰκείως,
1676 4655 1744 4711 ἔναν-

152 4750 340 4822 σεσιωποράνης
358 4748 433 4803 αὐτοῦ
454 4753 496 4817 τῆς
510 4750 623 4817 θεότητος
642 4747 812 4819 οἰκονομικῶς·
827 4746 887 4801 ποτὶ
900 4747 927 4801 δὲ
974 4740 1088 4811 wimiis
1107 4734 1277 4812 ὓπῡῧαλῦὗμέν
1301 4739 1341 4793 τὸν
1368 4739 1529 4795 Ἀπόστθλῦν·
1553 4746 1607 4803 πῶς
1620 4740 1668 4814 γὰρ
1681 4740 1744 4795 κατὰ

151 4830 184 4889 αὖ
202 4835 277 4888 πάλιν
291 4835 324 4896 ὼς
342 4833 404 4903 θεός,
421 4833 605 4905 σεσιωπημένης
618 4831 696 4910 obrui
706 4836 749 4897 τῆς
768 4829 928 4901 άνθρωπόιη-
974 4823 1054 4877 πάντα
1068 4826 1153 4896 ὅμοιος
1167 4823 1224 4895 ἡμῖν
1245 4824 1298 4885 τοῖς
1315 4818 1421 4894 tustolfi
1436 4830 1489 4885 πῶς
1504 4823 1530 4878 δὲ
1552 4824 1655 4894 tedet,
1671 4822 1743 4894 ἡμῶν

151 4939 206 4983 τος.
223 4917 341 4970 ἀδικεῖται
355 4915 382 4969 δὲ
395 4917 450 4970 κατ’
462 4915 550 4969 osee«
562 4917 664 4988 τρόπον,
678 4913 719 4968 διὰ
730 4912 773 4981 τὴν
788 4912 877 4985 άμροῖν
893 4912 927 4976 εἰς
975 4907 990 4960 ό
1004 4908 1082 4979 σάρκα
1095 4908 1208 4979 οὐρανίαν
1223 4907 1442 4980 πιριόεόλημένος;
1458 4906 1563 4961 tutet
1580 4902 1744 4980 perplacitum

152 5003 262 5068 ἑνότητα
273 4999 401 5073 σόμόσσιν.
976 4989 1067 5063 ἕψεται.

189 5100 206 5141 ο
226 5085 330 5140 lassu.
345 5082 375 5138 in
390 5083 470 5153 epist.
489 5081 532 5138 od
545 5085 643 5154 Epist.
664 5081 712 5133 Καὶ
728 5078 758 5150 ἦν
773 5078 925 5151 παραδόξων,
1010 5071 1031 5145 s
1046 5074 1134 5129 Gneo.
1152 5074 1233 5131 Nrss.
1248 5075 1281 5128 tu
1295 5072 1372 5145 Epir.
1390 5090 1453 5145 σρο.
1469 5088 1526 5143 par.
1542 5071 1576 5136 ll,
1592 5077 1647 5127 acl.
1664 5085 1683 5126 ι.
1707 5067 1743 5124 ‘ll

124 5213 131 5221 ,
151 5170 193 5224 ότι
219 5165 292 5228 αὐτὸς
312 5162 342 5234 ἦν
356 5166 370 5219 ό
384 5166 499 5239 πάσχων,
513 5166 554 5219 καὶ
572 5165 605 5237 μὴ
620 5165 732 5238 πάσχων·
755 5164 858 5236 πάσχων
871 5161 925 5235 μὲν,
974 5154 1025 5224 ζωὴ
1040 5155 1145 5211 θανάτου
1167 5158 1271 5230 uiueret·
1294 5157 1308 5210 ό
1328 5155 1409 5230 κριτὴς
1430 5154 1463 5218 εἰς
1474 5155 1597 5228 κριτήριον
1618 5153 1743 5226 desecet

153 5253 194 5306 ότι
204 5243 581 5321 τόῐόιονσότοῦἔπσσχεσῶμσ,
593 5247 634 5301 καὶ
644 5246 668 5300 ἔν
680 5245 748 5318 αὐτῷ
757 5252 794 5320 τῷ
804 5247 925 5319 πάσχοντι
973 5243 1017 5307 τῆς
1029 5242 1095 5307 ζωῆς
1108 5246 1158 5295 τῶν
1173 5240 1250 5295 ὄντων
1263 5239 1344 5311 κῦρνος
1360 5238 1399 5293 iol
1413 5244 1443 5312 τῇ
1456 5239 1529 5310 ψήφῳ
1542 5242 1586 5293 τοῦ
1600 5237 1743 5303 biliam(

974 5324 1068 5396 άγετοιι.

184 5514 196 5558 ν
212 5512 238 5556 να
249 5522 333 5568 uum
344 5512 456 5557 σωκ-ν
469 5510 522 5556 rue
531 5514 547 5556 l.
560 5518 629 5557 ραιρ.
645 5512 663 5562 ι,
677 5524 697 5557 α
706 5521 736 5564 α,
750 5509 848 5567 ςο.-ι
860 5486 954 5566 ια’ρρο.
966 5508 1093 5565 ιρι-ις
1108 5507 1152 5553 eu
1162 5507 1212 5553 ν.-
1225 5508 1239 5552 ο
1251 5507 1314 5553 νοω.
1325 5506 1354 5551 ιν
1365 5507 1420 5552 eser.
