4078 6168
587 287 592 301 ι
661 342 1008 420 mutuatissime,
1032 345 1118 411 GAP.
1140 349 1184 412 11.

131 517 197 586 δὴ
211 518 276 583 τὼς
288 518 456 593 litigenae,
479 517 536 575 eie.
557 522 596 575 dn
610 518 692 583 licia
705 520 783 575 oven
797 514 906 592 ieiuno,

130 604 342 679 sioreddidit;
358 603 424 666 Eos
449 610 548 668 autem
576 604 630 686 qui
651 603 754 666 dicunt
776 600 855 685 quod
873 600 910 663 de

130 715 188 756 nan
214 694 402 758 matites
427 696 523 779 Mes
548 705 600 773 est,
627 698 739 771 τὰόντα,
755 694 839 776 quod
866 698 912 756 est

131 788 308 864 amris,
332 790 443 851 batim
467 788 580 852 maluit
605 790 757 850 exstantia
782 787 909 849 diceret
1195 820 1227 906 C
1235 816 1390 906 APUT
1437 814 1476 903 Π

130 888 167 942 ut
192 887 226 941 et
253 880 450 960 Epiphanius
473 880 717 945 scholasticusin
742 879 911 961 Tripastr'ta
1483 885 1492 904 ⁰

131 970 262 1033 marin
273 971 295 1041 ¹,
312 990 370 1053 pro
384 992 448 1055 qua
467 973 616 1035 Ruffinus
628 991 666 1034 ea
678 989 736 1033 noir
757 970 910 1032 misianu-

131 1063 183 1124 iss
195 1065 233 1125 in
246 1064 380 1126 hittone
391 1082 449 1126 sna
464 1063 597 1146 posuit&
612 1065 669 1125 Eat
678 1082 762 1125 nuno
775 1063 910 1124 Vincen-

129 1157 202 1232 uus,
217 1162 253 1217 et
275 1155 466 1237 insensum.
480 1159 506 1219 si
522 1173 616 1238 quem
633 1156 739 1232 nme,
762 1155 911 1217 ruborem
959 1172 989 1230 s.
1007 1166 1335 1230 sarracenescum.
1362 1167 1393 1228 s.
1422 1165 1567 1228 vumere
1579 1169 1726 1248 passa-

128 1249 276 1310 uironte
301 1248 471 1311 confinem.
498 1250 580 1312 Sane
609 1248 773 1311 emittentia
792 1265 910 1310 namen
998 1261 1086 1336 cacto,
1101 1264 1128 1320 et
1153 1259 1297 1339 dopmni
1314 1257 1447 1340 proditio
1462 1276 1474 1319 ‚·
1490 1257 1561 1319 dum
1585 1258 1726 1340 repudia.

128 1340 281 1403 munem
297 1360 365 1403 111111
385 1344 450 1419 1111»
465 1348 507 1415 111,
533 1349 570 1403 111
592 1343 632 1402 111
658 1359 724 1402 11011
742 1340 842 1420 11111811
864 1340 911 1401 111
999 1360 1091 1413 tama
1106 1352 1248 1433 mopietro
1267 1368 1318 1412 soa
1340 1350 1574 1433 Peripateticum
1596 1351 1726 1432 petroso*

127 1440 226 1512 tuse
254 1438 578 1513 quaesissemus,
604 1432 778 1511 egumeno
804 1431 908 1492 debet·
996 1445 1097 1526 pesam
1111 1445 1153 1505 aa
1167 1439 1404 1505 temeratoris
1416 1441 1725 1508 mercenariae.

127 1524 284 1586 &tanim
313 1526 450 1604 winae,
463 1526 592 1607 perinde
620 1528 656 1585 ut
682 1531 809 1599 enotare,
826 1523 909 1601 apud

127 1616 257 1677 Latinos
285 1624 444 1695 auctores,
471 1618 556 1681 idern
583 1624 677 1698 atque
711 1633 854 1697 einerpere
879 1621 910 1677 et
998 1618 1024 1677 1.
1039 1615 1087 1676 sb
1100 1615 1158 1677 hac
1171 1616 1372 1695 grammatica
1394 1615 1568 1676 velitatione
1593 1616 1726 1677 Vincen⁴

126 1709 266 1786 mucre,
282 1710 484 1773 veleaartri:
500 1712 552 1772 sed
577 1728 648 1772 eum
669 1714 755 1771 motu
780 1709 885 1787 aliqum
896 1728 905 1784 ;
957 1709 1002 1782 tii,
1020 1709 1059 1769 ad
1074 1708 1261 1788 praecipuam
1279 1714 1474 1770 transeamus
1486 1708 1602 1787 operis,
1618 1715 1650 1769 et
1663 1726 1728 1769 cers

126 1803 209 1879 quod
222 1802 367 1865 tutandi
378 1822 439 1864 vox
450 1821 516 1864 non
528 1801 724 1882 assigniflcet,
741 1807 776 1861 ut
789 1798 902 1862 eruditi
957 1801 1080 1862 uminis
1093 1801 1256 1861 materiam
1269 1800 1307 1862 de
1319 1819 1381 1880 que
1395 1801 1517 1861 duobus
1529 1801 1616 1861 libris
1625 1802 1727 1882 dispu-

124 1894 903 1969 gnnmiicinanrunt.1nuneumeneestanaam
955 1893 1042 1954 tavit.
1069 1893 1210 1958 Quorum
1233 1898 1402 1972 antequam
1426 1892 1605 1970 singillatim
1625 1900 1726 1956 errata

125 2004 180 2064 pra
194 1990 300 2066 ὑπάρξει
321 1988 433 2049 melius
454 1988 577 2063 dixeris,
592 2005 686 2068 Qum
700 1985 902 2048 existentiam.
955 2003 1133 2064 persequor,
1166 1983 1318 2063 generalis
1352 1985 1419 2045 haeo
1452 1985 1726 2047 animadvertenda

127 2079 214 2139 Hunc
233 2080 325 2139 enim
342 2097 408 2141 non
430 2080 621 2155 attractum,
645 2084 682 2138 ut
704 2078 827 2153 vacum,
850 2077 905 2137 sed
954 2082 1009 2151 cst,
1026 2082 1058 2137 et
1071 2092 1126 2156 per
1140 2078 1320 2138 imivereum
1334 2094 1445 2155 corpus
1458 2076 1617 2156 pertinens
1641 2076 1726 2138 labes

127 2176 296 2231 mum
317 2189 384 2233 esse
398 2189 514 2233 nomen
537 2171 727 2250 antiquiores
747 2169 904 2231 existima·
953 2168 1080 2232 ludiores
1098 2168 1311 2240 cavillationis,
1337 2186 1373 2230 ao
1394 2168 1578 2249 sophistice.
1593 2169 1672 2229 Nam
1695 2174 1726 2231 et

127 2269 199 2323 runt
209 2263 367 2340 theologi,
386 2264 530 2343 idemque
544 2282 580 2325 ac
590 2280 748 2345 personam
762 2274 838 2338 esse,
853 2261 903 2322 vel
953 2260 1132 2340 quaestionis
1145 2260 1520 2339 ineespandendostutum
1534 2260 1659 2322 invertit
1675 2266 1726 2321 :et

126 2354 362 2434 munientium
376 2361 413 2417 ut
426 2358 575 2436 inquarto
588 2354 623 2416 de
641 2355 788 2415 Trinitate
801 2354 903 2414 obser-
954 2371 1051 2433 quaa
1066 2353 1204 2428 Potane,
1219 2354 1300 2433 quod
1324 2355 1419 2414 etiam
1440 2371 1498 2433 pro
1519 2368 1551 2414 se
1574 2353 1724 2415 Ricardus

126 2455 320 2509 vammesta
333 2446 450 2509 nonni.
464 2449 567 2515 Quare
575 2447 698 2524 melius,
708 2446 813 2525 utjam
825 2445 899 2520 dixi,
954 2453 1099 2528 opponet,
1123 2447 1281 2526 proposita
1300 2450 1587 2525 erantargumentu
1614 2451 1723 2508 eontra

126 2546 325 2620 preeuntem
361 2546 484 2601 secutus
516 2540 684 2619 vigilium,
719 2538 902 2601 exstantiam
952 2540 1027 2601 navi
1040 2539 1192 2618 dogmatis
1211 2542 1380 2611 auctorem,
1405 2538 1625 2600 dissimulando
1640 2556 1721 2616 preed

126 2633 292 2713 appellavi,
308 2633 366 2693 etsi
380 2632 555 2713 promiscue
576 2633 690 2712 sepius
716 2630 902 2692 existentiam
951 2633 1034 2693 teriit
1050 2651 1058 2693 ι
1074 2638 1142 2692 tum
1160 2649 1236 2692 vero
1259 2632 1293 2693 in
1313 2636 1452 2709 arsoepts
1478 2649 1583 2710 musa,
1610 2637 1641 2691 et
1653 2644 1722 2693 ma·

126 2726 287 2806 usurpavi,
311 2741 368 2804 pro
382 2742 420 2785 eo
433 2722 518 2803 quod
537 2730 637 2804 ὕπαρξιν
654 2723 752 2785 Graeci
775 2727 899 2793 vocant,
950 2725 1039 2806 gistri
1049 2724 1225 2786 defensione
1239 2724 1458 2804 praevaricatus
1470 2730 1526 2785 est.
1743 2768 1878 2815 unmea-

126 2818 257 2898 qnodtn
270 2818 481 2881 homoGrmce
494 2816 828 2896 valdedoetusteapptv
848 2833 902 2876 no
990 2815 1139 2877 Delibero
1152 2816 1287 2878 hominis
1300 2813 1437 2889 arbitrio,
1453 2816 1581 2894 ejrrsqrie
1594 2820 1717 2893 natura,
1754 2822 1881 2868 etesius·-

128 2911 254 2972 minuati
268 2931 276 2971 ε
291 2928 352 2971 nec
366 2908 597 2970 vocabularium
612 2913 704 2969 tuum
728 2914 800 2969 ante
826 2926 901 2968 con·
951 2907 1168 2970 etadversaria
1188 2907 1378 2982 necessitate,
1393 2912 1457 2968 tota
1473 2907 1532 2969 luit
1546 2907 1675 2983 Potavi,
1688 2915 1719 2970 ei

127 3003 262 3077 mlnisti,
277 3020 317 3063 ex
339 3020 403 3080 quo
424 3000 501 3062 seire
524 3018 639 3080 posses,
654 3008 765 3083 ὓπαρχὴν
782 2999 901 3061 initiam
951 3000 1073 3062 Ricardi
1095 3017 1167 3061 cum
1184 3000 1355 3062 Armaoano
1381 2998 1549 3060 conantia.
1571 2999 1658 3059 liano
1672 3001 1720 3079 lpo

129 3101 157 3157 et
166 3103 270 3156 ortum
284 3093 332 3156 rei
343 3092 528 3173 significare,
541 3110 606 3153 nan
621 3092 818 3154 eaisterstiam.
951 3110 1019 3155 sam
1031 3092 1121 3153 titulo
1134 3092 1205 3153 libri
1219 3093 1279 3168 sui,
1294 3098 1326 3154 et
1346 3092 1544 3173 inscriptione
1565 3090 1719 3172 professus

163 3188 215 3249 iv,
232 3184 308 3248 Non
322 3185 427 3247 minus
454 3184 587 3246 absurde
614 3178 652 3245 de
677 3183 827 3245 vocabum
855 3180 902 3243 ia·
952 3185 1270 3247 anturnacensium
1283 3184 1377 3261 idem,
1390 3184 1447 3245 uhi
1461 3183 1577 3245 adrem
1591 3188 1720 3246 ventum

128 3280 233 3360 pretiis
246 3278 414 3359 negotium
429 3274 513 3350 lecit,
529 3282 561 3338 et
581 3293 651 3338 eam
676 3276 904 3337 accusationem
952 3287 1008 3350 est,
1024 3276 1063 3336 de
1083 3277 1207 3354 propria
1230 3274 1322 3338 lihesi
1334 3275 1453 3338 arbitrii
1472 3277 1609 3349 notione,
1625 3294 1720 3355 quem

129 3372 357 3453 elegantiarum
372 3374 459 3449 pater
476 3369 630 3449 expromit
643 3366 692 3428 his
705 3368 818 3446 verbis,
832 3387 904 3450 qua
952 3387 990 3430 ex
1003 3367 1137 3446 antiquis
1162 3366 1363 3448 philosophis,
1385 3386 1421 3429 ue
1445 3367 1598 3446 theologis
1622 3366 1720 3429 inier-

129 3465 177 3527 hic
194 3482 304 3544 operae
319 3463 455 3544 pretium
471 3462 512 3522 sit
533 3461 646 3537 legere.
663 3482 678 3518 e
693 3454 753 3521 Sed
764 3461 824 3521 hoc
836 3480 905 3541 per·
952 3476 1120 3533 moveram,
1137 3476 1290 3539 perpauca
1312 3460 1400 3533 dixit,
1427 3476 1484 3521 neo
1506 3458 1670 3532 manices
1686 3461 1720 3522 in

129 3556 245 3620 bellum
264 3553 348 3630 est⁸,
363 3555 424 3629 ait,
441 3553 525 3634 quod
548 3570 621 3615 cum
644 3552 826 3614 Ciceronem
846 3554 901 3615 nd·
952 3552 1099 3614 libertatis
1111 3570 1185 3613 vero
1205 3556 1237 3613 et
1260 3551 1475 3613 ostentatione
1497 3551 1665 3613 uoluntarii
1690 3559 1721 3615 et

2 3652 3 3659 ’
128 3642 415 3727 reintegratis
444 3646 594 3721 obsouro,
610 3644 800 3724 detritoque,
827 3651 902 3707 eta
952 3645 1070 3706 catena
1089 3644 1314 3723 ejusdemmodi
1335 3644 1461 3706 vocibus
1485 3662 1557 3725 qua
1574 3644 1719 3726 amir‘pae,

128 3743 260 3822 petrino
274 3740 377 3801 Plauti
387 3737 587 3810 termulento,
603 3736 700 3798 semel
712 3754 807 3797 usum
820 3752 903 3799 com-
952 3739 984 3798 et
994 3743 1130 3817 tpnstpne
1152 3741 1355 3816 usurpantur,
1375 3736 1491 3798 honum
1512 3743 1631 3817 purtem
1650 3755 1720 3798 ora-

2 3884 3 3911 ,
129 3834 270 3913 meimet,
285 3849 362 3893 man
375 3829 545 3893 identidem
558 3829 665 3890 lectori
678 3846 734 3890 suo
748 3827 899 3908 ingerere,
951 3829 1045 3891 uanis
1064 3828 1238 3909 insumpsit.
1268 3829 1374 3890 Dicam
1392 3829 1430 3890 de
1448 3830 1507 3891 hac
1532 3828 1657 3905 fraude,
1685 3846 1722 3891 ae

130 3916 494 3996 ethaeluoulente'iace,
510 3920 628 3982 arbitrii
648 3926 773 3981 noctem
786 3919 902 3982 illumi-
951 3920 1201 4001 tergiversatione
1221 3926 1338 4001 postea
1367 3922 1447 3982 Nam
1473 3921 1513 3982 ds
1537 3921 1721 3998 pravarica-

130 4035 203 4079 nnre
223 4035 293 4097 nou
317 4013 521 4076 secaverit.»
545 4013 695 4087 Quanam
718 4013 786 4074 hac
807 4019 900 4091 suut,
951 4015 1036 4078 tione
1050 4014 1137 4093 prius
1150 4013 1200 4090 agi
1218 4030 1341 4075 neceas
1354 4019 1401 4074 est
1417 4033 1424 4074 :
1441 4013 1525 4092 quod
1539 4013 1720 4075 sammul-

130 4110 266 4185 olsecrn,
280 4110 425 4188 portenta
437 4102 630 4166 verborum?
643 4109 698 4165 aut
710 4105 786 4184 quid
806 4105 900 4166 mira-
951 4105 1177 4185 tumpraesidii,
1191 4123 1228 4167 eo
1249 4105 1327 4167 lueis
1344 4105 1510 4186 msequens
1529 4111 1636 4169 nonin
1662 4106 1722 4169 dis·

130 4201 218 4264 bilius
229 4202 294 4262 hoc
308 4198 446 4274 nomine,
461 4198 514 4277 qui
528 4215 568 4257 en
584 4216 600 4254 s
617 4195 760 4273 obscuro,
788 4196 900 4259 detrito
953 4201 1072 4279 putatio
1086 4198 1197 4277 capiet.

131 4310 163 4354 sc
180 4292 372 4357 mriuulmto
385 4290 490 4351 neseio
512 4306 574 4369 qua
594 4288 747 4349 laternam
766 4286 840 4350 inait
861 4287 901 4351 ad
992 4290 1031 4351 Il.
1045 4291 1139 4350 Novae
1159 4288 1269 4350 artilex
1282 4295 1382 4365 recten
1398 4295 1505 4351 annue
1517 4305 1613 4370 mem
1629 4291 1722 4371 scrip·

130 4383 368 4447 illuminandum
407 4386 530 4443 uocum
573 4379 663 4441 liberi
697 4376 850 4442 arbitrii?
881 4402 897 4439 n
952 4399 1063 4457 seram,
1081 4386 1118 4442 ut
1130 4380 1295 4465 formulam
1312 4381 1401 4443 liberi
1416 4380 1539 4443 arbitrii
1554 4382 1720 4444 constitue·

130 4481 232 4559 Apage
244 4484 278 4539 te
291 4489 365 4536 eum
377 4471 567 4553 farinulenta
588 4477 644 4533 tua
665 4473 732 4552 sace
744 4471 903 4535 illumina·
950 4480 1008 4551 ret,
1024 4473 1366 4535 summovendasedixit
1378 4472 1483 4535 ablrae
1495 4474 1721 4538 eomultetione

131 4568 282 4631 anubem
303 4565 431 4627 arbitrii.
454 4563 602 4644 rapsaces
617 4581 674 4643 pro
688 4580 726 4623 eo
747 4564 831 4642 quod
854 4570 902 4627 est
951 4565 1183 4644 Peripateticos,
1198 4570 1229 4626 et
1242 4564 1438 4643 Pelagianos3
1454 4566 1538 4646 quod
1556 4567 1720 4629 amborum

132 4660 326 4735 invite,di1it
345 4676 411 4718 non
425 4656 521 4717 mmel
540 4654 678 4716 Plautus.
705 4655 789 4716 Dixit
801 4660 833 4717 et
853 4658 898 4717 M.
950 4657 1101 4719 sonantia
1115 4656 1155 4717 ab
1173 4655 1321 4718 catholica
1345 4655 1406 4718 tide
1429 4675 1467 4718 ea
1493 4676 1583 4737 aqua
1608 4659 1721 4722 ⁴discre-

133 4754 256 4814 'l'ulllns
271 4748 409 4831 inpratr's,
426 4748 510 4827 quod
523 4747 607 4807 idem
629 4752 675 4807 est
687 4752 780 4826 atqua
794 4746 899 4828 iepra—
950 4754 1049 4830 paret.
1072 4748 1172 4810 Edisti
1194 4748 1290 4809 verba
1310 4754 1384 4809 sunt
1407 4749 1576 4829 ejusmodi,
1603 4772 1618 4809 a
1636 4751 1721 4813 Nihil

133 4846 191 4907 tiri.
204 4844 373 4907 Terentius
383 4841 460 4900 ilem
469 4836 503 4900 ia
514 4838 676 4915 ennato,
949 4842 1049 4919 magis
1074 4841 1109 4902 in
1126 4841 1186 4902 hoo
1210 4846 1394 4920 argumento
1419 4842 1458 4903 de
1479 4842 1577 4904 libero
1590 4841 1720 4905 arbitrio

172 4940 280 5020 «Opus
292 4933 416 5009 isdum
428 4936 464 4992 ut
477 4930 625 5011 defatiger
634 4948 743 5010 nepe,
759 4930 900 5009 ingratiis
951 4939 1128 5014 suspectum
1140 4951 1205 4995 esse
1216 4932 1336 5002 debct⁸,
1350 4951 1445 5014 quam
1458 4934 1654 4996 aristotelica
1667 4935 1719 4997 illa

670 5023 717 5100 [ut
734 5023 898 5085 dormiam.
950 5024 1155 5105 philosophia,
1171 5024 1260 5104 crrjus
1280 5024 1375 5086 solius
1396 5025 1492 5086 minis
1510 5025 1651 5087 instructi
1663 5027 1719 5087 Ju-

136 5120 200 5182 lian
212 5125 242 5182 te
254 5118 333 5180 adeo
346 5116 487 5194 desipere
500 5114 643 5187 arbitror,
658 5120 695 5175 ut
711 5115 805 5175 tantis
818 5115 899 5177 Lati·
949 5117 1062 5194 linnus,
1084 5122 1114 5178 et
1136 5116 1277 5196 Pelagius
1296 5116 1471 5179 libertatem
1488 5117 1618 5180 humani
1632 5118 1717 5180 urbis

137 5215 211 5275 nate
222 5208 402 5274 auctoribus
415 5206 900 5287 qualecumquetuumjudioium
949 5210 1001 5273 trii
1015 5208 1463 5284 defenderuntouesuesinat
1473 5209 1525 5271 hic
1539 5209 1717 5288 absumere
1742 5261 1745 5265 .

135 5305 423 5383 sndessopponere.
950 5299 1140 5365 maneries
1162 5300 1463 5379 philosophiaque
1485 5301 1518 5363 in
1540 5301 1599 5363 ista
1625 5318 1717 5365 causa

160 5503 172 5546 t
186 5501 294 5559 italie.
305 5498 390 5548 rra-2
402 5497 449 5544 un.
462 5497 473 5542 1
485 5497 565 5544 meta
578 5496 793 5554 n.-onp.1v.-
806 5500 820 5543 i
832 5500 934 5547 tineam.
943 5501 959 5545 i.
974 5500 1020 5545 1.-
1028 5500 1043 5545 5
1052 5501 1116 5549 tans
1127 5499 1165 5554 lli,
1181 5501 1196 5551 l,
1208 5499 1250 5554 lli,
1263 5498 1324 5556 prul·
