4078 6168
615 294 666 355 DE
686 292 994 370 INCARNATIONE,
1015 293 1089 354 ΗΒ.
1111 293 1135 368 Ι,
1158 293 1245 356 CAP.
1269 295 1322 354 IV.
1707 300 1765 360 173

174 461 264 522 hctus
284 458 386 539 periit.
407 459 494 520 Anus
520 457 723 539 pecuniarum
742 460 889 521 'omnium
910 477 945 522 cc
993 463 1298 538 turaserpentem,a
1316 477 1378 540 quo
1402 459 1592 521 illuminatos
1614 479 1666 523 eos
1682 481 1764 525 asse-

172 553 326 615 librornm
335 570 462 632 compos
474 551 563 625 iacta,
577 553 768 632 mancipium
787 553 945 614 Persicum
994 558 1079 628 runt,
1095 559 1131 614 ut
1149 553 1332 632 cognitionis
1356 554 1461 615 oculos
1475 556 1641 634 aperirent,
1661 562 1691 617 et
1710 556 1764 617 bo·

170 646 247 707 emit
270 644 400 706 nomine
423 644 600 706 (lubricum.
624 644 828 727 (Augustinus
847 644 944 705 Urbi·
993 662 1090 720 num,
1132 646 1313 724 malumque
1353 645 1579 725 dignoscerent.
1623 649 1764 727 Eumque

169 755 245 799 cum
258 741 364 812 vocat3
378 737 470 797 credo
483 737 523 797 ab
544 737 661 798 Lahnis
679 737 763 797 illius
784 741 873 798 sectae
889 736 943 797 de·
994 736 1149 798 Christum
1170 739 1345 799 novissimis
1364 739 1557 818 temporibus
1580 740 1699 801 venisse
1721 741 1760 801 ad

168 830 253 892 dexo
266 831 406 891 inusum
415 830 597 890 Romamm
608 827 782 909 vocabulo.)
799 829 829 889 Is
839 829 945 890 Manes
993 830 1132 904 animas,
1160 848 1225 891 non
1247 830 1286 891 ad
1311 849 1460 911 corpora,
1487 831 1673 893 liberandas.
1703 833 1766 893 Nec

168 921 325 1003 appellari
357 921 469 982 deinde
500 920 618 996 voluit,
649 939 720 1000 quae
750 938 811 980 vox
846 921 945 981 Persis
993 921 1088 982 scrisse
1110 921 1144 981 in
1157 939 1249 983 carne
1264 941 1348 998 vera,
1363 923 1414 983 sed
1429 923 1606 983 sImulatam
1630 923 1766 1004 speciem

169 1016 284 1090 ὁμιλίαν,
303 1012 336 1074 id
360 1019 405 1074 est
426 1011 634 1074 allocutionem
660 1011 828 1092 sIgniiicat3
844 1018 879 1072 ut
901 1012 946 1073 ait
994 1013 1094 1074 carnis
1119 1013 1313 1075 ludificandis
1338 1014 1485 1076 humanis
1517 1015 1655 1077 sensibus
1687 1034 1766 1096 prae-

169 1105 317 1185 Cyrillus.
333 1103 562 1167 Mcanccdoeum¹
578 1104 666 1187 quusi
687 1123 796 1165 manna
816 1102 944 1182 suadea-
993 1104 1108 1181 buisse,
1131 1105 1185 1165 ubi
1202 1125 1268 1168 non
1280 1105 1380 1167 solum
1402 1112 1547 1182 mortem,
1563 1108 1766 1169 verumetiam

168 1204 241 1273 tem,
264 1197 351 1258 hunc
373 1198 574 1259 nominavere
596 1205 701 1277 postea
713 1195 868 1276 discipuli,
890 1197 944 1276 qui
993 1198 1250 1260 resurrectionem
1264 1198 1404 1260 similiter
1423 1199 1642 1261 mentiretur.»

169 1288 265 1369 vulgo
278 1288 469 1350 Manichrens
479 1289 540 1350 dici
553 1288 661 1351 solet*.
1038 1312 1054 1349 a
1067 1292 1202 1352 Veniens
1223 1291 1336 1366 Filius,
1355 1294 1398 1352 ait
1423 1292 1613 1372 Epiphanius
1636 1292 1671 1352 in
1696 1292 1765 1353 Mc·

209 1383 269 1444 ffic
281 1381 456 1462 praestigiis,
473 1400 509 1442 ac
525 1381 654 1461 magicis
666 1380 784 1441 artibus
797 1380 942 1452 confisus,
993 1381 1171 1444 uicinorum
1209 1383 1336 1459 haeresi,
1366 1402 1431 1445 sese
1469 1384 1699 1446 transformavit
1731 1385 1765 1445 In

169 1475 340 1538 Persarum
360 1475 441 1555 regis
453 1474 567 1548 filium,
592 1474 648 1554 qui
667 1474 745 1535 forte
766 1481 833 1535 tum
845 1491 945 1553 aegro·
993 1474 1129 1535 hominis
1143 1475 1287 1555 speciem.
1305 1477 1350 1536 lta
1371 1475 1508 1537 hominis
1531 1476 1639 1537 similis
1661 1476 1763 1538 bomi-

169 1568 267 1645 tahat,
284 1567 459 1629 sanandum
472 1567 616 1647 suscepit.
632 1565 693 1627 Sed
707 1584 743 1627 eo
758 1576 894 1642 mortuo,
910 1567 944 1626 in
993 1567 1086 1627 nibus
1105 1568 1281 1647 apparebat,
1301 1569 1357 1629 etsi
1373 1567 1469 1628 homo
1482 1587 1547 1629 non
1560 1574 1638 1629 esset
1651 1588 1657 1628 :
1672 1574 1764 1648 atque

169 1678 328 1722 carcerem
349 1660 516 1738 conjectus,
531 1659 612 1719 clam
637 1657 768 1736 aufugit,
794 1677 829 1719 ac
854 1657 943 1718 disci-
993 1658 1136 1720 homines
1158 1666 1267 1721 natum
1294 1661 1383 1721 illum
1408 1678 1516 1721 revera
1542 1661 1760 1740 putabant“.›>

168 1753 252 1834 pulis
265 1751 370 1813 vanas
387 1752 422 1812 in
444 1756 547 1832 partes
574 1750 718 1825 dimissis,
742 1755 778 1809 ut
801 1749 943 1810 haeresirn
994 1751 1178 1812 Athanasius
1201 1753 1403 1827 Marcionem,
1423 1758 1455 1814 et
1475 1752 1680 1815 Manichaeum
1694 1752 1765 1814 scri-

168 1844 364 1924 snamlonge
375 1843 498 1924 lateque
512 1843 706 1924 dissiparent,
721 1842 787 1922 ipse
801 1841 834 1901 in
848 1842 944 1903 Meso·
994 1842 1039 1902 bit
1057 1844 1232 1905 existImare
1259 1844 1417 1904 Christum
1437 1865 1453 1901 α
1469 1861 1595 1904 carnem
1617 1844 1764 1905 humanas

168 1937 316 2018 potamiae
340 1936 418 1997 fines
431 1936 601 1997 contendit.
627 1934 675 1995 Ibi
688 1952 762 1995 vero
776 1934 815 1994 ab
830 1934 944 1995 Arche-
994 1935 1126 1997 similem
1138 1936 1276 1997 attulisse
1291 1936 1329 1998 de
1344 1936 1432 2012 coelo,
1449 1941 1479 1996 et
1500 1937 1642 1997 eamdem
1653 1937 1687 1997 iu
1702 1957 1763 1998 coe·

167 2029 217 2092 Iao
227 2030 374 2110 episcopo
382 2029 450 2090 viro
460 2029 550 2090 docto
564 2046 600 2089 ac
607 2033 744 2101 strenuo,
758 2025 944 2109 disputando
993 2026 1060 2087 lum
1076 2028 1245 2105 recessisse,
1261 2042 1332 2088 eum
1350 2034 1415 2088 tota
1435 2026 1514 2087 nihil
1533 2027 1592 2087 nisi
1620 2028 1764 2090 divinitas

168 2121 340 2198 connum,
356 2126 387 2182 et
398 2121 521 2199 fugatus
530 2121 554 2197 *,
568 2120 601 2181 in
614 2121 777 2181 Persarum
789 2118 872 2198 regis
884 2137 944 2198 po·
994 2118 1450 2200 essettsmuippcchumancm
1476 2137 1602 2180 carnem
1615 2139 1680 2181 non
1689 2121 1763 2182 vitio

170 2219 313 2275 testatem
330 2213 427 2287 venit,
441 2230 540 2292 eoque
557 2211 699 2290 jubente,
715 2211 795 2272 cutis
808 2210 852 2271 illi
874 2210 944 2271 vivo
993 2212 1104 2292 culpae,
1119 2212 1172 2272 sed
1181 2211 1315 2273 naturali
1329 2212 1455 2273 credens
1467 2212 1653 2292 proprietate
1666 2213 1763 2293 pollu-

173 2307 308 2367 detracta
320 2305 400 2367 cst*.
992 2308 1068 2378 tam,
1096 2309 1206 2364 natura
1230 2303 1399 2382 malignam
1417 2302 1475 2363 sibi
1492 2304 1681 2365 mendaciter
1701 2305 1761 2366 iiu-

213 2398 340 2459 lnitium
363 2395 491 2460 haeresis
513 2396 596 2457 illius
634 2395 674 2456 ad
700 2412 820 2456 annum
852 2394 944 2455 Probi
993 2395 1081 2471 git»
1118 2395 1161 2456 ait
1184 2393 1391 2471 Fulgenhus³.
1409 2395 1488 2456 Hinc
1514 2395 1661 2474 Eulogius
1680 2398 1762 2478 apud

168 2491 366 2572 imperatoris
380 2487 943 2551 secundumadscribiturabEusebio
993 2486 1139 2548 Photium
1158 2487 1262 2549 codice
1276 2489 1346 2563 230,
1360 2504 1458 2548 unam
1480 2489 1513 2547 in
1536 2488 1656 2549 Christo
1671 2496 1763 2550 natu-

168 2583 200 2644 ἰα
215 2580 379 2645 Chronico.
405 2582 470 2642 Leo
492 2583 578 2660 Papa
600 2579 729 2640 homilia
751 2580 883 2641 secunda
910 2578 945 2640 de
992 2596 1061 2639 ram
1094 2580 1297 2657 constituisse,
1330 2598 1396 2640 non
1434 2579 1522 2653 duas,
1558 2580 1762 2658 Manicheum

169 2675 339 2737 Pentecoste
352 2691 472 2734 annum
488 2673 628 2752 designat
650 2671 828 2732 consuhbus
844 2670 943 2732 Probo
993 2671 1122 2733 asserit&

168 2770 326 2848 Augusto,
339 2772 370 2827 et
385 2765 513 2827 Paulino
527 2782 603 2825 coss.
617 2763 676 2824 fuit
689 2763 739 2824 hic
754 2781 825 2823 aaran
836 2763 943 2823 Chris·
1032 2762 1114 2824 XIV.
1141 2763 1188 2824 Ad
1209 2764 1291 2827 hanc
1313 2762 1443 2825 classem
1465 2780 1670 2843 ραντσσιαστον,
1698 2768 1762 2829 sive
1785 2793 1930 2840 rumosas
2037 2844 2038 2847 ,

168 2860 264 2921 tianae
278 2861 351 2919 2¹17.
366 2859 444 2919 Vide
458 2857 668 2936 Epiphaniam
690 2854 802 2915 haeresi
818 2872 900 2930 nxvr,
914 2861 945 2916 et
992 2865 1102 2932 δοκητον
1117 2856 1253 2917 revocari
1278 2861 1409 2936 possunt
1432 2855 1533 2934 primo
1560 2859 1616 2936 qui
1641 2860 1762 2921 Christo
1786 2851 1919 2946 mam*
2037 2876 2038 2879 ’

169 2971 240 3033 quae
255 2951 397 3013 adhunc
419 2949 495 3010 olim
522 2948 737 3009 adnotavimus
761 2945 796 3007 de
819 2954 945 3028 tenpore
992 2965 1099 3009 veram
1109 2948 1224 3027 alioqu
1238 2965 1362 3009 carnem
1374 2947 1519 3007 tribuunt
1527 2968 1535 3023 ;
1551 2949 1604 3009 sed
1620 2967 1687 3010 eam
1698 2970 1762 3012 non

168 3043 349 3112 Mmricloei,
375 3042 464 3122 crrjus
488 3041 577 3102 valde
598 3040 745 3121 perplexa
766 3039 849 3118 apud
863 3038 943 3099 anti-
993 3040 1031 3100 de
1046 3040 1177 3101 muliere
1190 3045 1358 3120 sumptam,
1373 3058 1484 3100 verum
1497 3039 1676 3120 abipsomet
1686 3043 1762 3103 Filio

170 3154 250 3216 qnos
264 3144 313 3197 est
325 3135 414 3197 ratio.
992 3132 1050 3192 Dei
1064 3150 1102 3194 ex
1126 3132 1285 3194 elementIs
1309 3135 1443 3210 quatuor
1465 3132 1659 3195 confectam.
1675 3135 1763 3209 Quod

34 3226 142 3273 ''ffl-
210 3229 301 3289 XIII.
316 3226 559 3288 Manichaeorum
576 3223 706 3297 fabulas,
721 3227 752 3283 et
769 3228 945 3284 commenta
992 3225 1162 3304 Apelleiani
1197 3226 1370 3286 docuerunt
1403 3224 1442 3285 ab
1470 3226 1576 3305 Apelle
1608 3227 1763 3288 nominati

50 3296 123 3387 iffi..
171 3320 355 3401 turpissima
382 3319 513 3399 longum
533 3322 590 3393 est,
618 3335 654 3377 ac
680 3332 944 3394 supervacaneum
992 3315 1155 3377 Marcionis
1163 3315 1327 3394 discipulo,
1342 3315 1381 3376 de
1394 3317 1506 3395 quoita
1515 3317 1759 3381 Tertullianus:

170 3412 316 3475 hocloco
330 3410 483 3492 persequi,
500 3426 571 3471 cum
586 3427 622 3469 ea
633 3406 774 3489 pluribus
793 3406 944 3486 explicata
997 3429 1012 3465 c
1027 3408 1059 3468 si
1068 3413 1099 3468 et
1112 3406 1228 3486 Apellis
1240 3412 1372 3468 stamma
1383 3410 1612 3469 retractandum
1624 3416 1681 3487 est,
1696 3417 1761 3472 tam

170 3507 233 3567 sint
246 3506 289 3567 ab
308 3503 358 3580 iis,
375 3521 453 3584 qnos
466 3519 560 3582 supra
586 3499 765 3573 nominari,
784 3499 943 3579 scriptori·
993 3516 1058 3558 non
1073 3505 1159 3559 vetus
1172 3505 1203 3558 at
1221 3498 1297 3578 ipse,
1314 3515 1409 3576 quam
1428 3499 1567 3561 Marcion
1588 3501 1759 3579 institutor,

169 3598 230 3660 hus
247 3617 255 3659 :
270 3596 446 3678 praesertim
457 3594 497 3656 ab
515 3593 700 3674 Augustino,
716 3592 770 3672 qui
784 3609 865 3652 unns
891 3591 945 3651 ali·
993 3596 1024 3652 et
1036 3590 1251 3671 praeformator
1262 3590 1329 3669 ejus
1345 3610 1352 3652 :
1370 3590 1423 3652 scd
1436 3591 1540 3672 lapsus
1553 3592 1587 3653 in
1599 3592 1759 3671 feminam,

168 3690 299 3772 quando
313 3688 373 3750 fuit
386 3687 523 3749 illorum.
539 3686 627 3760 Quod
645 3685 685 3746 ad
697 3701 833 3764 presens
856 3683 943 3744 insti·
993 3683 1130 3744 desertor
1143 3683 1342 3744 continentiae
1360 3684 1592 3760 Marcionensis,
1607 3685 1646 3746 ab
1666 3687 1762 3747 oculis

170 3790 277 3844 tutum
290 3780 414 3857 attinet,
434 3778 618 3841 «Christum
631 3776 826 3839 affirmabant
838 3776 942 3852 iubae,
993 3775 1177 3837 sanctissimi
1206 3775 1346 3855 magistri
1380 3775 1599 3838 Alexandriam
1626 3779 1760 3840 secessit.

169 3874 276 3957 inqcrit
289 3870 511 3953 Augustinus’,
527 3888 622 3952 quem
635 3869 708 3931 dicit
727 3874 831 3929 nostra
846 3868 946 3948 Scrip-
994 3868 1070 3930 Inde
1084 3873 1154 3949 post
1175 3886 1275 3929 annos
1300 3884 1456 3947 regressus
1474 3886 1539 3930 non
1558 3869 1678 3945 melior,
1701 3870 1763 3931 nisi

203 4102 226 4143 a
242 4084 343 4142 Error.
358 4080 427 4137 haer.
445 4094 518 4135 uri.
533 4078 582 4131 Vct
596 4074 671 4131 utha
687 4074 765 4137 tutte
788 4076 943 4148 μετεσχηρά·
992 4072 1016 4136 ἕξ
1030 4073 1134 4147 οὖρανοΰ
1159 4074 1285 4146 ὀφθεῖσαν,
1305 4072 1347 4127 καὶ
1365 4073 1398 4138 οἷς
1415 4073 1532 4149 οὐρανοὺς
1545 4078 1704 4151 χωρήσασσν,
1719 4079 1761 4133 καὶ

168 4188 233 4224 τισιν
257 4166 347 4221 Iustis
369 4163 402 4227 εἰς
421 4162 551 4234 ἀνθρώπου
573 4154 653 4231 εἶδος,
682 4160 723 4212 καὶ
755 4156 865 4230 ἐφαίνετο
890 4160 943 4221 τοῖς
991 4159 1094 4227 dadanus
1107 4160 1167 4227 ὅλην
1182 4154 1268 4213 οὖσαν.

169 4249 351 4324 &camede
361 4247 496 4319 ἅνθρωπος,
510 4243 543 4317 μὴ
558 4246 594 4298 ὢν
611 4243 746 4315 ἅνθρωπος,
762 4243 803 4296 καὶ
817 4242 840 4295 οἱ
855 4241 945 4314 tripu·
1025 4257 1040 4297 ο
1059 4243 1179 4299 Marica.
1201 4242 1232 4299 in
1257 4258 1301 4313 ep.
1318 4240 1360 4297 acl
1382 4242 1574 4315 Scythicarum
1588 4245 1661 4316 apud
1676 4246 1756 4303 Phot.

169 4333 399 4404 contradicturos
414 4328 486 4383 on'rthr
496 4327 663 4401 γεγεννῆσθαι.
995 4322 1029 4379 ‘0
1041 4325 1069 4380 δὲ
1083 4329 1127 4379 τοῦ
1140 4325 1220 4379 ἀϊδίου
1234 4325 1313 4397 φωτὸς
1327 4324 1379 4389 υἷος
1392 4326 1436 4394 τὴν
1447 4326 1509 4381 ἰδίαν
1524 4327 1607 4382 οὐσίαν
1623 4327 1647 4382 ἐν
1659 4335 1695 4401 τῷ
1709 4331 1761 4402 ὄρει

203 4420 347 4476 bArmrt.
374 4412 411 4470 de
437 4411 535 4469 Salui.
561 4409 632 4467 ado.
658 4409 727 4466 clu.
755 4408 823 4463 ’Ant'
851 4408 940 4481 ὁμοίαν
991 4406 1151 4481 ἐφανέρωσεν,
1176 4406 1204 4462 οὖ
1224 4409 1268 4463 δύο
1279 4408 1359 4480 φύσεις
1381 4408 1457 4483 ἔχων,
1479 4410 1545 4464 ἀλλὰ
1560 4411 1616 4485 ρίαν
1632 4409 1656 4466 ἔν
1678 4412 1760 4486 ὁρατῷ

169 4505 249 4576 σάρκα
263 4498 415 4570 ἔπιδεδίχθαι
437 4493 461 4557 ἐξ
481 4494 567 4548 ἑαυτοῦ
580 4492 634 4547 καθ’
648 4493 768 4567 ὁμοίωσιν
781 4492 815 4553 ὣς
830 4490 940 4560 {diducas
989 4511 1027 4558 τε,
1039 4494 1079 4547 καὶ
1093 4492 1202 4567 ἀοράτῳ,

202 4694 214 4717 .
231 4690 303 4745 Apud
316 4688 385 4753 hujus
403 4684 502 4738 nominis
515 4686 604 4750 etymon
621 4680 755 4747 excogitavit
765 4679 865 4733 Thomas
878 4679 942 4746 Hyde
1022 4680 1030 4698 ·
1047 4680 1094 4732 Alii
1105 4681 1170 4732 aliter
1184 4683 1282 4731 narrant
1291 4679 1388 4733 IlanctIs
1403 4680 1550 4748 suppilcium,
1566 4683 1668 4750 dequo,
1684 4686 1716 4738 uti
1731 4686 1759 4740 dc

170 4770 196 4820 a„
222 4769 281 4820 m,
310 4764 389 4827 fletu.
417 4761 470 4816 Vct.
492 4760 564 4812 Pars.
589 4772 612 4810 o.
636 4769 694 4821 ιιι,
718 4756 836 4824 pictoriam
859 4755 942 4822 quippo
989 4756 1079 4810 cautis
1092 4771 1143 4822 qna
1155 4756 1184 4808 ad
1198 4756 1262 4807 illum
1276 4760 1394 4822 spectant,
1409 4757 1454 4822 legi
1469 4764 1564 4824 possunt
1577 4770 1658 4825 prater
1676 4762 1757 4828 appel·

170 4849 240 4897 aun
254 4839 384 4895 ereroohsa
397 4837 520 4897 Menatem,
531 4840 598 4900 atque
608 4847 623 4884 a
635 4834 729 4886 Persico
743 4832 853 4885 rocchus
863 4831 940 4893 licut,
989 4832 1059 4884 latum
1073 4833 1134 4898 Hyde
1148 4832 1171 4882 J.
1187 4831 1291 4882 Albanus
1304 4831 1423 4885 Fabricius
1437 4834 1500 4885 sut.
1519 4835 1610 4888 Gracc
1631 4837 1677 4888 vol.
1694 4837 1721 4887 V.
1737 4841 1761 4888 st

170 4921 230 4986 qma
247 4924 284 4972 „a
298 4917 380 4984 pictor
392 4912 488 4966 Marciis
504 4910 538 4962 iili
555 4923 638 4962 nomen
650 4909 773 4962 dariutom
785 4908 906 4960 emanat
989 4907 1013 4959 in
1034 4907 1095 4960 notis
1107 4908 1140 4959 cd
1155 4906 1334 4966 Philostriumt
1352 4908 1390 4960 1⁰·
1414 4907 1593 4976 Christoub⁰ffl⁸
1613 4911 1716 4964 W⁰l⁸ill⁸
1728 4912 1759 4963 ⁴²⁶

856 4986 883 5037 Ζ.
989 4984 1172 5037 Monichoeisma
1194 4986 1250 5034 onte
1263 4982 1422 5046 Manichacus,
1447 4990 1470 5035 et
1483 4986 1574 5037 Isarcus
1592 4985 1720 5038 Βοσοοοονο
1733 4987 1757 5037 in

203 5071 335 5128 monem
362 5067 483 5135 οὶαροιοὶίο
510 5065 588 5117 isthac
627 5078 641 5116 a
666 5062 788 5115 laurentio
815 5059 941 5112 Alexandro
989 5060 1047 5111 laist.
1064 5060 1256 5121 Manichoeiamc',
1276 5074 1327 5125 qua
1349 5074 1364 5110 a
1384 5058 1500 5112 catholico
1520 5060 1625 5127 quopiam
1661 5061 1755 5125 vehem,

172 5152 286 5217 zpngnic
303 5146 402 5216 primum
416 5142 530 5206 divulgata
542 5141 594 5193 tait.
612 5155 639 5192 ac
652 5139 774 5192 nonnius
787 5152 801 5189 a
814 5137 841 5189 Ρ.
853 5135 941 5189 Mansio
986 5135 1048 5200 iusto
1071 5149 1139 5202 opera
1165 5136 1318 5198 retolleretur,
1341 5135 1383 5186 etsi
1410 5134 1539 5187 Caesianus
1562 5136 1585 5184 in
1612 5135 1757 5188 exercitatio·

171 5229 194 5281 p,
212 5228 311 5295 primum
333 5228 420 5275 [omum
440 5218 648 5285 supplementorum
661 5216 695 5267 cd
710 5215 816 5267 concito
837 5213 941 5267 Veneto-
989 5212 1057 5265 nibus
1075 5211 1195 5265 burienis
1205 5213 1253 5277 iam
1267 5212 1331 5263 illum
1344 5209 1421 5262 moltis
1434 5210 1458 5260 in
1477 5210 1544 5262 rebus
1557 5210 1688 5262 annunt.

171 5304 287 5357 latim
299 5299 372 5352 ulan.
858 5290 884 5341 Ζ.
1674 5286 1701 5338 Ζ.

197 5477 208 5520 l
223 5474 281 5530 Aug.
293 5472 310 5516 1.
323 5469 352 5515 dc
368 5461 733 5515 lm.rcrr.-21.Ib.dclioer.c.
747 5459 858 5507 nvn-t
872 5457 917 5504 tu.
930 5457 977 5504 lod
991 5454 1455 5513 manc.r.-tspipn.11nr.rnv.-a
1475 5452 1521 5499 Lib.
1531 5455 1558 5498 cc
1568 5454 1636 5500 Ρναα.
1649 5468 1669 5502 ο.
1678 5469 1725 5504 ur.
