4072 6164
343 333 403 395 tao
841 333 1172 399 rummaldoauu
1192 335 1413 402 uacuam

342 502 428 584 quod
440 507 695 583 assumptumest‚
711 502 1109 583 inquit,deiticationem⁰o
1162 501 1266 582 ipsum
1290 502 1466 580 hominum,
1493 508 1646 585 quantum
1666 501 1700 565 in
1722 500 1781 568 aiae
1803 512 1851 582 est,
1865 508 1898 573 al

342 600 443 657 vocat.
472 594 676 676 Theophanes
703 596 870 658 Gemmeus
895 597 929 657 B.
952 595 1112 674 Virginem
1163 596 1305 658 eamdem
1321 595 1491 658 divinitatis
1504 596 1751 658 communionem
1762 599 1897 677 provebat.
1988 636 1989 649 .

343 687 396 762 ait,
409 694 576 749 «naturam
589 693 727 750 nostram
737 694 828 769 partu
838 706 894 749 suo
903 686 1109 749 deificasset.»
1164 688 1222 749 Cui
1234 687 1336 750 affinis
1345 694 1391 750 est
1403 688 1490 751 locus
1504 689 1556 751 itle
1570 689 1709 770 Gregorii
1725 689 1897 772 Nadauzeni,
1988 726 1989 779 3

343 779 433 853 Quod
445 791 552 841 tamen
567 780 679 842 nonde
693 779 964 859 sola‚quamDeus
974 797 1113 859 assump
1164 797 1259 860 quem
1274 799 1368 861 supra
1381 780 1558 861 descripsi¹.
1988 796 1989 841 l

343 871 393 947 sit,
409 872 463 933 sed
488 871 527 933 de
554 872 699 933 universa
719 872 856 934 hominis
880 879 991 934 natura
1014 878 1114 954 potest
1203 872 1404 935 Necabsimili
1415 873 1541 936 licentia
1551 882 1714 937 1101100010
1724 876 1824 939 dixisse
1832 878 1900 941 ride
1988 874 1989 961 i

117 1014 120 1018 Α
186 966 308 1020 natata.
342 960 492 1040 intelligi:
516 967 552 1023 ut
575 961 625 1021 illa
651 970 736 1033 θέωσις
749 980 814 1023 non
829 961 869 1024 sit
882 964 1005 1043 proprie
1019 963 1111 1031 dieta
1162 968 1215 1024 tur
1230 965 1410 1046 Dionysius,
1424 966 1483 1028 hoc
1504 971 1551 1028 est
1577 965 1635 1028 Dei
1645 966 1828 1049 affictiones:
1858 971 1902 1032 uhi
1988 966 1989 1059 l

180 1059 321 1106 nutemus
343 1053 396 1114 sed
425 1060 525 1134 οχιτοοὴ
560 1054 730 1130 duntaxat,
768 1058 800 1114 et
831 1057 961 1135 tropica.
997 1057 1112 1130 Quem·
1162 1057 1267 1119 Maria
1281 1058 1404 1136 Virgini
1422 1057 1594 1120 Gabrielem
1615 1058 1659 1120 ait
1677 1059 1820 1138 Angelum
1835 1081 1901 1124 nun·
1988 1064 1989 1137 l

342 1138 513 1207 admodum
531 1146 614 1207 etin
633 1146 688 1207 illo
712 1147 872 1208 Athanasii
885 1146 954 1209 loco
967 1149 1114 1210 orationis
1162 1148 1272 1224 flasse,
1312 1171 1328 1209 c
1358 1151 1624 1230 quemadmodum
1657 1151 1696 1213 ab
1721 1154 1782 1214 Deo
1801 1171 1901 1217 summo
1988 1144 1989 1217 l

296 1294 301 1301 .
344 1238 593 1318 quartae,uhiita
606 1237 729 1300 scribit:
742 1240 830 1299 «Nisi
842 1238 1010 1302 divinitmis
1019 1241 1114 1302 Verbi
1164 1240 1306 1303 omnium
1320 1243 1703 1323 principioelaborandum
1714 1245 1902 1308 essetilliusin
1988 1248 1989 1301 1

344 1348 439 1410 opera
466 1348 653 1410 percorpus
673 1330 781 1392 effecta
807 1338 920 1407 essent,
949 1350 1113 1411 nunquam
1164 1338 1253 1394 utero
1285 1334 1510 1415 inexplicabilis
1537 1335 1593 1397 Dei
1623 1335 1781 1398 effictionis
1808 1344 1902 1418 myste
1988 1388 1989 1413 2

343 1422 438 1484 homo
452 1423 611 1485 deificatus
623 1422 906 1485 esset⁰uzhumana
919 1424 986 1503 ipsa
999 1432 1112 1486 natura
1162 1424 1276 1486 riumt.
1293 1447 1309 1485 ο
1328 1427 1384 1488 Ηίθ
1402 1427 1548 1506 equidem
1564 1436 1726 1491 θεοπλαστίαν
1746 1427 1902 1510 interpretor
1988 1420 1989 1423 '

343 1512 470 1576 bominis
482 1533 557 1576 voce
566 1516 752 1577 continetur.
1164 1516 1223 1577 Dei
1232 1517 1265 1577 in
1285 1523 1370 1579 utero
1378 1523 1599 1600 formationem,
1615 1538 1678 1599 qua
1691 1520 1902 1583 homollausest

383 1607 434 1670 Vl.
459 1607 514 1669 Usi
535 1613 609 1669 sunt
633 1612 739 1668 tamen
765 1606 862 1686 aliqui
876 1606 1027 1670 vocabulo
1052 1609 1111 1671 isto
1163 1608 1281 1669 iactus:
1297 1610 1341 1671 ita
1353 1616 1400 1687 ut,
1416 1629 1526 1690 exquo
1538 1612 1678 1691 primum
1687 1613 1807 1674 existere
1818 1615 1901 1693 coepit
1988 1624 1989 1695 j

341 1710 515 1776 θεοποιετσθαι,
531 1700 615 1781 quod
631 1705 677 1761 est
692 1700 815 1778 proprie
828 1697 976 1781 deificari,
990 1701 1029 1761 ad
1042 1701 1111 1763 sin·
1164 1699 1246 1762 Deus
1255 1707 1343 1776 esset,
1353 1707 1461 1782 utpote
1472 1704 1506 1764 in
1519 1705 1662 1766 eamdem
1673 1712 1835 1785 assumptus
1845 1723 1902 1766 cun

340 1793 482 1872 gularem
505 1792 592 1854 illam
606 1792 839 1874 exprimendam
861 1791 998 1854 hominis
1023 1811 1110 1855 evec—
1163 1793 1226 1853 Deo
1244 1811 1420 1873 personam.
1449 1796 1540 1862 Quod
1562 1796 1664 1858 multo
1687 1798 1783 1878 aptius
1793 1797 1900 1873 videtur,
1988 1794 1989 1871 l

340 1885 461 1946 tionem
494 1885 534 1947 ad
566 1885 621 1947 liei
650 1887 859 1956 consortium,
889 1902 959 1963 quae
987 1885 1021 1945 in
1044 1886 1110 1948 solo
1162 1887 1350 1966 quamquod
1358 1888 1523 1963 Maximus,
1532 1890 1902 1969 etGeorgiusPaehymeras
1988 1878 1989 1945 j

341 1977 463 2038 Christo
477 1978 621 2039 serantur.
641 1979 687 2039 lta
700 1979 784 2040 enim
804 1977 937 2057 Cyrillus
951 1978 1110 2040 Christum
1160 1977 1283 2053 volunt,
1299 1978 1467 2057 significari
1482 1980 1535 2042 Dei
1554 1981 1665 2061 ipsius,
1681 1999 1716 2044 ac
1732 1981 1818 2043 Verbi
1828 1981 1900 2042 fictio
1988 2036 1989 2051 ,

339 2071 382 2131 ait
395 2071 454 2131 dici
464 2071 628 2150 gratiam
645 2072 735 2132 Patre
748 2072 917 2151 accepisse,
936 2090 952 2129 c
970 2070 1109 2133 deificato
1161 2086 1246 2145 nem,
1271 2070 1347 2143 sive,
1374 2077 1411 2131 ut
1434 2072 1565 2153 Latinus
1593 2073 1763 2135 Bibliorum
1778 2073 1901 2153 interpres
1988 2118 1989 2127 2

338 2162 468 2244 templo,
483 2164 567 2242 quod
577 2162 779 2243 assumpsiti,
807 2183 823 2221 o
854 2163 929 2242 quia
955 2165 1108 2244 templum
1161 2159 1248 2240 loqui
1272 2162 1360 2239 solet,
1374 2163 1610 2244 plasmatam,
1634 2184 1697 2246 qua
1716 2166 1805 2228 homo
1825 2165 1900 2227 aco
1988 2166 1989 2221 ἶ

338 2255 433 2329 istud,
449 2255 481 2317 id
508 2262 555 2317 est
580 2256 758 2316 humanitas
773 2255 865 2316 Verbi
891 2261 959 2316 erat
969 2257 1106 2336 propria.
1161 2258 1220 2328 est;
1237 2253 1282 2313 uti
1295 2255 1646 2319 Joannesiudieatcum
1657 2259 1718 2335 ait,
1739 2257 1781 2318 Et
1805 2256 1899 2318 uectura

341 2347 527 2407 Athanasius
549 2347 625 2407 item
643 2356 824 2424 θεοποιηθιῖσαο
851 2347 962 2408 Christi
979 2365 1107 2410 carnem
1159 2362 1230 2405 coro
1244 2345 1358 2425 factum
1382 2355 1434 2408 eet.
1449 2368 1466 2405 s
1483 2348 1647 2428 Siquidem
1662 2348 1830 2430 peamau,
1850 2348 1899 2411 sive

338 2438 416 2499 dixit
422 2438 833 2518 postresurrectionem,hoe
842 2444 888 2501 est
896 2440 1108 2520 incorruptam
1160 2434 1258 2518 fictio,
1288 2442 1344 2499 aut
1363 2439 1459 2500 etiam
1480 2439 1589 2520 sectio,
1605 2442 1635 2502 ei
1648 2443 1748 2521 potius
1765 2439 1898 2502 hibuenda
1988 2488 1989 2497 ,

338 2530 611 2612 immortalemque
622 2531 762 2592 tactam
1024 2604 1035 2617 ,
1160 2533 1217 2604 est,
1232 2529 1287 2607 qui
1298 2547 1407 2590 revera
1419 2530 1563 2611 formatio
1574 2538 1622 2594 est
1635 2538 1667 2594 et
1678 2532 1897 2615 affictoquteum
1988 2576 1989 2621 3

379 2625 419 2683 at
447 2620 603 2684 Maximus
630 2629 750 2703 martyr
779 2624 813 2685 in
841 2624 980 2685 centuria
1008 2624 1108 2702 prima
1160 2624 1232 2682 ante
1246 2638 1310 2681 non
1324 2628 1405 2698 esset,
1420 2627 1541 2684 exstare
1553 2626 1692 2704 coeperit,
1706 2642 1794 2705 quam
1804 2621 1896 2697 Verbo,
1988 2624 1989 2631 ’

338 2714 916 2797 11100109ἱο0101000011010,0111011000
930 2714 1107 2795 utramque,
1160 2714 1301 2793 [leoque.
1324 2713 1357 2773 in
1382 2731 1478 2792 quem
1499 2715 1648 2778 formatio
1670 2717 1833 2795 affectioque
1855 2730 1898 2794 per
1988 2746 1989 2801 p

338 2808 377 2870 de
404 2826 465 2887 qua
489 2808 584 2869 loeuti
611 2824 730 2884 sumus,
755 2815 820 2867 tam
834 2807 959 2887 proprie
979 2808 1106 2882 dictam,
1159 2824 1225 2867 sese
1235 2804 1419 2889 neutiquam
1430 2808 1586 2869 convenit.
1596 2809 1677 2870 Usus
1688 2809 1896 2871 esteademvoee

337 2900 427 2978 cujus
454 2901 519 2962 sola
542 2900 653 2962 Christi
674 2899 852 2961 humanitas
878 2916 1005 2979 compos
1031 2899 1106 2962 tuit:
1160 2898 1325 2977 Dionysius
1347 2898 1381 2958 in
1401 2900 1537 2962 seeundo
1556 2901 1657 2982 capite
1675 2901 1790 2964 libride
1808 2896 1896 2960 diutia

338 3009 433 3071 quam
447 2992 693 3072 participatione,
716 2995 749 3053 et
768 2991 941 3052 imitatione
959 2991 1110 3053 dirntaxat
1159 2989 1335 3051 nominibus.
1988 3048 1989 3057 ,

338 3084 566 3160 adumbratam,
596 3084 769 3162 eujusmodi
787 3084 845 3144 toti
868 3089 989 3144 naturae
1007 3082 1110 3144 homi·
1199 3082 1268 3143 Vll.
1286 3082 1361 3143 Hae
1374 3096 1449 3141 saue
1462 3082 1618 3147 voeabula
1631 3095 1793 3161 θεοποιεῖσθαι,
1805 3081 1895 3144 veltet
1913 3068 1989 3202 “affl

338 3195 415 3237 num
428 3176 508 3237 facta
522 3177 674 3255 copiaest‚
687 3174 844 3255 eleganter
856 3176 1036 3255 complexus
1051 3182 1107 3238 est.
1159 3182 1293 3243 ποιεῖσθαι,
1308 3172 1358 3234 vel
1373 3183 1575 3238 θεοπλαοτιῖοθαι
1591 3196 1727 3255 tarnem,
1736 3174 1897 3253 longamin-
1926 3196 1989 3309 1.ῑῖ

344 3294 359 3322 «
373 3271 475 3346 Certa,
488 3270 598 3348 inquit,
612 3267 726 3328 fiducia
738 3267 898 3347 sperandae
908 3267 1110 3329 deificationis
1158 3265 1271 3328 biliora
1291 3273 1374 3344 sunt,
1403 3284 1498 3347 quam
1512 3276 1628 3331 tentatas
1649 3316 1657 3344 ‚
1683 3276 1713 3331 et
1737 3268 1848 3351 propius
1866 3263 1897 3324 ad
1914 3259 1989 3353 iffi}

337 3368 458 3423 naturae
471 3362 637 3423 homiuum
650 3367 698 3421 est
711 3361 764 3421 Dei
779 3360 973 3435 incarnatio,
989 3379 1061 3439 quae
1076 3361 1109 3420 in
1160 3358 1344 3420 Latinorum
1355 3361 1585 3439 expressionem
1596 3363 1760 3424 accedunt:
1770 3360 1819 3441 qui
1829 3357 1897 3419 aliter
1988 3358 1989 3439 ᾖ

338 3459 461 3515 tantum
489 3454 650 3515 homiuem
677 3455 779 3514 Deum
806 3453 889 3527 fecit,
909 3451 1110 3531 inquantum
1160 3449 1219 3511 ista
1244 3451 1373 3513 reddere
1397 3458 1577 3532 nequeunt,
1608 3473 1703 3534 quam
1727 3459 1761 3515 ut
1780 3449 1896 3513 auam

337 3547 404 3626 ipse
415 3547 511 3607 homo
526 3545 625 3607 tactus
637 3550 694 3607 est.
711 3547 832 3607 Etenim
846 3543 901 3623 qui
915 3543 991 3605 eitra
1003 3562 1109 3623 peeca-
1160 3542 1265 3604 dicant
1280 3542 1374 3605 Deum
1388 3562 1444 3605 ease
1459 3543 1583 3624 suctum.
1602 3548 1642 3608 Et
1662 3545 1775 3625 antiqui
1786 3548 1855 3605 certe
1865 3540 1897 3599 itt

338 3644 406 3701 tum
415 3638 510 3700 homo
524 3637 622 3699 factus
636 3644 693 3714 est,
707 3637 800 3717 plane
814 3637 890 3698 citra
902 3636 1110 3697 mutationem
1159 3633 1254 3695 locuti
1275 3640 1349 3696 sunt
1375 3635 1492 3716 aliqui:
1517 3635 1563 3698 ut'
1581 3639 1767 3709 Novatiauus
1788 3628 1897 3697 lihrott

338 3731 373 3792 in
386 3730 543 3805 deitatem,
560 3735 705 3790 naturam
719 3736 858 3790 nostram
876 3727 1050 3789 deificabit:
1076 3746 1111 3789 ac
1165 3725 1326 3804 Trim'tute,
1356 3728 1456 3807 eapite
1483 3746 1553 3790 xrx.
1582 3731 1720 3806 «Filius,
1743 3726 1841 3807 inquit,
1856 3719 1898 3783 bet

338 3828 463 3884 tantum
489 3827 617 3902 propter
639 3839 672 3882 se
698 3820 784 3881 illam
812 3820 931 3893 evehet‚
956 3823 1112 3898 quantum
1162 3818 1329 3893 descendit,
1346 3821 1401 3900 qui
1414 3820 1490 3881 dum
1504 3820 1606 3883 lilium
1619 3822 1755 3885 hominis
1766 3822 1796 3881 iu
1806 3835 1833 3879 se
1843 3830 1897 3875 sna
1988 3852 1989 3873 2

339 3920 466 3996 propter
479 3914 641 3976 hominem
659 3931 725 3975 sese
738 3914 803 3995 ipse
816 3910 956 3974 demisitl
960 3957 966 3973 .
983 3932 999 3968 ο
1017 3911 1110 3973 Vides
1163 3912 1254 3992 cepit,
1274 3919 1498 3992 consequenter
1523 3913 1614 3976 illum
1636 3915 1746 3976 Filium
1770 3911 1818 3972 Dei
1831 3906 1895 3977 tetii
1988 3914 1989 3981 l

339 4014 376 4068 ut
388 4007 517 4087 perinde
537 4007 691 4070 Maximus
704 4008 806 4068 Deum
820 4005 936 4066 tectum
950 4003 1112 4065 hominem
1161 4003 1311 4083 quoniam
1337 4004 1427 4065 illum
1455 4004 1551 4065 Filius
1574 4006 1634 4067 sibi
1661 4007 1715 4068 Dei
1737 3999 1855 4073 nasus,
1871 3999 1896 4057 ct

339 4117 405 4161 esse
418 4099 502 4174 dicit,
518 4103 611 4178 atque
620 4094 780 4160 hominem
790 4115 855 4159 esse
865 4096 1109 4158 Deumfactum:
1156 4096 1273 4175 junxit.
1294 4116 1310 4154 ο
1328 4095 1510 4157 Ambrosius
1533 4096 1616 4160 libro
1643 4101 1742 4180 primo
1765 4093 1797 4156 de
1821 4090 1896 4170 Virgi-

339 4211 378 4254 ex
402 4210 465 4272 quo
484 4209 675 4272 consequens
687 4209 753 4253 esse
766 4196 881 4266 censet,
897 4195 933 4250 ut
959 4194 991 4251 et
1013 4204 1111 4265 genus
1160 4186 1267 4250 oiim:
1285 4208 1298 4245 a
1313 4188 1402 4248 'lunc
1422 4188 1457 4250 in
1477 4194 1584 4267 utero,
1610 4190 1728 4272 inquit,
1742 4187 1827 4266 Virgo
1841 4197 1898 4244 001·

338 4371 404 4446 ἡμᾶς
423 4371 548 4445 ἐλθόντος,
563 4372 604 4426 καὶ
617 4370 688 4444 ἡμῶν
705 4369 775 4443 ptco
793 4369 974 4436 ἃνσλαθθντος,
988 4369 1030 4422 καὶ
1047 4369 1108 4423 θεώ·
1198 4365 1336 4422 attritu.
1362 4371 1433 4422 orat.
1458 4380 1497 4423 11.
1517 4367 1565 4421 Kal
1584 4366 1720 4441 ἀποθεμένη
1742 4363 1897 4435 slsum,
1988 4330 1989 4339 θ

339 4475 437 4519 cattos.
1159 4451 1199 4505 καὶ
1213 4450 1392 4518 θεοποιηθεῖοα.

375 4555 397 4595 a
417 4540 503 4596 tuoe.
519 4538 557 4601 de
569 4543 703 4595 Acuunt.
721 4539 834 4594 crarta.
854 4536 904 4604 Τὴν
922 4534 1109 4607 ποθπροσλήμ·
1197 4536 1218 4606 f
1233 4533 1336 4591 1111111.
1354 4540 1430 4589 cent.
1440 4548 1460 4598 1,
1476 4549 1537 4605 cap.
1555 4550 1619 4591 uu.
1639 4534 1728 4590 neate
1740 4526 1897 4592 timeberis
1988 4604 1989 4609 η

341 4641 419 4695 ματος
432 4622 526 4677 ’θέωσιν
548 4642 554 4678 :
579 4629 607 4678 et
621 4621 687 4679 ibid.
708 4619 790 4674 Ὀλον
801 4619 873 4693 ἡμῶν
889 4616 913 4672 ἐν
927 4618 1006 4691 ἑαυτῷ
1019 4618 1110 4679 θεώοας
1160 4616 1221 4690 πρὸς
1231 4615 1344 4671 intincta
1359 4614 1497 4689 ἔλπθθοςτῇ
1509 4615 1577 4689 φύσει
1586 4624 1636 4672 τῶν
1649 4614 1795 4690 tripotenti,
1808 4604 1845 4665 τοῦ
1855 4607 1896 4660 tui
1988 4622 1989 4679 j

339 4705 369 4760 τθ
383 4705 543 4778 πρόολημμα.
1161 4697 1351 4772 ἕνανθρώπηοις,
1378 4703 1497 4753 τοσοῦτον
1519 4700 1574 4754 θεὸν
1597 4706 1703 4757 ποιοῦσα
1723 4698 1762 4753 τὸν
1785 4694 1895 4764 iiim»
1988 4740 1989 4769 q

377 4788 536 4845 b'l'uaoru.
557 4788 632 4845 hom.
654 4787 705 4845 uu.
731 4784 1056 4860 ’110101001μονο
1073 4790 1111 4859 σῷ
1161 4783 1218 4837 ὅσον
1243 4780 1315 4846 aith<
1336 4784 1437 4855 γέγονεν
1456 4783 1590 4856 ἅνθρωπος·
1611 4784 1626 4838 θ
1645 4781 1692 4856 γὰρ
1714 4779 1785 4855 χωρίς
1802 4771 1896 4847 epatu
1988 4800 1989 4859 1

340 4874 406 4945 τόκῳ
420 4872 543 4926 dedoces.
1161 4867 1292 4937 γενόμενος
1315 4865 1441 4938 ἅνθρωπος
1464 4866 1539 4934 δῆλον
1560 4868 1599 4921 du
1622 4866 1698 4939 χωρὶς
1717 4868 1758 4931 τῆς
1778 4857 1896 4922 alteim
1988 4864 1989 4915 ἶ

376 4971 392 5011 0
408 4956 513 5012 Aratu.
527 4960 596 5011 orat.
612 4971 651 5013 11.
670 4953 701 5009 Ei
709 4953 756 5028 γὰρ
763 4954 795 5009 tt
804 4957 848 5023 τῆς
857 4955 971 5023 θεότητος
980 4958 1024 5008 τοῦ
1032 4954 1109 5027 λόγου
1162 4948 1309 5021 maeatae,
1323 4947 1367 5016 τὴν
1381 4947 1451 5021 φύσιν
1463 4948 1612 5018 asotorum,
1625 4950 1667 5003 sel
1680 4950 1790 5002 τοσοῦτον
1804 4933 1895 4994 haitid·
1988 4944 1989 4971 ³

339 5039 400 5112 ῐργα
426 5038 459 5112 μὴ
483 5039 523 5092 διὰ
536 5043 580 5094 τοῦ
600 5038 715 5111 σώματος
740 5035 843 5110 θγθνοτο,
867 5036 912 5093 oia
925 5039 954 5092 ds
970 5034 1110 5125 θθψεοιήθη
1161 5050 1198 5085 σει
1218 5030 1376 5170 ξιιὲαξαυτθν,
1397 5033 1456 5087 ὅσον
1477 5031 1550 5095 citit
1577 5031 1617 5087 διὰ
1640 5031 1682 5087 tiu
1702 5029 1815 5101 ἄνθρωπον
1828 5017 1895 5076 iuuit
1988 5052 1989 5057 ¹

340 5122 384 5176 tot
439 5141 475 5184 ος.
1160 5133 1219 5170 κατε
1291 5133 1327 5169 εν.
1988 5150 1989 5155 ,

375 5141 482 5261 (θωέη.
502 5204 714 5262 1101101111.
737 5204 857 5280 Ἐθθχιτο
875 5203 974 5278 μὲνγὰρ
988 5206 1111 5260 iconomo·
1196 5198 1313 5268 901011.
1335 5213 1396 5268 cap.
1422 5214 1449 5254 11
1463 5197 1500 5255 de
1521 5197 1580 5257 tael.
1603 5201 1683 5255 Hier.
1701 5193 1748 5264 Tit
1766 5183 1893 5258 θθθθθθθθ
1988 5216 1989 5283 t

342 5289 416 5361 pipo„
429 5288 661 5361 τοῦᾶοαληφθίοςος
674 5293 751 5344 quoa:
845 5315 849 5323 ·
1116 5308 1118 5312 ⁴
1160 5282 1228 5345 ὅπως
1253 5279 1278 5335 ἐν
1302 5280 1364 5355 αὐτῇ
1387 5282 1516 5354 γενήσεται
1541 5280 1706 5355 τθθεαρχινθν
1728 5280 1768 5346 τῆς
1785 5271 1893 5344 ‘tisim‘
1988 5288 1989 5329 l

1161 5362 1322 5427 θεοπλαοτθας
1335 5364 1478 5436 μυστήριον.
1988 5400 1989 5409 .

369 5487 381 5532 1
397 5486 473 5543 ruric.
484 5486 506 5530 t.
