4036 6162
334 336 395 398 θθθ
848 337 1176 403 THEOLOGICORUM
1196 342 1413 408 DOGMATUM

333 503 416 566 iecit.
434 505 552 566 «Novit
568 505 696 585 quidem
709 506 862 570 Dominus
882 506 959 587 quid
976 507 1102 588 mundo
1151 509 1316 571 dnmmodo
1335 512 1473 591 ratione,
1498 511 1872 577 mncaccessissecbristum
1925 527 1944 572 u
1978 492 1979 565 ί

333 597 435 673 iaciat,
446 598 543 677 quiin
555 617 712 676 mensura,
723 608 754 661 et
763 618 906 677 numero,
922 605 953 661 et
966 600 1103 680 pondere
1151 603 1387 680 ait,eumlabes,
1397 604 1608 685 etcorrnptela
1617 612 1872 686 morum,tanquam
1888 576 1979 687 Ἢν

334 695 446 751 cuncta
458 690 613 771 disponit:
637 712 653 750 a
680 692 772 754 utait
794 691 1012 772 Augusnnum.
1042 692 1102 754 Sed
1151 694 1280 757 morbus
1292 696 1419 775 quidam
1432 702 1682 774 autumnans,
1697 697 1731 758 ad
1743 716 1873 760 summum
1895 684 1979 782 Μ’

334 787 424 845 certa
439 788 543 843 tamen
556 784 691 846 rationes
704 784 743 845 ab
759 785 894 865 antiquis
907 784 1008 846 allata
1018 789 1101 862 sunt,
1151 789 1295 850 venisset.
1311 790 1435 850 Etenim
1449 810 1465 847 ι
1480 790 1535 871 qui
1548 790 1586 851 ad
1597 789 1754 869 nequitiam
1766 807 1781 850 e
1792 790 1873 850 medio
1890 794 1975 889 dm·

334 875 374 936 ob
387 893 465 955 quas
478 875 654 956 postlouga
667 877 1028 950 saculornmeurricula,
1044 878 1104 939 hoc
1151 876 1320 939 tollendam
1346 877 1519 941 immiscere
1552 897 1583 940 se
1609 878 1732 940 debebat
1757 878 1874 939 hnmana
1914 868 1980 955 ml

334 972 381 1029 est
405 988 421 1025 ι
447 969 635 1045 senescenti,
661 975 697 1031 ut
722 970 901 1031 Ambrosius
934 969 1102 1049 loquium,
1153 967 1234 1045 vitae,
1245 972 1419 1032 necessario
1432 972 1654 1051 expectandum
1663 970 1772 1045 illibrit,
1783 970 1876 1032 atacis

334 1059 470 1137 mundo,
500 1067 531 1122 et
557 1061 624 1139 jam
655 1060 806 1123 occidenti
839 1062 1017 1124 illucescens
1049 1062 1104 1124 Dei
1151 1061 1305 1123 radicibus
1320 1062 1480 1125 firmatum
1505 1063 1625 1126 inimici
1639 1080 1727 1144 opera
1745 1067 1876 1143 penatm
1979 1068 1980 1097 ³

334 1150 434 1228 iilius,
462 1170 519 1233 per
544 1152 651 1215 illaria
678 1153 806 1234 virginis
839 1160 983 1235 partum,
1018 1172 1104 1217 serus
1152 1171 1245 1216 omne
1257 1154 1442 1234 pullularet,
1458 1161 1494 1216 ut
1507 1156 1550 1217 sic
1561 1155 1655 1233 radici
1667 1155 1877 1216 securimadno
1980 1142 1981 1229 ί

334 1244 499 1306 advenit.»
1151 1251 1255 1322 veret3
1278 1249 1361 1327 quod
1376 1247 1409 1309 in
1431 1246 1594 1328 Ειιαιιρτίιο
1621 1248 1727 1326 legitur
1739 1246 1760 1309 ⁸.
1784 1247 1878 1327 Quippe
1980 1240 1981 1309 ί

376 1336 527 1397 Eusebius
536 1337 570 1397 in
583 1338 734 1417 prooemio
748 1338 820 1399 libri
833 1340 931 1400 octavi
940 1337 975 1400 de
983 1337 1105 1400 Demoa-
1152 1343 1334 1418 praestantes
1347 1340 1463 1420 quique
1477 1340 1509 1401 in
1524 1345 1590 1401 arte
1603 1340 1727 1412 medina,
1741 1341 1807 1401 dun
1816 1340 1878 1399 inte
1980 1356 1981 1365 ¹

334 1429 481 1489 strattone
507 1427 705 1509 Evangelieu,
727 1430 789 1492 lata
808 1430 846 1491 de
866 1432 925 1492 hae
949 1449 985 1491 re
1010 1429 1105 1491 rerba
1152 1429 1217 1489 rius
1231 1430 1333 1491 adbuc
1345 1431 1438 1492 febris
1453 1449 1566 1512 corpus
1583 1433 1696 1507 exurit,
1713 1438 1742 1493 et
1757 1430 1879 1511 paulabm

335 1519 469 1596 iaciens,
497 1539 621 1582 causam
650 1522 794 1583 tardioris
826 1524 976 1584 adventus
1005 1522 1105 1583 reddit
1152 1536 1191 1581 ex
1217 1522 1316 1583 causis
1343 1523 1489 1584 morbum
1509 1522 1705 1585 efficientibus
1723 1521 1877 1593 accenditur,
1981 1582 1982 1609 γ

166 1659 194 1702 ογ
212 1603 312 1701 ξξξξγῃω
336 1612 437 1672 istam.
448 1612 595 1674 Homines
603 1613 647 1674 ait
653 1613 740 1674 initio
750 1614 888 1676 moribus
896 1613 989 1676 inisse
998 1616 1106 1694 depra-
1152 1613 1267 1674 redunt
1279 1614 1382 1675 morbi
1399 1614 1568 1688 violentiae,
1594 1615 1689 1676 donec
1705 1614 1741 1675 ad
1753 1629 1881 1674 summum
1981 1614 1982 1665 ἓ

185 1712 293 1806 νχχνρχγν
336 1705 514 1779 rarissimis,
541 1712 573 1768 et
599 1705 632 1767 iu
659 1724 781 1768 summa
807 1707 964 1787 impietate
989 1707 1105 1787 Deique
1153 1704 1290 1779 vigorem
1302 1706 1497 1786 pervenerit:
1513 1724 1571 1768 nec
1584 1704 1882 1768 ciborumullumsnb

187 1776 290 1880 anian
337 1802 534 1876 contemptu,
552 1817 588 1859 ac
601 1799 752 1861 scelerum
764 1800 907 1860 omnium
919 1799 1059 1876 licentia,
1075 1804 1106 1862 et
1154 1796 1268 1857 sidium
1289 1798 1448 1873 mgrotauti
1463 1798 1705 1860 subministrant.
1720 1798 1881 1869 Iidemrero,

167 1869 312 1966 p,}{,¹¹,‡,⁰,}¹,¹{},„
336 1889 524 1968 impunitate
536 1891 633 1951 vitam
646 1892 743 1970 egisse
757 1892 894 1953 ferarum
908 1893 1103 1966 similiorem,
1154 1888 1208 1948 ubi
1223 1889 1341 1950 malum
1363 1895 1477 1952 statum
1503 1908 1596 1952 sunm
1610 1891 1751 1971 adeptum
1765 1896 1813 1960 est,
1831 1895 1883 1948 tun

199 1977 285 2074 ’ρξίχγξξξ
337 2000 431 2061 quam
445 1982 626 2060 hominum,
644 2000 717 2045 cum
730 1985 764 2044 in
777 1984 930 2061 latibulis,
949 1989 980 2045 et
997 1985 1104 2045 solitu·
1154 1980 1280 2042 demum
1295 1987 1394 2042 artem
1411 1999 1501 2042 suam
1520 1982 1681 2058 adhibent,
1705 1981 1816 2061 quando
1833 1979 1883 2057 iam
1982 2024 1983 2051 3

336 2075 464 2135 dinibus
477 2075 631 2136 latromrm
647 2077 906 2155 moredegerent,
925 2076 1104 2156 nullislegi-
1154 2077 1235 2133 totus
1263 2073 1432 2152 patefactus
1453 2079 1499 2134 est
1523 2074 1685 2136 morbus«.
1708 2094 1723 2132 a
1747 2075 1885 2133 Enumerat

337 2165 410 2241 bus,
434 2167 520 2227 nrrllo
548 2167 631 2228 civili
658 2187 735 2243 usu,
758 2174 849 2248 atque
876 2169 977 2245 cultu,
1003 2187 1105 2248 neque
1154 2165 1265 2225 deinde
1279 2165 1445 2240 malorum,
1461 2171 1492 2227 et
1505 2166 1655 2228 scelerum
1678 2165 1807 2245 exempla
1824 2180 1885 2244 pra·

337 2258 562 2334 doctrinarum,
592 2264 646 2320 aut
677 2259 792 2322 artium
822 2266 877 2321 ant
909 2261 1042 2338 virtutis,
1075 2267 1106 2323 et
1154 2255 1255 2336 cipua,
1269 2275 1339 2336 quae
1353 2256 1443 2318 certis
1454 2259 1651 2337 erumpentia
1662 2254 1886 2337 temporibmnis

337 2350 496 2429 sapientias
515 2351 718 2412 mansuefacti
743 2351 862 2430 studio,
889 2372 924 2414 ac
948 2353 1104 2434 perpoliti.
1152 2367 1191 2409 ex
1204 2347 1271 2408 aliis
1285 2353 1359 2409 sunt
1372 2354 1492 2410 secun:
1522 2367 1558 2410 ae
1571 2351 1699 2412 demum
1717 2350 1757 2409 ita
1774 2345 1885 2425 colligit3

337 2441 489 2502 Caeterum
497 2443 573 2504 adeo
586 2444 922 2523 expet-tesiuisseverae
934 2445 1103 2525 religionis,
1153 2439 1887 2520 postquamadsummumincrementumhnmsna
1983 2438 1984 2483 ἒ

336 2550 371 2594 ae
388 2533 523 2613 pietatis,
550 2535 628 2595 nihil
658 2540 695 2596 ut
725 2542 829 2598 extare
853 2543 998 2617 putarent
1023 2555 1104 2617 prae-
1152 2534 1300 2611 perdueta
1314 2537 1361 2594 est
1372 2531 1572 2612 improbitas,
1588 2533 1701 2611 ntjam
1722 2533 1886 2606 nemoaset,

335 2626 466 2686 stantius
479 2626 671 2706 corporibus,
698 2634 728 2688 et
750 2627 787 2688 iis
814 2646 885 2708 qum
912 2629 970 2690 sub
997 2647 1105 2691 sensus
1152 2624 1206 2704 qni
1218 2623 1414 2704 intelligeret,
1430 2632 1456 2684 et
1477 2624 1643 2705 requireret
1662 2621 1781 2695 nsaw,
1799 2627 1887 2681 tunae

335 2718 471 2792 cadunt,
488 2717 599 2798 quibus
616 2719 739 2780 divinos
752 2719 939 2781 adhibebant
953 2721 1101 2796 honores,
1152 2714 1360 2778 ooelovenisse
1387 2714 1554 2793 medicum,
1576 2724 1610 2779 et
1636 2717 1832 2795 sospitatorem
1845 2709 1886 2772 [lei
1984 2740 1985 2789 γ

334 2810 761 2888 relntbestiis,volucribus,
777 2812 971 2891 serpentibus
983 2833 991 2886 ;
1011 2819 1104 2893 atque
1152 2807 1276 2869 Filium.
1298 2808 1452 2882 Quintus
1474 2809 1618 2887 Gregorii
1644 2809 1726 2869 loeus
1747 2805 1888 2883 descriptus
1984 2808 1985 2847 ³

334 2902 429 2964 etiam
440 2903 597 2983 tyrannis,
614 2909 644 2965 et
656 2903 888 2965 immanissimis
910 2904 1101 2968 bominibus.
1152 2906 1198 2960 est
1217 2899 1479 2979 al’seudocyrillo
1494 2899 1528 2960 in
1541 2899 1623 2962 libro
1637 2912 1736 2962 contro
1747 2895 1888 2974 Αιιιίιιορι

375 2993 454 3055 Cum
468 2994 561 3073 igitur
574 2994 755 3073 hujusmodi
769 3001 863 3070 esset,
881 3002 912 3057 et
924 2996 957 3056 in
970 2995 1019 3057 his
1033 3015 1102 3058 ver·
1151 2990 1325 3073 melphiten,
1340 3009 1410 3071 quae
1419 2996 1466 3053 est
1474 2990 1597 3071 farrago
1612 2989 1889 3073 quasdamrariorun

334 3091 455 3146 seretur
467 3085 642 3147 humanum
654 3105 774 3165 genus,
799 3088 942 3148 nondum
956 3089 1103 3152 idoneum
1150 3090 1376 3164 excerptorum,
1389 3083 1498 3163 Gyrilli
1507 3086 1641 3146 mentita
1654 3080 1790 3145 nomen‘.
1985 3162 1986 3167 ρ

334 3176 444 3252 luisse,
463 3177 503 3237 ad
517 3177 572 3239 Dei
585 3177 704 3255 filium,
721 3179 850 3259 ejusque
862 3180 1051 3258 doctrinam,
1066 3200 1102 3244 ac
1191 3178 1249 3238 III·
1273 3176 1519 3255 Idempraeterea
1531 3177 1662 3238 tradidit
1683 3177 1715 3237 in
1734 3171 1846 3255 epistile
1858 3167 1890 3230 θί

334 3269 507 3330 remedium
521 3270 767 3350 percipiendum.
784 3271 845 3333 Sed
866 3276 938 3333 ante
963 3271 1100 3351 legibus,
1152 3267 1358 3349 Theophilum,
1374 3266 1510 3330 σιίυιντιιι
1521 3267 1744 3347 Apollinarem:
1759 3265 1807 3326 ubi
1814 3261 1890 3323 variis

334 3363 545 3442 institutisque
558 3363 661 3439 iliosis,
672 3382 708 3425 ac
717 3362 941 3444 Prophetarum
954 3364 1100 3442 aliorum,
1150 3361 1252 3422 modis
1266 3360 1444 3440 apparuisse
1458 3361 1512 3422 [lei
1525 3360 1641 3422 Filium
1655 3360 1758 3422 asserit
1768 3357 1803 3418 ab
1820 3354 1890 3415 initio

334 3459 364 3515 et
378 3459 557 3515 sanctorum
568 3455 686 3535 aliquot
699 3456 839 3517 virorum
853 3456 1018 3536 exemplis,
1032 3476 1101 3519 mo·
1150 3470 1268 3526 rerum,
1283 3471 1340 3533 pro
1354 3469 1463 3514 eorum
1478 3457 1580 3532 captu,
1593 3445 1888 3533 quibusseofferelltb

334 3547 468 3624 nitisque
493 3544 683 3623 formatum,
711 3565 746 3608 ae
773 3548 858 3609 volut
891 3554 1101 3629 praeparatum
1150 3552 1182 3608 et
1214 3544 1329 3605 virium
1362 3542 1518 3605 modulol.
1554 3545 1637 3606 Nam
1655 3541 1888 3623 praestantiorem,

333 3638 446 3699 mine:
462 3636 778 3715 ntbnrburieilla,et
791 3638 949 3701 ferocitate
967 3641 1100 3718 domita,
1151 3640 1275 3716 Deoque
1307 3637 1578 3716 congruentiorem
1607 3638 1645 3698 iis
1671 3635 1812 3715 objectam
1839 3644 1890 3691 esse

333 3730 485 3811 paulatim
503 3729 545 3791 ad
563 3728 693 3790 coelestis
718 3731 859 3808 magistri
881 3732 1103 3795 commercium
1150 3730 1377 3809 visionem,qui
1384 3728 1594 3790 excelsitatem
1607 3728 1693 3790 illam
1703 3727 1812 3806 assequi
1824 3726 1891 3803 pote

334 3827 503 3903 aptaretur.
519 3822 585 3896 Quo
598 3822 745 3902 perlecto,
762 3823 796 3882 in
816 3828 956 3903 tempore
981 3823 1103 3887 affuisse
1150 3828 1240 3884 rant:
1264 3822 1418 3883 minorem
1432 3826 1547 3890 autem,
1573 3819 1727 3899 longeque
1738 3816 1891 3878 inferiorem

334 3915 502 3988 Christum,
524 3919 555 3976 et
576 3913 739 3993 paululum
763 3913 907 3988 imbutis,
923 3933 959 3976 ac
972 3933 1101 3978 consue·
1150 3917 1199 3992 iis,
1225 3914 1280 3994 qui
1306 3913 1417 3993 majori
1439 3912 1597 3992 capiendae
1611 3915 1775 3973 nouerant
1797 3904 1890 3968 idonci.

332 4006 418 4068 iactis
438 4005 617 4068 mortalium
639 4006 751 4067 animis
772 4006 886 4067 divium
899 4006 1007 4068 lumen
1021 4008 1104 4070 reri·
1151 4006 1290 4068 Tandem
1303 4022 1389 4083 ergo,
1404 4009 1570 4083 postquam
1578 4000 1890 4070 οικποιιίιοίιιιανιιννί,

332 4099 405 4159 tatis
438 4098 588 4159 intulisse.
623 4099 697 4160 Haec
726 4098 790 4161 iere
824 4099 998 4175 Eusebius;
1033 4119 1103 4180 quse
1151 4107 1179 4160 et
1192 4096 1315 4160 inutiles
1327 4095 1401 4173 sueti
1407 4093 1500 4171 aunt‘,
1511 4113 1548 4156 ac
1558 4097 1669 4175 magis,
1681 4101 1717 4155 ut
1726 4089 1891 4161 itadirerim,

333 4193 438 4253 Graece
470 4190 532 4269 lagi
564 4189 648 4270 apud
681 4190 770 4252 illum
804 4198 954 4271 possunt:
991 4191 1103 4271 quibus
1152 4190 1289 4253 carnales
1307 4187 1464 4259 homines,
1480 4187 1628 4247 eumdem
1641 4205 1674 4249 se
1687 4186 1740 4247 [lei
1753 4176 1893 4245 Filiumsd

334 4278 619 4346 similia'disseritin
628 4281 708 4344 libro
721 4282 866 4346 Historiae
876 4284 988 4364 primo,
1002 4284 1103 4365 capite
1152 4282 1277 4343 illorum
1286 4297 1391 4355 usum,
1401 4284 1432 4339 et
1438 4279 1649 4341 conditionem
1663 4274 1892 4343 accommodasse,

216 4402 222 4411 ·
333 4376 435 4438 tertio.
1153 4389 1339 4452 carnemque
1361 4370 1429 4431 lieri
1442 4370 1596 4446 voluisse,
1624 4376 1655 4432 et
1673 4368 1836 4432 exinanisse
1857 4378 1892 4422 st·

373 4469 412 4529 li.
434 4470 475 4529 At
489 4469 658 4547 Gregorius
672 4468 843 4549 Nyssenus,
860 4467 1016 4528 contraria
1025 4485 1103 4546 quo·
1153 4467 1275 4528 Etenim
1288 4463 1473 4525 deteriorem
1486 4461 1579 4525 silbae
1588 4463 1814 4543 generationem
1824 4455 1893 4518 lton

369 4685 390 4725 a
409 4668 489 4726 Nrss.
516 4675 585 4724 orat.
600 4669 637 4725 de
652 4673 723 4726 Nat.
740 4667 810 4725 Olor.
828 4668 921 4723 Ὅτιθ
948 4670 1045 4743 μέλλων
1064 4668 1104 4723 ἐπί
1152 4670 1235 4725 σιτίων
1262 4666 1390 4740 ἐπάγοντες
1411 4670 1449 4737 τῷ
1471 4664 1611 4720 ἀσθενοῦντι
1634 4666 1755 4737 βοήθειαν.
1778 4660 1850 4716 earn
1874 4653 1894 4709 ii

333 4752 469 4823 καθαιρέσει
483 4756 526 4818 τῆς
538 4753 623 4815 κακίας
634 4758 670 4824 τῷ
685 4752 830 4825 ἀνθρωπίνῳ
843 4753 1034 4825 καταμίγνυσθαι
1045 4753 1102 4825 βίῳ,
1152 4753 1272 4824 στάσιμον
1284 4751 1382 4823 γένηται
1402 4748 1432 4803 τὸ
1446 4747 1530 4812 κακθν,
1546 4751 1602 4803 τότε
1618 4748 1662 4817 τὴν
1677 4748 1763 4821 τίχνην
1776 4744 1894 4815 ἐπάγωσιν,

334 4834 472 4907 ἀναγκαίως
480 4836 560 4889 πᾶσαν
571 4834 680 4906 ἀνέμεινε
694 4834 737 4903 τὴν
752 4834 876 4905 παρθιτοΰ
888 4833 976 4908 έχθροῦ
995 4835 1104 4907 pelculsi·
1152 4832 1292 4906 ἐκφανείσης
1303 4833 1381 4900 πάσης
1390 4836 1433 4899 τῆς
1443 4833 1527 4884 alcon.

334 4937 379 4973 σαν
397 4917 519 4990 ἁμαρτίαν
535 4916 726 4984 ἀναθλαστῆσαι.
743 4911 788 4970 εἶθ’
802 4918 879 4980 otro<
896 4916 1012 4990 ίιιήγαγε,
1025 4918 1103 4980 καθώς
1188 4917 1205 4971 θ
1223 4917 1302 4973 Nisa.
1322 4914 1429 4986 Οίθμεθα
1437 4912 1485 4986 γὰρ
1499 4914 1537 4967 cn
1545 4912 1609 4967 κατὰ
1617 4912 1647 4966 τὸ
1660 4913 1747 4985 μίτραν
1758 4913 1798 4976 τῆς
1810 4905 1895 4960 elno

334 5022 392 5075 φησι
406 5000 436 5054 rb
449 4999 609 5072 Εθαγγίλιον,
630 4999 675 5067 τὴν
694 4998 775 5068 ἀξίνην
795 5004 825 5072 τῇ
847 5001 910 5073 ῥίζῃ.
932 5003 973 5055 καὶ
991 5000 1038 5073 γὰρ
1052 5006 1102 5055 τῶν
1151 5001 1275 5070 δυνάμεως
1289 5004 1339 5052 τῶν
1348 4998 1489 5070 δεχομένων
1496 4994 1540 5063 τὴν
1548 4996 1611 5049 θείαν
1624 4994 1769 5067 ἐπιφάνειαν,
1783 4990 1818 5044 ta
1825 4987 1896 5060 γέγονέ

335 5084 425 5156 ίατρῶν
441 5083 464 5138 ol
479 5088 510 5155 τῇ
523 5084 596 5157 τέχνῃ
609 5083 766 5155 προέχοντες,
779 5082 873 5136 ἔνδοθεν
887 5084 923 5138 ἔτι
935 5085 964 5138 τὸ
975 5090 1050 5156 σῶμα
1058 5078 1103 5137 τοῦ
1151 5086 1194 5151 τῆς
1207 5081 1371 5155 ὓπτρεχούσης
1385 5080 1479 5151 picena
1492 5079 1506 5148 ἡ
1517 5078 1631 5143 θπτασία,
1648 5079 1735 5151 μείζων
1750 5073 1799 5148 μέν,
1810 5070 1896 5125 sclito·

334 5163 438 5242 πυριτοῦ
455 5166 642 5240 διααμίχοντος,
664 5165 705 5219 καί
724 5165 779 5220 κατ’
797 5164 881 5237 ὀλίγον
901 5168 950 5221 ίιπθ
968 5174 1018 5221 τῶν
1032 5186 1103 5221 νοσο·
1150 5166 1301 5237 πρεπεστέρα
1312 5165 1364 5226 τοῖς
1382 5163 1524 5234 δυναμένοις
1537 5162 1673 5215 καθικέσθαι
1685 5164 1728 5215 τοῦ
1747 5158 1822 5230 lquor
1836 5150 1895 5205 ίέίί·

333 5259 411 5308 ποιῶν
432 5250 515 5307 αἰτίων
534 5249 709 5323 έξαπτομίνου,
730 5247 850 5304 mucosa
867 5256 904 5323 τῷ
918 5249 1101 5323 ἅῤῥωατίματι,
1152 5268 1201 5304 των
1211 5248 1238 5301 δὲ
1251 5247 1291 5302 καί
1305 5247 1542 5320 σμικροπρεπεστέρα
1557 5247 1608 5307 τοῖς
1621 5242 1759 5318 ἂχωρήτοις
1770 5242 1811 5295 τοῦ
1827 5235 1895 5309 pilii·

336 5338 422 5411 μέχρις
434 5338 463 5390 du
479 5335 512 5403 εἰς
525 5334 603 5409 cepta
618 5334 722 5410 προέλθῃ
737 5335 766 5390 τὸ
782 5335 869 5402 πάθος,
882 5334 996 5408 οὐδεμίαν
1012 5332 1038 5388 la
1051 5340 1101 5389 τῶν
1153 5351 1205 5398 νος,
1221 5337 1275 5388 ele.

363 5507 373 5548 ι
390 5507 476 5550 coucr
488 5506 512 5550 lu
523 5507 560 5551 Ρι.
571 5505 690 5553 erun-t
702 5503 767 5551 amb.
775 5505 804 5549 de
814 5503 895 5552 ιιιιιοθ.
907 5506 969 5550 Ραιι.
979 5515 1000 5548 τ.
1011 5502 1091 5548 ιι.-θ
1100 5503 1173 5549 nstra
1185 5500 1267 5547 rra-t
1280 5501 1316 5546 Ρι.
1328 5509 1400 5545 nn·
1411 5500 1426 5545 a
1438 5494 1676 5556 (nuntiasse-0
1688 5495 1724 5540 Ρι.
1734 5503 1771 5546 ιιι,
1783 5492 1803 5536 t·
