4078 6168
161 455 893 640 ELENCHUS
991 460 1741 608 THERIACAE

594 749 1001 858 numerurm
1068 753 1300 862 runis.

722 1124 1159 1209 PRAEFATIO·

199 1313 279 1399 Quae
304 1312 371 1383 sub
389 1312 559 1384 vincentii
580 1312 681 1383 Lenis
710 1313 925 1404 supposititio
945 1314 1083 1385 nomine
1107 1316 1266 1386 Tberioco
1284 1334 1394 1405 nuper
1412 1316 1446 1385 in
1466 1315 1576 1388 lucem
1594 1316 1740 1408 prodiit,

151 1435 191 1506 ad
210 1434 422 1518 carnariola,
445 1443 479 1505 et
497 1435 691 1527 conjectore
710 1435 796 1505 nihil
825 1454 910 1526 opus
937 1435 1011 1518 luit,
1033 1437 1082 1506 uti
1103 1438 1201 1508 nohis
1233 1435 1275 1508 de
1293 1457 1374 1508 vero
1399 1459 1438 1509 ac
1458 1458 1619 1529 germano
1652 1440 1743 1511 illius

149 1569 285 1630 auctore
305 1566 487 1630 constaret.
516 1557 603 1629 Nam
632 1558 694 1628 etsi
724 1557 830 1630 latere
862 1569 1046 1650 utcumque
1073 1560 1157 1630 velle
1186 1579 1255 1650 prae
1283 1581 1319 1631 se
1345 1561 1436 1647 tulit;
1467 1582 1535 1632 non
1563 1572 1673 1633 tamen
1696 1564 1743 1634 ita

147 1679 363 1752 dissimulare
377 1680 498 1771 potuit,
522 1681 604 1770 quin
623 1679 721 1751 lacile
736 1678 1049 1770 deprehenderetur
1064 1680 1209 1752 fabulosi
1222 1680 1313 1755 illius
1331 1682 1420 1773 apud
1440 1680 1613 1754 hriostum
1629 1684 1742 1755 herois

148 1801 363 1874 Rodomondi
383 1822 470 1893 pene
491 1802 700 1893 cognominis
729 1800 858 1873 doctor.
885 1801 999 1892 Usque
1029 1802 1114 1873 adeo
1148 1804 1300 1893 geminus
1333 1803 1389 1873 ille
1418 1803 1506 1875 letus
1535 1813 1585 1875 θεῖ
1604 1805 1679 1875 aliis
1698 1806 1741 1877 ab

147 1925 267 1997 eodem
282 1924 395 2008 editis,
413 1945 487 2015 quae
507 1935 576 1996 tum
596 1933 795 2015 argumento
810 1925 898 2015 ipso,
920 1933 990 1996 tum
1003 1925 1167 1996 tractandi
1189 1945 1324 2015 genere,
1343 1946 1382 1996 ac
1396 1926 1492 2017 stylo,
1508 1927 1740 1999 carnificinam

146 2046 324 2118 hominnm
338 2047 503 2117 redolent.
523 2047 593 2119 Nec
608 2054 784 2117 cruentam
804 2045 906 2118 modo
925 2047 1096 2118 lanienam
1116 2056 1150 2117 θῖ
1164 2061 1355 2131 crotonem
1379 2047 1453 2126 scd,
1474 2047 1565 2137 quod
1591 2047 1740 2119 deterius

146 2169 330 2252 astmulto,
352 2169 592 2241 abhorrentem
607 2170 650 2239 ah
671 2170 835 2251 Romana,
856 2177 890 2239 et
905 2167 1078 2240 Catholica
1097 2167 1176 2238 fidei
1205 2170 1396 2260 integritate
1416 2168 1615 2239 doctrinam.
1635 2169 1741 2261 Cujus

146 2292 234 2381 aliud
269 2293 383 2383 agenti
415 2290 505 2361 baud
533 2292 714 2361 obscurum
747 2289 912 2362 indicium
947 2290 1071 2361 excidit
1104 2289 1168 2360 boc
1193 2292 1280 2381 ipso,
1304 2291 1395 2382 quod
1429 2312 1465 2362 εθ
1493 2289 1737 2362 Arausicanum

147 2415 329 2505 inscripsit.
378 2414 422 2485 Ut
457 2434 524 2484 non
560 2422 627 2484 tam
674 2411 880 2483 occultandae
916 2413 1032 2502 patriae
1069 2432 1171 2484 cansa
1202 2413 1267 2483 sihi
1305 2412 1369 2484 boc
1408 2413 1577 2505 praecipue
1615 2433 1738 2485 nomen

145 2538 368 2628 assumpsisse
386 2535 493 2607 rideri
522 2537 640 2627 possit,
665 2555 767 2626 quam
787 2533 873 2626 ejus,
896 2536 950 2606 cni
980 2544 1031 2606 est
1051 2534 1217 2617 addictus,
1248 2534 1467 2605 testificandae
1495 2535 1678 2626 religionis,
1700 2557 1739 2607 ac

145 2668 264 2745 sectae3
281 2679 357 2750 quae
375 2661 411 2729 iu
437 2658 645 2730 Arausicana
663 2657 749 2729 urbe
776 2658 1004 2748 principatum
1031 2656 1132 2728 hodie
1158 2666 1289 2740 tenens,
1314 2657 1434 2728 eadem
1452 2678 1530 2728 cum
1548 2655 1739 2728 hrmacano

146 2780 268 2852 Βθῖθνθ
287 2781 332 2853 de
351 2782 476 2852 Libere
496 2782 649 2864 arbitrio,
673 2789 706 2852 et
737 2779 861 2850 Christi
894 2781 1001 2870 gratia
1032 2779 1168 2851 decreta
1201 2778 1389 2871 profitetur.
1423 2781 1576 2865 Quorum
1600 2780 1738 2870 quidem

146 2905 374 2994 patrocinium
386 2904 610 2975 Vincentiana
628 2902 684 2972 illa
705 2903 864 2972 Therioea
890 2903 1055 2992 suscepit;
1079 2901 1138 2972 sed
1167 2910 1286 2972 eventu
1311 2901 1396 2973 adeo
1416 2922 1484 2972 non
1505 2900 1671 2983 secundo,
1690 2902 1739 2971 uti

145 3026 258 3097 nullus
278 3046 368 3109 eam,
389 3026 441 3098 rel
460 3026 606 3117 partium
626 3024 836 3107 earumdem,
854 3024 927 3094 sine
947 3025 1132 3107 stomacho,
1156 3034 1189 3095 et
1207 3033 1401 3115 contemptu
1421 3023 1540 3117 legerit
1558 3023 1593 3093 in
1608 3022 1736 3108 Galliis,

146 3148 258 3219 nullus
272 3148 412 3239 dignam
433 3149 654 3239 responsione
670 3146 843 3239 judicarit.
871 3146 958 3218 Nam
977 3167 1055 3218 cum
1074 3145 1254 3218 infeliciter
1269 3156 1302 3217 et
1324 3147 1418 3217 iratis
1439 3145 1595 3217 omnibus
1615 3144 1739 3216 Gratiis

147 3280 196 3341 est
221 3280 408 3361 concepta,
437 3279 509 3341 tum
541 3270 616 3341 nori
642 3268 725 3339 nihil
759 3267 944 3339 admodum
967 3267 1010 3338 ad
1036 3289 1172 3340 cansam
1197 3269 1351 3351 contulit,
1381 3267 1472 3360 quod
1502 3268 1663 3339 momenti
1696 3267 1741 3338 sit

146 3391 268 3479 ullius;
291 3392 453 3484 quodque
473 3413 514 3463 ex
533 3391 682 3463 antistite
698 3390 864 3483 dogmatis
883 3390 972 3461 illius
993 3410 1061 3462 non
1076 3410 1163 3481 pene
1177 3391 1341 3462 verbatim
1354 3390 1594 3483 depromptum
1613 3388 1736 3474 luerit3

148 3524 178 3585 θῖ
190 3514 226 3586 in
241 3535 285 3587 eo
300 3514 520 3598 confutando,
542 3513 756 3605 jamanobis
776 3513 991 3604 profligatum
1013 3520 1046 3583 et
1060 3531 1225 3584 eversum.

192 3636 263 3710 Sed
283 3638 446 3730 quoniam
461 3636 577 3708 talium
596 3636 666 3708 hac
687 3645 738 3707 θεῖ
756 3634 934 3707 hominum
961 3634 1107 3716 indoles,
1128 3644 1166 3705 ut
1186 3632 1305 3707 eadem
1330 3634 1448 3706 leviter
1466 3642 1683 3716 commutata,
1706 3642 1741 3704 et

146 3760 370 3854 interpolata,
405 3769 577 3850 umquam
614 3758 747 3851 Sisyphi
768 3773 871 3845 popm
907 3758 1028 3848 saepius
1065 3758 1242 3849 ingerant,
1272 3766 1307 3829 et
1342 3758 1534 3839 inculcent,
1575 3763 1676 3846 atque
1695 3753 1738 3824 ab

146 3887 296 3977 ignaris,
313 3882 366 3954 rel
393 3883 573 3953 incuriosis
586 3881 782 3963 lectoribus,
800 3879 865 3951 hoc
886 3889 937 3953 est
963 3881 1085 3972 majori
1120 3901 1241 3952 eorum
1259 3890 1376 3972 parte,
1412 3879 1535 3971 quibus
1560 3875 1737 3948 consulere

148 4016 294 4099 oportet,
321 4004 505 4097 desperatae
529 4024 568 4075 ac
599 4002 739 4096 perditae
759 4023 867 4074 causae
896 4002 1061 4076 confessio
1091 4005 1262 4075 silentium
1294 4002 1413 4074 haberi
1440 4001 1544 4086 solet3
1575 3998 1737 4068 cessimus

149 4132 336 4202 amicorum
356 4125 509 4209 consilio,
540 4135 573 4197 et
594 4126 777 4198 hortationi
804 4126 979 4207 hacteuus,
1002 4134 1040 4195 ut
1066 4135 1100 4197 et
1125 4127 1283 4210 breviter,
1310 4134 1344 4197 et
1366 4124 1408 4195 ad
1429 4144 1469 4195 ea
1499 4124 1608 4195 solum
1628 4120 1738 4210 capita
1794 4185 1802 4198 ,

148 4253 294 4345 glorioso
327 4249 374 4319 illi
412 4247 718 4339 responderemus,
754 4268 829 4339 quae
866 4246 909 4318 ad
943 4266 1004 4319 nos
1031 4248 1199 4341 precipue
1233 4249 1419 4341 pertinent;
1455 4266 1529 4338 quae
1566 4252 1678 4315 autem
1701 4242 1736 4311 in

149 4374 333 4447 Ricardum
371 4371 567 4454 doctorem,
604 4390 705 4463 quem
744 4370 778 4440 in
820 4369 939 4442 eadem
975 4370 1211 4444 lucubratione
1254 4380 1304 4443 est
1348 4387 1542 4461 aggressus,
1581 4365 1735 4457 privatim

149 4496 367 4578 conveniunt,
390 4515 430 4566 ea
448 4493 753 4585 pretermitterem
783 4502 818 4564 et
840 4492 887 4563 illi
907 4492 1036 4584 integra
1054 4512 1273 4577 reservarem,
1300 4511 1368 4584 quo
1387 4489 1508 4562 melior
1527 4508 1600 4562 θεεθ
1626 4507 1735 4560 causae

149 4638 213 4690 snae
227 4628 394 4708 patronus
414 4636 515 4687 nomo
529 4624 649 4706 potest.

195 4740 306 4831 lgitur
327 4758 402 4829 quae
420 4738 455 4807 in
474 4737 643 4810 Vincentii
667 4739 845 4823 Therioca,
881 4748 1046 4831 quatenus
1075 4738 1117 4809 ad
1151 4758 1206 4809 me
1237 4745 1386 4830 spectat,
1420 4735 1662 4820 animadverti,
1695 4754 1735 4806 ea

150 4871 313 4955 qnantum
328 4868 460 4951 potero,
483 4861 517 4930 in
532 4861 734 4952 paucissima
748 4861 957 4946 contraham,
980 4863 1052 4934 sine
1070 4861 1138 4932 ullo
1159 4870 1321 4952 apparatu
1344 4862 1522 4943 sermonis,
1539 4867 1573 4930 et
1590 4867 1730 4943 ornatu;

151 5005 191 5057 ue
209 4985 276 5055 hcc
294 4981 379 5053 mihi
401 4981 586 5053 iracundus
604 4982 706 5054 homo
725 4993 923 5070 succenseat
936 4984 1026 5076 quod
1050 4983 1093 5055 de
1112 4984 1218 5076 priori
1240 4983 1350 5073 Opere
1369 4994 1484 5056 nostro
1508 4980 1734 5055 stomachatus

153 5118 211 5192 est,
233 5106 378 5177 nimium
396 5124 452 5175 me
465 5104 500 5175 in
520 5105 701 5177 scribendo
721 5106 907 5197 elegantem
929 5106 1045 5178 Latine
1059 5106 1173 5180 luisse.

196 5227 264 5299 Sed
296 5226 536 5317 percommode
563 5248 644 5299 sane
673 5228 808 5311 accidit,
834 5237 871 5298 ut
894 5229 928 5299 in
949 5230 1048 5299 istam
1068 5229 1254 5315 latinitatis,
1273 5240 1306 5303 et
1325 5230 1495 5320 elegantiae
1527 5228 1733 5298 mentionem

153 5359 393 5421 sermonoster
411 5348 610 5421 incurreret.
639 5349 726 5421 Hinc
760 5351 850 5421 enim
875 5360 911 5421 ut
929 5351 1096 5425 Vincentii
1124 5353 1329 5433 criminatio,
1360 5352 1408 5423 sic
1440 5350 1540 5439 hujus
1560 5348 1733 5439 castigatio

155 5482 265 5543 nostra
283 5468 456 5562 procedet.
