4078 6162
293 316 352 379 396
793 310 1129 378 THEOLOGICORUM
1149 312 1372 378 beautron

296 501 369 544 «ex
395 482 516 545 duabus
542 487 614 545 anta
633 482 809 545 unitionem
836 482 1056 544 oonstitissezr
1109 481 1144 543 in
1159 481 1284 562 quibus,
1299 487 1331 544 et
1343 499 1414 562 quo
1428 487 1485 558 est,
1500 485 1691 543 servantemr
1704 479 1745 542 do
1755 476 1871 542 duabus

292 576 380 656 quasi
396 575 468 636 duae
488 580 654 655 antequam
671 576 807 638 invicem
827 576 1057 655 oopularentur,
1109 577 1230 636 naturis
1241 575 1355 654 dogma
1367 576 1449 637 istud
1463 572 1871 655 sapientiasims,aoeuratis·

292 668 487 729 exstitissent.
514 668 605 733 Quod
626 686 691 729 non
713 667 787 729 satis
809 668 1060 729 animadversum
1109 667 1454 748 simaquesanoienst»

292 777 356 821 esse
368 756 1059 840 abConstantinopolitanioonuiliiPatribus,
1148 762 1302 823 Maximus
1320 766 1440 840 martyr
1459 760 1494 820 in
1513 760 1663 840 optuoulo
1683 760 1822 838 quodm
1840 758 1872 821 de

258 863 270 874 ·
291 851 419 930 ejusque
446 851 576 930 preside
591 852 748 924 llauano,
764 853 904 931 queritur
916 851 979 911 Leo
993 851 1059 910 Ro-
1109 851 1226 913 vocibus
1237 852 1269 912 in
1281 852 1419 915 Ecclesia
1427 850 1572 913 euulsa
1581 851 1780 931 συνασοφεῖν,
1796 870 1872 912 non·

292 959 404 1002 manns
429 944 586 1022 pontifex,
616 950 647 1004 et
676 944 776 1005 serius
810 942 1061 1023 persequendum
1107 944 1184 1005 dum
1198 944 1300 1005 adito:
1321 966 1334 1001 ν
1356 945 1426 1005 Non
1447 960 1613 1019 oessamus,
1635 942 1751 1022 inquit,
1775 942 1873 1005 eonti-

291 1035 383 1096 fuisse
392 1035 506 1097 scribit.
521 1038 664 1097 Testatur
677 1036 737 1098 hoe
746 1038 850 1115 ipsum
865 1035 1060 1115 Ephraemius
1107 1043 1208 1099 tentes
1224 1038 1381 1099 Christum
1393 1055 1432 1099 ex
1445 1037 1567 1097 duabus
1576 1036 1697 1096 naturis
1707 1056 1715 1111 ;
1725 1041 1874 1117 tanquam

292 1128 504 1189 Antiochenus
521 1127 701 1190 Patriareha
722 1130 806 1209 apud
826 1126 1005 1191 Photium¹.
1021 1128 1060 1188 Et
1109 1148 1147 1192 ex
1161 1130 1342 1200 diunitate,
1357 1135 1388 1191 et
1399 1129 1607 1204 humanitate,
1620 1127 1669 1189 uti
1679 1127 1801 1190 dietum
1813 1138 1870 1193 est:

291 1219 437 1299 Eulogius
448 1221 676 1282 Alexandrinus
687 1222 794 1282 asserit
806 1222 914 1282 eadem
921 1221 959 1281 de
969 1238 1061 1281 eausa
1109 1230 1140 1283 et
1153 1223 1187 1283 in
1201 1223 1321 1283 duabus
1335 1222 1470 1298 naturis;
1486 1227 1636 1299 tanquam
1653 1219 1688 1282 in
1700 1220 1871 1297 divisum,

290 1311 474 1374 damnatum
506 1331 570 1375 asse
602 1315 781 1375 Diosoornm
815 1313 1060 1374 Alexandrinum
1109 1318 1141 1376 et
1149 1315 1353 1383 humanitate,
1369 1318 1402 1376 et
1414 1313 1492 1374 duas
1503 1319 1640 1384 nonnas,
1656 1317 1765 1391 utpote
1774 1314 1874 1376 Deum

290 1404 398 1466 itidem
405 1403 1057 1483 PatrisrehaminChaleodonensisynodo³,
1108 1406 1203 1469 simul
1216 1405 1373 1482 eumdem,
1389 1412 1420 1466 et
1430 1406 1591 1468 hominem
1604 1404 1780 1466 eredentes:
1799 1424 1874 1485 quo·

290 1497 374 1576 quod
388 1514 426 1557 ex
440 1498 562 1559 duabus
579 1497 699 1559 nunriis
714 1497 863 1558 fateretur
879 1514 944 1557 esse
957 1497 1059 1557 Chris-
1108 1499 1195 1560 niam
1215 1516 1282 1559 non
1296 1498 1397 1559 solum
1410 1516 1450 1559 ex
1468 1496 1533 1559 istis
1547 1503 1605 1573 est,
1618 1497 1672 1559 sed
1688 1496 1784 1558 etiam
1796 1497 1872 1560 ista:

290 1591 371 1662 tum,
386 1590 492 1648 nonin
503 1588 633 1650 duabus.
646 1589 762 1663 Quibus
776 1588 969 1671 subscribens
977 1589 1060 1666 Vigi-
1108 1609 1166 1653 nee
1180 1591 1239 1652 ista
1252 1592 1354 1652 solum
1369 1598 1426 1665 ast,
1443 1590 1496 1652 sed
1507 1589 1620 1651 inistis
1632 1607 1775 1670 quoque:
1792 1591 1877 1654 velut

289 1678 386 1752 liust,
421 1687 589 1760 antequam
626 1683 805 1742 Romanum
845 1679 1060 1760 pontificatum
1108 1696 1148 1742 ex
1167 1679 1306 1758 partibus
1325 1685 1439 1752 totum,
1462 1683 1493 1741 et
1506 1684 1605 1740 totum
1626 1679 1832 1759 inpartibus;
1847 1688 1877 1743 et

290 1772 419 1851 adeptus
433 1778 522 1849 esset,
547 1774 630 1853 apud
652 1773 833 1835 Liberatum
850 1773 894 1833 ita
906 1772 1060 1851 protessus
1107 1789 1164 1851 per
1180 1777 1282 1850 partes
1293 1777 1396 1833 totum
1411 1776 1640 1850 agnoscentes.
1657 1790 1673 1829 ο

290 1870 361 1926 est:
391 1886 407 1924 υ
431 1867 501 1926 Non
524 1865 601 1926 duas
625 1866 782 1927 Christum
808 1870 936 1925 naturas
962 1865 1059 1926 eonfi-
1146 1864 1283 1924 loannes
1309 1865 1385 1925 item
1418 1864 1629 1925 Damascenus
1662 1863 1696 1923 in
1728 1862 1812 1925 libro
1843 1864 1878 1927 de

289 1961 403 2031 remur,
428 1958 481 2018 sed
505 1975 544 2019 ex
569 1958 689 2019 duabus
712 1957 833 2017 naturis
855 1957 1060 2036 compositum
1107 1954 1219 2016 duabus
1241 1954 1439 2018 uoluntatibus
1452 1957 1564 2036 probat
1577 1974 1616 2017 ex
1630 1955 1771 2031 duabus,
1796 1963 1828 2018 et
1844 1957 1878 2019 in

289 2067 389 2109 unum
403 2050 527 2127 Filium,
542 2068 643 2112 unum
656 2050 825 2123 Christum,
840 2067 940 2111 unum
954 2049 1059 2111 Domi-
1108 2043 1230 2105 duabus
1238 2045 1433 2107 essenaturis
1444 2046 1591 2107 eumdem
1605 2043 1774 2106 Dominum
1786 2047 1878 2108 Chri·

287 2158 407 2203 num.»
1107 2142 1207 2198 sturm
1228 2143 1264 2198 ut
1286 2143 1318 2199 et
1339 2137 1499 2199 'lhalosius
1512 2138 1684 2200 monachus
1706 2155 1743 2198 ae
1763 2140 1878 2219 [νοσοίη]

328 2233 483 2294 Nimirum
499 2233 530 2292 iu
547 2231 659 2295 duobus
675 2232 793 2293 notares
805 2249 871 2293 essa
884 2232 1054 2295 Christum.
1109 2226 1237 2290 Graeest

288 2324 1058 2406 proptereanegaresedioobantEutyehisalumni,
1147 2322 1203 2382 IV.
1219 2322 1282 2382 Neo
1294 2320 1400 2381 minus
1412 2319 1629 2380 LatiniPatres
1638 2320 1721 2382 idam
1730 2320 1879 2402 loquendi

287 2417 372 2496 quod
390 2418 447 2477 heo
465 2417 622 2478 locutione
634 2424 742 2477 meatur
761 2416 792 2476 in
806 2417 897 2477 duos:
914 2423 950 2477 ut
963 2417 1060 2478 refert
1106 2430 1206 2493 genus
1232 2411 1481 2492 frequentarunt.
1510 2410 1647 2473 Celusius
1680 2414 1764 2493 Papa
1795 2414 1877 2476 libro

287 2508 428 2571 Rusticus
445 2509 641 2570 Diaconusin
654 2509 733 2569 libro
750 2507 1058 2589 contraAceptabrt·
1107 2504 1243 2566 odom
1266 2503 1445 2585 Eutyctem,
1473 2511 1499 2563 et
1514 2500 1687 2565 Nestorium
1695 2503 1719 2577 ⁸,
1741 2506 1792 2583 ait,
1812 2507 1877 2568 «in

287 2606 439 2681 tanquam
447 2601 655 2662 hoedividere
669 2601 753 2660 sitin
767 2600 945 2677 duosfilios,
965 2606 1058 2678 atque
1107 2597 1246 2675 utrisque
1259 2596 1389 2671 naturis,
1412 2614 1451 2657 ex
1476 2594 1599 2673 quibus,
1624 2595 1677 2662 vel
1704 2596 1740 2656 in
1762 2597 1877 2677 quibus

287 2693 434 2770 Christos,
456 2693 482 2753 si
507 2694 542 2753 in
569 2693 690 2753 duabus
716 2692 835 2753 naturis
850 2692 971 2753 dicatur
992 2710 1058 2754 esse
1107 2694 1288 2768 conceptus,
1301 2689 1410 2764 editis,
1425 2687 1573 2762 nutritus,
1588 2692 1619 2746 et
1629 2689 1879 2752 conversatusin

288 2784 438 2847 Christus.
455 2784 602 2845 Unitione
629 2785 734 2862 itaque
758 2801 856 2844 unam
879 2801 916 2844 es
938 2784 1059 2844 duabus
1106 2782 1225 2843 mundo
1233 2785 1289 2856 est,
1301 2787 1332 2841 et
1345 2781 1481 2841 elevatus
1491 2779 1531 2839 ad
1539 2778 1663 2852 ooelnm,
1673 2797 1774 2841 unum
1783 2788 1880 2861 atque

287 2874 366 2938 efflei
385 2884 531 2939 naturam
550 2876 746 2951 asserebant3
771 2880 803 2935 at
821 2875 856 2935 in
868 2875 949 2936 hano
972 2875 1059 2938 illam
1107 2872 1251 2933 eumdem
1259 2870 1675 2933 manereDominumJesum
1684 2872 1876 2951 Christum

287 2968 439 3045 desinere,
454 2975 605 3048 tanquam
615 2968 650 3028 in
664 2967 809 3028 effaetum
822 2967 995 3046 proprium.
1106 2969 1165 3026 eto.
1176 2962 1295 3039 Tum⁹3
1315 2983 1327 3021 υ
1341 2964 1452 3026 iisdem
1462 2963 1584 3024 naturis
1596 2964 1746 3025 veraciter
1756 2982 1881 3043 perma-

135 3083 241 3130 cernua
328 3061 384 3120 lll.
407 3060 554 3121 Catholici
564 3076 639 3120 vero
653 3059 916 3120 econtrariotum
929 3058 1059 3121 eadua-
1106 3055 1264 3132 uentibus,
1276 3055 1449 3135 exquibus,
1463 3054 1773 3135 velinquibusnnus
1783 3062 1881 3137 atque

115 3138 261 3235 ‘⁰ffi,¹¹},{¹g⁸·
287 3150 361 3224 bus,
378 3155 447 3211 tum
468 3149 503 3211 in
526 3150 647 3211 duabus
670 3150 789 3211 naturis
814 3168 879 3213 esse
900 3151 1058 3212 Christum
1105 3146 1188 3209 idem
1201 3165 1293 3209 verus
1307 3147 1403 3208 homo
1422 3147 1512 3215 Deus,
1535 3146 1662 3208 etlleus
1674 3147 1771 3209 homo
1784 3166 1881 3211 verus

114 3242 261 3341 „2¹¹”er
286 3241 431 3303 aiebant:
447 3242 1058 3322 ethoodiserteChaloedonensemsyno·
1106 3238 1256 3313 existit»
1281 3244 1338 3301 eto.
1361 3239 1529 3317 Gregorius
1542 3238 1618 3299 item
1631 3238 1755 3319 papa¹⁰,
1784 3243 1881 3304 «Ma-

134 3350 247 3394 chaeram
286 3334 362 3395 dum
376 3335 523 3395 adversus
536 3333 685 3414 Eutychis
695 3334 842 3395 haeresim
856 3334 1053 3414 praedicasse:
1106 3348 1194 3405 nens,
1211 3331 1324 3411 inquit,
1339 3349 1422 3392 υωυο
1438 3334 1637 3409 exutraque,
1653 3340 1686 3392 et
1699 3331 1730 3391 in
1744 3337 1881 3413 utraque

115 3403 253 3501 pmfflw‘
285 3433 321 3487 ut
334 3427 415 3487 inter
436 3427 512 3488 ahos
531 3426 728 3505 Ephrsemius
747 3426 964 3488 Antiochenus
976 3425 1058 3486 affir-
1104 3428 1228 3499 natura,
1241 3440 1300 3483 nee
1310 3427 1494 3484 naturarum
1508 3422 1704 3502 copulatione
1717 3424 1879 3496 uoniusrrs,

284 3522 351 3577 mat
363 3519 448 3596 apud
461 3515 640 3594 Photium⁸,
655 3523 686 3578 et
700 3535 738 3578 ex
752 3518 895 3597 synodali
908 3517 981 3579 fidei
1002 3518 1056 3579 ds·
1105 3532 1163 3575 nee
1192 3520 1378 3576 naturarum
1414 3514 1610 3576 distinetione
1642 3515 1832 3594 geminatus.
1859 3538 1877 3576 s

284 3614 369 3671 ereto
383 3609 467 3669 illius
480 3609 632 3689 approbat
643 3610 676 3670 in
690 3627 753 3689 quo
771 3630 783 3666 ο
799 3609 957 3672 Christum
970 3627 1057 3671 eum-
1104 3605 1226 3685 Agatho
1236 3607 1362 3686 Papain
1375 3604 1504 3686 epistola
1518 3604 1559 3668 ad
1570 3604 1778 3668 Constantium
1788 3610 1882 3690 impe·

283 3701 356 3762 dem
370 3701 540 3781 perfeetum
556 3703 590 3762 in
604 3701 779 3778 divinitate,
794 3708 826 3763 et
836 3702 1007 3782 perfeetum
1020 3703 1055 3764 in
1105 3706 1234 3760 retorem
1246 3695 1282 3774 ¹¹,
1302 3698 1404 3759 «duas
1416 3703 1545 3758 naturas
1557 3698 1726 3777 praedicare
1738 3715 1775 3761 se
1787 3700 1878 3777 dieit,

283 3793 489 3869 humanitate,
505 3811 617 3854 verum
630 3795 748 3869 Deum,
768 3811 805 3854 ao
823 3811 934 3854 verum
952 3795 1055 3856 homi·
1105 3808 1143 3851 ex
1169 3789 1282 3868 quibus
1305 3795 1337 3851 et
1357 3790 1391 3851 in
1409 3789 1522 3869 quibus
1545 3788 1640 3851 etiam
1654 3796 1726 3870 post
1738 3792 1880 3855 admira·

282 3899 356 3943 nem
384 3892 467 3944 essua
492 3904 508 3941 υ
534 3883 651 3942 statuat.
675 3881 863 3961 Hujusmodi
889 3882 1056 3945 formulam
1104 3882 1210 3957 bilem,
1225 3885 1320 3961 atque
1344 3880 1584 3959 inseparabilem
1605 3883 1781 3945 unitionem
1805 3884 1881 3945 sub-

282 3972 432 4052 loquendi
452 3973 491 4035 ab
518 3973 667 4052 Gregorio
689 3975 882 4034 Nazianzeno
908 3975 1057 4036 traditam
1104 3973 1192 4035 sistit.
1213 3994 1229 4032 ο
1248 3973 1301 4035 Sio
1327 3973 1478 4035 Martinus
1501 3974 1514 4034 l
1538 3973 1768 4053 inepistolaud
1781 3973 1879 4039 Com-

282 4065 422 4144 theologi
436 4066 580 4146 deineeps
591 4066 626 4137 in
635 4082 727 4126 usum
741 4072 953 4146 susceperunt.
967 4066 1057 4129 Nice·
1105 4064 1260 4126 tantem¹².

283 4154 400 4233 phoras
411 4152 446 4214 in
459 4154 590 4214 historia
602 4161 704 4214 contro
718 4152 939 4235 Moeopdysitos
950 4155 1055 4234 dispu·
1129 4156 1303 4217 Ferrandus
1310 4156 1507 4218 Diaeonusin
1515 4155 1645 4236 epistola
1650 4155 1880 4239 udSeumm¹⁸,

283 4250 371 4307 tans:
396 4247 592 4327 «propterea
609 4262 742 4323 magnus
755 4246 789 4306 in
802 4247 959 4326 theologia
978 4248 1054 4309 Cre·
1108 4268 1123 4307 υ
1138 4247 1172 4308 Si
1186 4248 1255 4327 quis
1265 4248 1400 4325 iterum,
1415 4249 1476 4321 ait,
1488 4265 1586 4309 uuam
1598 4249 1709 4310 Christi
1723 4249 1797 4311 dieit
1810 4268 1881 4313 esse

281 4337 398 4418 gorius,
415 4338 527 4418 iuquit,
544 4337 684 4416 loquitur
697 4338 758 4399 sie:
774 4339 818 4400 Es
832 4358 871 4400 ex
884 4338 1008 4419 utribus,
1023 4345 1055 4400 et
1103 4345 1261 4415 naturam,
1278 4345 1309 4401 et
1329 4340 1474 4419 quamvis
1486 4357 1561 4402 eum
1575 4358 1614 4402 ex
1627 4340 1748 4403 duobus
1760 4360 1880 4422 negare

318 4540 339 4581 a
359 4525 437 4581 Chal.
455 4541 519 4597 syn.
534 4532 592 4582 act.
609 4541 636 4581 ν.
661 4523 797 4598 Ἐπόμενοι
812 4525 894 4579 τοίνυν
909 4528 963 4589 τοῖς
976 4525 1054 4598 ἁγίοις
1103 4531 1178 4582 τοῦτο
1205 4528 1359 4599 δογματίζων
1389 4528 1522 4599 σοφώτατα
1555 4546 1592 4593 τι,
1630 4528 1672 4582 καὶ
1702 4527 1877 4601 dentiam

280 4609 410 4680 πατράσιν,
426 4609 469 4663 ἕνα
481 4610 523 4662 καλ
537 4609 579 4664 τον
597 4608 669 4663 αὐτὸν
693 4609 827 4681 ὁμολογεῖν
841 4607 894 4662 υἱὸν
907 4608 949 4662 τὸν
971 4609 1052 4680 αὔριον
1139 4625 1154 4666 e
1171 4611 1276 4668 llllxm.
1296 4609 1331 4663 Ol
1343 4611 1470 4682 παυόμεθα
1483 4611 1661 4682 ὁμολογοῦντες
1674 4611 1716 4666 τὸν
1730 4612 1835 4683 Χριστὸν
1851 4613 1880 4669 hs

281 4691 353 4763 ἡμῶν
370 4685 469 4758 Ἰησοῦν
483 4692 587 4764 Χριστὸν
606 4692 742 4763 συμφώνως
756 4692 860 4754 ἅπαντες
870 4690 1051 4765 ἔκδιδάσκομεν,
1102 4693 1146 4746 tto
1160 4693 1265 4764 φύσεων,
1280 4691 1350 4754 dreit
1363 4694 1476 4761 θεότητος
1487 4712 1514 4747 τε
1527 4695 1568 4746 καὶ
1585 4692 1781 4766 ἀνθρωπότητος,
1796 4697 1880 4762 καθὼς

281 4774 377 4828 τέλειον
392 4775 435 4828 τὸν
455 4773 528 4830 atsto
553 4772 577 4826 ἓν
595 4774 700 4843 θεότητι,
715 4777 756 4827 καλ
774 4775 867 4829 τέλειον
882 4775 924 4829 τὸν
939 4775 1013 4829 αὖτον
1028 4773 1053 4828 ἓν
1103 4774 1206 4848 sipara·
1222 4775 1263 4828 καὶ
1274 4773 1298 4828 ἒν
1313 4775 1357 4828 δύο
1365 4775 1473 4846 φύσεσιν,
1485 4774 1551 4837 dett
1565 4776 1661 4843 θεότητί
1674 4794 1711 4840 τι,
1725 4779 1766 4830 rud
1780 4777 1878 4851 ἂνθρω·

282 4855 468 4929 ἄνθρωπότητι,
492 4856 545 4910 θεὸν
560 4855 674 4926 ἀληθῶς,
697 4858 737 4910 καλ
758 4858 885 4931 ἄνθρωπον
900 4857 996 4928 ἀληθῶς
1009 4858 1052 4913 τὸν
1101 4859 1200 4927 νεότητι·
1215 4858 1415 4929 stultiloquium,
1435 4859 1469 4920 ὡς
1483 4857 1536 4911 θεόν
1550 4877 1577 4911 τε
1591 4858 1654 4930 ὁμοῦ
1669 4860 1711 4912 τὸν
1726 4858 1799 4915 αὐτὸν
1814 4861 1878 4916 ὄντα

283 4938 368 5003 αυτὸν,
383 4943 438 4996 ele.
1101 4940 1142 4993 ααλ
1157 4940 1283 5013 ἄνθρωπον
1294 4941 1457 5006 πιστεύοντες,
1472 4940 1511 4995 ὅτι
1523 4939 1556 5013 μὴ
1571 4938 1699 4996 lambros
1709 4944 1797 5015 μόνον,
1808 4943 1879 4998 ἄλλα

319 5022 469 5081 lecuru.
486 5020 535 5078 lib.
556 5021 653 5088 xviri,
678 5037 738 5094 cap.
767 5036 841 5079 λινε.
861 5024 908 5077 Διά
921 5043 960 5078 τοι
978 5017 1053 5079 τοῖντο
1101 5023 1142 5077 καὶ
1156 5028 1240 5100 ταῦτα·
1257 5023 1312 5077 otte
1323 5029 1402 5079 ταῦτα
1415 5025 1500 5096 μόνον,
1515 5022 1629 5078 ἀλλὰκαὶ
1644 5022 1669 5077 ἓν
1683 5025 1878 5093 τούτοις,ὧςὲι

280 5104 323 5158 καὶ
336 5105 350 5159 δ
365 5103 474 5178 μέγαςέν
498 5104 766 5177 θεολογίᾳΓρηγοριος,
792 5109 825 5160 τὰ
839 5103 863 5166 ἔξ
888 5101 934 5170 ὧν,
961 5106 1003 5159 ταὶ
1026 5104 1052 5159 ἐν
1103 5111 1184 5180 μερῶν
1195 5107 1266 5173 ὅλον,
1276 5108 1317 5160 ml
1327 5104 1352 5161 ir
1362 5108 1455 5180 μέρεσι,
1472 5108 1514 5161 καὶ
1527 5107 1631 5163 &driu
1647 5111 1727 5181 μερῶν
1739 5108 1799 5164 ὅλον
1813 5110 1877 5165 ὄντα

281 5181 331 5253 οἶς,
358 5188 400 5243 καὶ
413 5189 484 5261 ἅπερ,
509 5187 578 5260 φησὶ,
602 5189 723 5253 σώζοντα,
745 5190 801 5260 περὶ
827 5193 878 5243 τῶν
901 5188 945 5242 δύο
958 5188 1052 5260 φύσεων
1101 5191 1271 5262 γινώσκοντος.

307 5349 320 5395 t
335 5349 414 5407 Pereg-
428 5349 498 5394 ὁμο
511 5348 671 5394 coam-8
683 5348 735 5406 Cot.
747 5348 848 5394 teu-t
861 5349 910 5395 bib.
919 5349 1047 5397 emt-t
1059 5350 1119 5396 Tum.
1132 5350 1160 5397 tv
1173 5352 1297 5399 auteur.
1313 5351 1427 5399 solimet
1435 5350 1476 5395 822
1487 5350 1573 5398 ride-
1583 5351 1598 5398 C
1610 5351 1675 5410 Apud
1683 5351 1875 5400 Μαυσωλ-

281 5412 294 5456 'l
309 5411 361 5457 ileo.
376 5423 404 5459 ιι.
418 5412 482 5466 neb,
495 5419 511 5456 t.
526 5411 577 5456 lllll
588 5411 645 5457 sur.
657 5411 768 5457 Pata-8
780 5411 844 5457 Tam.
855 5412 883 5457 tv
893 5412 950 5460 sut.
961 5415 1005 5462 eol.
1013 5413 1107 5460 tlh-t
1120 5413 1152 5460 lb.
1160 5414 1451 5465 rau-mtuxvtssuor.
1463 5426 1485 5464 ο.
1496 5426 1591 5461 mrs-
1601 5416 1627 5461 tt
1642 5417 1668 5461 ln
1676 5417 1875 5473 Sarrastras-

282 5472 310 5517 12
323 5474 386 5517 liert.
397 5484 433 5533 ep.
441 5485 477 5525 νει,
491 5481 508 5518 t.
521 5473 549 5519 tv
560 5472 691 5520 conopia
700 5473 760 5520 Tum.
773 5473 804 5520 ΙΙΙ
814 5474 872 5520 aur.
