4078 6162
328 231 387 294 ³98
853 229 1178 297 ruuotofflooautt
1198 231 1414 297 DOGMATUM

367 394 437 455 VII.
453 393 661 467 Quamobrem
683 400 720 454 ut
736 404 815 456 esset
832 393 936 473 plena,
954 400 986 456 et
1005 394 1097 457 abso·
1147 395 1340 459 substantive
1352 400 1419 471 ast,
1435 393 1822 475 intersepimentum
1832 397 1884 461 ulls
1985 390 1986 481 J

328 487 394 547 luta
407 485 545 548 vertutis
560 486 719 568 professio,
735 506 771 548 ae
793 505 833 548 ne
847 486 995 568 Eutychis
1015 487 1099 549 insa·
1147 488 1312 551 medietate
1326 488 1498 569 participat.
1514 509 1531 546 n
1985 490 1986 571 l

328 577 390 639 niae
404 578 512 640 affines
531 578 721 640 haberentur
738 579 892 656 catholici,
917 580 1097 640 addendum
1188 580 1323 660 cyrillus
1342 581 1376 641 in
1399 580 1459 643 vita
1484 598 1566 643 οαιοο.
1587 578 1746 661 Euthymii
1757 579 1781 657 ',
1798 581 1885 643 suihit
1985 584 1986 653 l

329 660 464 731 alterum
486 671 716 749 existimarunt,
742 693 757 729 ιι
777 672 812 732 in
832 671 953 732 duabus
977 672 1099 732 naturis
1147 672 1251 751 ipsum
1264 671 1884 752 proChaloedonensisynodoeontraTheo
1985 696 1986 731 ι

329 771 400 845 post
413 763 586 825 unitionem
601 782 667 826 esse
682 763 850 838 Christum,
868 784 884 821 a
901 782 971 844 ηοω
984 764 1098 825 loeutio
1149 765 1273 825 dasium
1293 765 1599 844 pseudomonachum
1614 763 1724 825 aeriter
1747 764 1884 826 dorerbn
1985 754 1986 813 i

331 852 492 933 signifieat,
507 855 655 936 integras,
668 863 699 919 et
712 856 778 918 sine
795 854 984 931 confusione,
1008 855 1099 916 salvis
1148 862 1223 931 tem,
1244 857 1326 918 inter
1351 856 1412 919 alia
1438 856 1586 931 doomsse,
1608 852 1686 917 illud
1713 856 1885 920 sinduabus
1985 924 1986 927 ,

328 946 579 1026 proprietatibus,
595 946 1098 1024 ineolumesmaneresubstantias
1148 949 1278 1020 naturis,
1296 955 1378 1011 reeta
1398 949 1541 1011 additum
1567 965 1667 1010 esses
1690 948 1802 1027 synodo
1813 969 1821 1023 ι
1833 966 1885 1010 nou

329 1037 406 1099 duas
425 1058 433 1100 :
449 1045 485 1101 ut
498 1039 642 1102 observat
655 1041 836 1102 Theodorus
852 1041 1013 1120 presbyter
1027 1040 1098 1101 Rai-
1148 1045 1299 1120 tanquam
1321 1059 1475 1115 seorsum,
1506 1046 1537 1102 et
1561 1058 1618 1120 per
1630 1045 1732 1120 partes
1756 1039 1887 1103 mum
1985 1036 1986 1109 ι

329 1130 479 1195 thuensis.
500 1134 615 1209 «Hae,
631 1132 1008 1213 inquit,definitioeperte
1022 1150 1100 1212 praa-
1148 1133 1324 1197 dividente:
1347 1134 1398 1199 sed
1430 1134 1574 1194 eumdem
1605 1133 1639 1193 in
1674 1134 1886 1211 ahoqueooni

332 1212 425 1300 dieat,
441 1225 593 1300 stabilem,
608 1231 640 1286 et
647 1225 838 1286 immobilem
852 1229 970 1285 naturae
985 1224 1099 1285 utrius·
1149 1230 1244 1301 tente,
1259 1232 1290 1287 et
1301 1231 1467 1304 utrumque
1479 1225 1642 1287 ineodem.
1658 1243 1674 1281 ν

330 1332 391 1394 que
406 1333 534 1378 manere
550 1317 770 1396 proprietatem
790 1315 884 1375 etiam
905 1315 940 1375 in
959 1316 1100 1376 unitione
1189 1318 1510 1394 vulteranensis,
1524 1314 1887 1395 utillamqualemeumque
1914 1316 1979 1413 ἐξ·

330 1408 418 1487 ipsa:
446 1409 523 1470 adeo
545 1414 582 1469 ut
601 1408 689 1469 facile
710 1408 908 1487 dignoscatur
925 1407 1000 1486 quid
1032 1425 1102 1486 pro-
1150 1406 1888 1484 Nestorianaelabisinvidiamabstergereutratbo
1905 1423 1951 1466 ιοο

330 1501 437 1580 pnum
451 1501 603 1581 cujusque
617 1502 780 1563 siteorum
789 1518 860 1580 quae
877 1505 1101 1575 convenerunt,
1149 1501 1201 1565 lioi
1214 1502 1361 1579 theologi,
1387 1502 1539 1564 nonnulla
1561 1500 1888 1580 iusuperadutrernque
1935 1484 1972 1519 Μ

330 1600 362 1654 et
376 1594 451 1673 quid
473 1594 637 1673 proprium
661 1593 721 1654 sibi
739 1593 947 1656 communiori
968 1592 1104 1655 alterum
1149 1594 1316 1657 formulam
1352 1594 1542 1673 adjeeerunt.
1570 1593 1633 1654 Alii
1662 1609 1726 1653 non
1750 1590 1840 1653 solum
1859 1607 1889 1653 aa

329 1684 430 1759 alteri,
446 1704 482 1746 ao
496 1685 632 1747 vicissim
646 1685 774 1766 accipiat
784 1683 823 1744 ab
835 1702 872 1745 eo
884 1702 1019 1764 quorum
1032 1683 1104 1745 sub-
1149 1684 1273 1764 duatus,
1287 1691 1319 1747 et
1332 1686 1365 1746 ιἰι
1378 1685 1491 1750 duobus
1503 1704 1569 1748 esee
1583 1685 1740 1760 dixeumt,
1752 1683 1803 1744 sed
1814 1683 1889 1743 etiam

330 1776 421 1851 sistit,
445 1781 477 1838 et
497 1777 764 1857 componiturr.»
1152 1777 1223 1863 dues
1238 1777 1306 1839 illas
1320 1797 1386 1855 esse,
1404 1778 1642 1842 utaultasimo
1661 1781 1732 1838 ante
1745 1770 1887 1837 meminit

371 1866 523 1930 Maximus
536 1876 656 1950 martyr
675 1870 708 1930 in
728 1860 889 1949 opuseulo,
908 1870 993 1949 quod
1006 1868 1103 1949 paulo
1153 1870 1213 1931 tui
1231 1877 1387 1933 «naturas
1401 1872 1477 1932 duas
1491 1870 1682 1933 substantiva
1700 1869 1797 1931 unius
1806 1866 1889 1928 noni·

1985 1622 1986 1657 l

1985 1668 1986 1707 l

1985 1730 1986 1759 l

1985 1772 1986 1815 ι

1985 1884 1986 1927 ι

331 1965 405 2047 ante
425 1960 632 2037 laudavimus,
656 1961 764 2023 asserit
792 1962 859 2022 istis
879 1961 1017 2037 vocibus,
1042 1961 1103 2023 rin
1153 1962 1270 2023 nabent
1286 1983 1293 2023 z
1309 1965 1414 2025 uthao
1428 1963 1602 2025 assessione
1620 1961 1825 2041 ὤηθθθθνθιθ
1836 1966 1889 2021 oui-
1985 1932 1986 2001 l

331 2052 451 2113 duabus
484 2053 614 2127 naturis,
638 2053 804 2128 declarari,
846 2053 1003 2114 Christum
1035 2056 1105 2133 post
1152 2072 1227 2115 nem
1239 2056 1398 2117 notionem
1408 2056 1609 2117 excluderent
1622 2063 1668 2131 ⁶,n
1683 2053 1726 2114 ait
1738 2052 1889 2115 Theodora

331 2145 523 2223 unitionem,
549 2146 588 2207 ab
614 2153 725 2207 nelina
750 2164 814 2208 esse
839 2151 951 2207 nebus
980 2145 1104 2224 sejunc-
1152 2147 1330 2227 Presbyter.
1347 2146 1573 2209 Aliiadrerhiis
1597 2147 1778 2226 quibusdam
1789 2144 1888 2220 additis,
1985 2168 1986 2239 y

331 2242 411 2305 tum,
441 2237 610 2317 exquibus
637 2238 858 2318 eomponitur:
894 2238 998 2298 sedin
1019 2238 1103 2316 ipsis,
1154 2238 1327 2301 unitionem
1354 2238 1441 2300 illam
1464 2239 1651 2300 eathoueam
1676 2238 1710 2299 iu
1735 2236 1890 2299 mutantium

1985 2506 1986 2541 l

1985 2638 1986 2673 l

1985 2676 1986 2711 l

1985 2716 1986 2751 l

1985 2808 1986 2837 l

1985 3012 1986 3059 t

305 2346 369 2390 ,ex
400 2329 513 2409 quibus
540 2335 611 2404 est,
664 2346 787 2409 semper
813 2346 894 2407 esse,
922 2335 1016 2408 atque
1051 2346 1105 2392 eo·
1154 2330 1398 2393 conformabant.
1412 2331 1532 2409 Agatho
1548 2327 1891 2412 Papaiusyuodioaepis

330 2420 439 2500 gnossi
449 2418 497 2480 ὓ.»
1154 2412 1219 2483 tola
1231 2421 1271 2484 ud
1283 2420 1508 2485 Constantinum
1522 2421 1722 2504 Pogonutum,
1735 2439 1796 2501 qua
1815 2417 1890 2479 estin

374 2513 481 2592 Neque
495 2530 570 2573 vero
593 2512 766 2593 perieulum
787 2529 865 2587 esse,
889 2530 929 2573 ne
953 2513 1023 2575 duee
1043 2510 1106 2573 ille
1156 2520 1242 2576 sexta
1255 2516 1385 2595 synodo,
1412 2516 1559 2591 «Unum,
1583 2515 1701 2594 inquit,
1716 2511 1890 2588 eumbmqua

333 2603 512 2665 substantiae
531 2609 601 2683 post
614 2604 788 2665 unitionem
810 2604 949 2681 divulsae,
972 2622 1105 2685 aasepa-
1155 2606 1323 2669 Dominum
1346 2612 1488 2669 nostrum
1506 2608 1617 2669 lesum
1638 2602 1891 2667 Chrisbrmlilium

333 2700 408 2756 rate
421 2696 596 2771 videantur,
621 2695 647 2756 si
668 2695 701 2756 in
721 2693 834 2756 duabus
856 2714 911 2756 esse
924 2695 1054 2769 dieatur,
1071 2701 1107 2761 ut
1155 2699 1214 2759 Dei
1226 2698 1425 2778 unigenitum
1439 2717 1477 2761 ex
1491 2698 1665 2775 duabus,et
1678 2699 1711 2759 in
1721 2691 1892 2759 duabussub

333 2784 495 2866 fingebant
515 2787 675 2867 Aoephsli,
700 2788 847 2848 admonet
869 2788 1018 2851 Rusticus
1040 2785 1105 2848 dia·
1155 2790 1274 2852 stantiis
1287 2786 1891 2865 ineoutuse,inoommutabiliter,indivise,

333 2899 441 2942 sonus.
466 2881 585 2962 Quippe
602 2899 685 2942 unus
712 2881 747 2940 in
769 2880 888 2940 duabus
906 2885 937 2940 et
950 2879 1034 2941 idem
1052 2886 1106 2943 aut
1155 2882 1401 2963 inseparabiliter
1413 2883 1579 2944 subsistere
1593 2876 1831 2965 adgnoscimusl.
1845 2876 1893 2936 ιΕΐ

332 2971 528 3052 intelligitur,
548 2977 603 3034 aut
622 2972 745 3034 dieitur.
773 2972 979 3045 «Quiautem
992 2972 1104 3033 dividi·
1154 2980 1227 3036 ante
1249 2975 1341 3051 hano,
1361 2977 1513 3037 Romana
1532 2975 1647 3037 itidem
1663 2974 1769 3055 synodi
1789 2969 1893 3033 alterius

335 3072 399 3141 tur,
414 3065 465 3127 vel
475 3065 620 3144 partitur,
636 3064 700 3125 sire
714 3068 1013 3143 separetur,nonest
1025 3082 1107 3125 unus
1155 3066 1212 3128 sub
1224 3068 1359 3128 Martino
1375 3067 1477 3147 primo
1490 3068 1608 3131 habitae
1625 3067 1771 3142 definitio,
1784 3063 1894 3125 «Unum
1985 3136 1986 3145 μ

334 3157 369 3218 in
383 3157 454 3229 illis,
472 3157 505 3216 in
519 3155 632 3235 quibus
646 3160 824 3234 separatur:
835 3174 899 3216 non
913 3156 998 3216 enim
1007 3162 1108 3235 potest
1155 3158 1362 3237 eumdemque
1375 3160 1512 3222 decernit
1525 3159 1686 3223 Christum
1697 3159 1802 3220 Filium
1812 3153 1894 3215 noui·

336 3266 419 3310 unus
448 3266 524 3324 esse,
554 3253 587 3309 et
614 3247 729 3307 divisus
741 3246 837 3323 esse¹;
865 3248 918 3309 sed
943 3253 1107 3328 postquam
1154 3268 1233 3312 num
1248 3251 1616 3331 unigenituminduabus
1626 3245 1893 3317 animabamur,

333 3340 713 3421 iuerataliquandouuus,
724 3340 791 3419 jam
802 3346 1107 3405 uunononestunus
1154 3341 1399 3420 immutabiliter,
1409 3344 1540 3406 indivise
1550 3343 1793 3426 inseparabiliter
1801 3354 1894 3419 θςθθθ·
1985 3372 1986 3401 ι

334 3439 500 3512 postquam
522 3439 679 3512 separatus
699 3437 754 3493 est.
771 3434 836 3494 Hou
859 3450 933 3512 ergo
954 3431 1107 3507 signifieat
1154 3433 1322 3495 sendum⁸.
1337 3436 1528 3497 »Antiochus
1542 3454 1668 3517 quoque
1685 3429 1894 3499 Mousobusho

334 3523 431 3605 impis
456 3525 575 3599 divisi0,
598 3525 648 3586 vel
671 3525 836 3604 separatio.
857 3525 898 3584 At
915 3542 989 3585 voro
1006 3542 1105 3585 unum
1155 3525 1242 3587 milia
1268 3543 1353 3589 cxxx.
1383 3529 1518 3590 «Unum
1546 3548 1582 3591 ao
1599 3529 1706 3591 solum
1723 3527 1827 3589 Filium
1844 3535 1895 3581 essu
1935 3588 1939 3595 ⁴
1985 3518 1986 3525 '

334 3617 542 3696 eumdemque
554 3617 587 3676 in
597 3616 752 3696 aliquibus
765 3634 842 3693 esse,
856 3615 916 3677 hoe
926 3617 1025 3695 magis
1037 3634 1107 3679 rnu-
1156 3618 1272 3687 scribit,
1289 3620 1322 3679 in
1336 3620 1457 3681 duabus
1470 3621 1602 3696 naturis,
1620 3615 1895 3694 inconfuseimmu·
1985 3628 1986 3655 ³

334 3709 408 3785 tius,
435 3715 466 3771 et
495 3709 633 3771 tenacius
655 3708 899 3788 inseparabiliter
924 3726 1025 3769 unum
1040 3726 1106 3795 esse
1155 3710 1301 3788 tabiliter,
1323 3712 1453 3774 indivise
1467 3713 1661 3792 cognitum
1680 3704 1896 3772 rConatantiuus
1985 3772 1986 3791 ,

334 3808 390 3864 est.
419 3800 480 3875 Qui
504 3803 589 3863 enim
618 3801 652 3861 in
683 3799 804 3861 duabus
825 3804 881 3875 est,
896 3806 929 3860 et
940 3800 1023 3861 idem
1037 3799 1102 3880 ipse
1151 3802 1227 3864 itam
1248 3804 1545 3885 Harmenopulusin
1556 3803 1635 3885 fidei
1651 3794 1855 3884 Coaseaioue⁵2
1872 3796 1897 3855 θῒ
1985 3806 1986 3869 3

334 3901 508 3973 permanet,
524 3913 589 3954 non
603 3893 705 3955 solum
718 3891 827 3972 partiri
844 3910 909 3952 non
923 3897 1034 3970 potest,
1050 3893 1105 3953 sed
1152 3894 1206 3954 alii
1226 3893 1385 3957 innumeri
1411 3896 1494 3975 :qui
1507 3913 1616 3958 omnes
1631 3893 1776 3977 loquendi
1788 3888 1896 3952 modum
1985 3952 1986 3959 ,

335 3992 366 4046 et
391 3985 548 4049 sufficiam
569 3984 625 4062 esi,
645 3990 681 4045 ut
693 3974 1103 4071 inseipsounitaoustodiat,
1151 3985 1247 4048 istum
1260 3987 1300 4047 ab
1316 3978 1895 4067 synodoGhaleedonensimutuatisuut,
1985 3996 1986 4011 ³

335 4077 371 4139 in
399 4077 512 4157 quibus
538 4077 710 4139 seeundum
740 4075 980 4152 subsistentiam,
1005 4076 1038 4137 id
1058 4082 1105 4138 est
1153 4084 1185 4140 et
1196 4097 1236 4141 ex
1249 4079 1356 4161 Cyrilli
1365 4081 1496 4163 epistola
1511 4096 1523 4141 1
1537 4078 1576 4143 ud
1587 4079 1758 4145 Successore
1771 4075 1793 4154 ⁶,
1805 4073 1851 4135 ubi
1863 4070 1899 4130 ⁸10

371 4318 392 4365 u
409 4306 515 4366 Taron-
531 4304 598 4364 lom.
616 4300 640 4362 lt
652 4304 717 4363 att.
735 4306 790 4362 ΡΡ.
803 4298 960 4378 Οὗτοςνὰρὸ
973 4298 1107 4378 epotaret
1191 4308 1206 4353 θ
1225 4300 1330 4356 Tenon.
1346 4298 1444 4356 Pansa.
1463 4304 1531 4356 tout.
1552 4300 1576 4356 ll
1592 4299 1670 4357 Btbt.
1695 4296 1770 4353 ’rua
1782 4293 1821 4350 ato
1832 4290 1898 4364 ptus<

336 4392 410 4464 ῥηδην
433 4393 480 4463 βοᾷ
497 4391 527 4445 ab
549 4391 646 4464 ἑδραίαν
673 4392 715 4444 καὶ
738 4390 912 4462 ἀνεκμοίτητον
940 4386 984 4457 τὴν
1006 4386 1108 4462 θατέροις
1156 4382 1281 4445 θΰθιωδῶς
1295 4382 1431 4455 ἡνωμένος,
1447 4382 1488 4437 διὰ
1508 4386 1553 4452 τῆς
1570 4381 1701 4457 ἐπαγωγῆς
1714 4381 1797 4449 ταύτης
1809 4368 1899 4431 M·
1985 4420 1986 4425 ,

335 4475 428 4545 φύσεως
442 4473 552 4543 ἰδιότητα
560 4471 604 4527 κᾶν
614 4477 645 4547 τῇ
656 4473 740 4527 {adon
753 4473 922 4548 μεμενηκέναι·
939 4470 1004 4525 ὥστε
1018 4468 1107 4543 ῥαδίως
1155 4466 1206 4520 λων
1220 4469 1301 4522 πᾶσαν
1315 4467 1460 4539 διαιρετικὴν
1474 4467 1578 4522 ἔννοιαν.

336 4557 505 4629 διαγινώσκειν
518 4548 643 4623 δύνασθαι,
658 4554 684 4610 τί
696 4554 760 4610 ἴδιον
780 4550 884 4610 ἑκάστου
905 4556 956 4611 τῶν
977 4553 1104 4608 συνελθόν·
1191 4548 1341 4606 ddotrao
1356 4548 1386 4607 in
1400 4558 1427 4607 'rt
1449 4567 1511 4621 syn.
1528 4552 1582 4608 act.
1603 4564 1643 4607 tt.
1662 4549 1731 4605 Ἕνα
1746 4542 1842 4617 δηλαδὴ,
1865 4535 1898 4591 ¹²¹
1985 4626 1986 4629 Ἴ

335 4656 396 4703 τιον,
412 4641 453 4693 καὶ
467 4640 491 4693 τί
509 4645 559 4694 τῶν
574 4638 669 4693 οἰκείων
685 4638 788 4694 ἕκαστον
810 4638 928 4708 ἀλληλοις
941 4639 1059 4711 παρέχον,
1075 4632 1107 4690 τὰ
1156 4634 1198 4687 τὸν
1214 4633 1287 4688 αὐτὸν
1306 4633 1387 4707 κύριον
1404 4634 1474 4706 ἡμῶν
1500 4634 1602 4703 Ἰησοῦν
1622 4634 1729 4708 Χριστὸν
1749 4631 1789 4685 τὸν
1801 4626 1848 4681 aibr
1863 4620 1900 4673 tvi

335 4722 402 4795 παρὰ
419 4726 463 4776 τοῦ
485 4728 677 4793 σννοφιστῶτος,
703 4722 745 4775 καὶ
766 4720 923 4795 ανγκειμένοο
952 4719 1105 4793 ἀντικομίζε-
1155 4716 1210 4770 teos
1225 4714 1268 4771 'rba
1283 4721 1403 4790 μονογενῆ
1416 4715 1504 4782 ἐκδύο,
1518 4715 1597 4770 καὶέν
1610 4714 1754 4775 monetae
1767 4703 1898 4781 dormitet,

336 4824 386 4860 ται.
1156 4799 1290 4873 ἀτρέπτως,
1302 4799 1451 4875 abripitur,
1467 4790 1898 4875 dyupimuebrrouttltarywrimtss·

265 4952 269 4960 ,
373 4884 513 4947 szxltt.
549 4885 596 4952 Ὧς
617 4884 736 4961 μηδεμιᾶς
761 4887 951 4961 κεχωρισμένων
972 4884 1036 4940 κατὰ
1061 4885 1104 4954 τὴν
1156 4882 1224 4941 Vide
1239 4890 1266 4941 et
1279 4894 1355 4956 seqq.
1563 4937 1565 4941 ,

336 4969 424 5027 tressa
451 4964 542 5033 τῶνὶξ
568 4967 603 5025 ὦν
641 4970 772 5040 συνέστηκε
799 4971 912 5042 φύσεων,
943 4966 1001 5024 ἀλλ’
1026 4964 1105 5023 ee·
1191 4969 1352 5024 elurrocu.
1373 4972 1440 5023 tom.
1456 4964 1505 5023 illl
1522 4964 1598 5023 Blbl.
1614 4964 1671 5021 PP.
1691 4962 1768 5027 Ἕνα,
1789 4952 1900 5027 arigim

336 5057 401 5129 rute,
417 5054 442 5121 ἕξ
456 5052 493 5112 ὧν
518 5056 560 5109 καί
583 5052 657 5120 ἔστιν,
686 5050 723 5109 ἀεὶ
745 5052 786 5108 καὶ
808 5050 878 5119 ὄντα,
895 5052 936 5107 καὶ
954 5050 1105 5125 poplites·
1155 5048 1208 5105 aibr
1223 5049 1249 5105 ts
1267 5050 1314 5105 bio
1329 5046 1436 5126 φύσεσιν,
1465 5049 1617 5123 taratros,
1641 5046 1763 5121 ἀτρέπτως
1779 5036 1900 5109 &⁸²⁶²th

336 5154 389 5196 νον.
1155 5132 1345 5208 γνωριζόμενοι

365 5331 376 5373 t
391 5331 453 5375 Rust.
469 5338 485 5375 t.
501 5332 528 5375 lt
540 5332 596 5376 Istat.
606 5332 667 5376 Patr.
678 5330 719 5374 eol.
729 5324 829 5374 ssa-s
842 5326 892 5383 Cyr.
903 5328 927 5373 ln
938 5327 984 5373 utta
996 5329 1019 5374 S·
1032 5320 1124 5383 datast.
1135 5338 1155 5373 ο.
1167 5339 1198 5371 ru
1210 5327 1301 5379 ianas,
1311 5333 1327 5370 t.
1341 5325 1362 5370 ll
1372 5326 1509 5372 hollandt·
1519 5324 1534 5369 8
1543 5324 1621 5380 Perag.
1630 5323 1699 5367 8.-t
1712 5318 1738 5365 lu
1750 5316 1844 5363 huna·
1853 5307 1897 5362 δῖ’·

339 5393 404 5439 cous.
419 5406 440 5447 r,
451 5398 469 5439 t.
483 5395 510 5438 tr
525 5395 591 5439 Cone.
603 5393 657 5438 Vide
665 5400 688 5437 at
699 5392 780 5437 buath.
792 5402 824 5436 vu
833 5398 854 5436 at
863 5391 963 5436 vra-5
977 5391 1216 5445 aemulabatur.
1229 5390 1326 5443 {added
1338 5389 1412 5445 tuta.
1422 5388 1475 5446 διν·
1486 5395 1529 5437 ast.
1542 5397 1565 5433 v·
1592 5444 1595 5451 Ι
