4072 6164
545 299 595 360 ne
614 297 913 375 restauratoria,
935 299 1010 365 nra.
1033 300 1076 378 v,
1098 298 1183 367 aar.
1206 301 1259 364 111.
1634 299 1693 361 ess

53 492 85 536 ne
125 462 351 529 mussitarem
371 463 411 527 de
438 462 557 529 Christo
581 464 730 545 loquendi
755 465 874 529 formu-
926 465 1083 533 tssnstuiit
1136 466 1300 531 Theodora
1352 464 1549 546 imperatoris
1598 481 1692 542 uxor,

67 544 90 639 ⁰,
124 556 873 637 hrumaurmres,aevindieesaliquotexoitemus,
925 575 1001 620 ann.
1025 556 1109 638 535)
1138 559 1222 639 apud
1241 558 1387 623 Photium
1411 557 1475 635 ait,
1499 556 1694 621 «Ecclesiam

60 652 104 746 ,εαξη
125 650 201 713 aaut
220 647 317 726 mmor
338 649 533 729 mnouorque
554 655 600 711 est
617 649 875 730 pluriumsimul,
926 650 999 726 Dei,
1032 656 1064 715 et
1096 651 1376 717 Chalcedonensem
1409 649 1565 730 synodum
1594 667 1695 713 unum

75 766 95 797 e-
124 740 387 820 etinsynodelibus
394 743 703 823 moenibusquam
712 742 877 823 separatim
926 752 1040 809 renota
1051 743 1209 807 Trinitatis
1222 744 1322 809 Deum
1335 742 1474 807 Verbum
1485 741 1693 818 incarnatum,

71 871 81 902 ι
124 833 278 897 ὤιιιιῒιιιιιι
291 833 467 906 auotoritas,
487 835 760 899 commemoranda
774 835 876 915 primo
927 840 958 899 et
977 835 1138 899 bominem
1157 835 1273 897 factum
1291 834 1460 915 profiteria
1476 855 1492 891 s
1510 834 1694 913 Quanquam

61 925 93 1009 {s
123 925 182 989 lene
203 930 275 987 sunt
298 925 500 990 conciliorum
526 927 649 1007 placita,
675 927 759 1008 quod
785 931 878 1006 eaput
927 928 1077 1006 suspicari
1090 945 1267 1008 possumus,
1280 946 1346 991 non
1355 927 1440 991 illam
1454 925 1609 1005 integram
1623 943 1692 989 sen-

123 1017 266 1081 diffioilsm
279 1018 422 1081 nonnihil
436 1018 531 1083 hebet
544 1020 762 1100 questionem:
778 1024 815 1081 ut
826 1018 877 1081 rel
926 1019 1056 1081 tendam
1069 1021 1107 1081 ab
1121 1020 1359 1085 matmdonenst
1378 1024 1558 1099 usurpatam
1572 1017 1693 1097 synodo

122 1109 297 1183 eonomine,
315 1110 495 1190 peanitenda
517 1130 581 1173 non
596 1111 636 1173 sit
649 1115 874 1192 operanosira,
926 1110 1060 1173 voluisse
1092 1118 1233 1174 mucium
1268 1111 1358 1173 illum
1391 1110 1614 1191 patriarchum:
1639 1109 1694 1173 sed

122 1219 205 1281 quem
218 1201 251 1267 in
270 1201 457 1267 testimoniis
479 1203 544 1266 istis
570 1204 766 1284 exquirendis
788 1201 875 1264 edhi-
926 1204 1025 1269 Deum
1037 1203 1175 1267 Verbum
1188 1206 1340 1267 duntaxat
1359 1221 1485 1269 caruem
1507 1202 1692 1282 suscepisse,

48 1353 51 1359 ,
122 1293 229 1357 bamus.
244 1295 297 1355 ast
317 1300 419 1355 sutem
434 1295 472 1356 de
492 1296 731 1359 chalcedonensi
745 1294 875 1357 ranulis
925 1314 986 1377 qua
1016 1316 1082 1361 cnm
1115 1296 1269 1361 amandam
1296 1296 1473 1380 hypostasim
1505 1296 1542 1357 sit
1569 1294 1691 1356 onitas:

121 1390 178 1449 toa
186 1386 333 1464 masao:
349 1388 438 1467 enjus
450 1388 629 1451 auctoritate
644 1387 875 1468 comprobatam
927 1389 1141 1468 Ephreeminm
1157 1408 1232 1451 vero
1255 1408 1345 1453 voces
1368 1390 1446 1458 illas,
1472 1406 1565 1451 naum
1585 1393 1694 1449 sancta

122 1475 408 1555 ilbmsententiam,
425 1485 566 1542 veterum
587 1479 743 1545 affirment
759 1480 873 1558 eliqui3
930 1479 1107 1558 Trinitatis,
1142 1483 1326 1555 inseruisse,
1353 1500 1418 1545 non
1451 1498 1529 1561 ques
1557 1479 1694 1558 synodus

31 1603 75 1647 m,
121 1568 303 1633 ebiomniuo
317 1578 442 1649 negant.
461 1572 501 1633 Ut
518 1592 538 1634 a
554 1571 776 1653 posterioribus
798 1571 875 1633 inci·
926 1581 1129 1653 expresserat,
1139 1577 1193 1637 sed
1202 1592 1273 1655 quea
1286 1576 1349 1637 Deo
1362 1573 1465 1635 Verbo
1480 1572 1692 1646 convenirent,

30 1659 96 1756 ἓξ
121 1661 211 1739 pisan
226 1662 280 1740 qui
305 1664 398 1740 primi
422 1665 666 1725 controversiam
687 1664 774 1725 iliam
792 1665 873 1726 enci·
926 1672 958 1727 et
969 1685 1040 1745 quae
1055 1669 1254 1733 commodum
1268 1667 1326 1731 sub
1341 1667 1372 1727 id
1386 1672 1510 1746 tempus
1520 1664 1642 1725 admitti
1655 1663 1694 1725 eh

120 1757 225 1829 arunt,
248 1753 372 1834 Soytboe
386 1756 542 1830 monachi,
566 1757 645 1819 nibil
657 1757 696 1817 ab
711 1756 876 1821 Chalcedo-
926 1759 1061 1825 &alesia
1080 1761 1254 1840 coepissent.
1273 1761 1391 1821 Verum
1405 1760 1444 1821 de
1461 1757 1604 1820 Facundo
1628 1775 1694 1820 non

120 1847 195 1909 nansi
209 1847 329 1927 munde
342 1847 381 1908 de
401 1850 459 1910 bae
477 1868 512 1910 re
536 1849 711 1922 definitum,
736 1854 790 1913 aut
810 1850 875 1910 ullo
926 1852 1011 1921 idem
1037 1853 1138 1915 dicere
1162 1870 1336 1933 possumus.
1364 1851 1462 1915 Nimis
1483 1851 1567 1919 enirn
1590 1855 1694 1930 aperte

120 1938 421 2018 modosignifieatum
431 1941 825 2020 essainyenuesuntfsssi:
839 1959 875 2005 ec
927 1945 1208 2011 chalcedonensem
1228 1946 1384 2025 synodum
1405 1944 1450 2007 eit
1462 1942 1614 2022 eiusmodi
1627 1959 1695 2005 sen·

119 2038 269 2110 propiores
283 2050 349 2095 nnn
371 2051 442 2099 eam
465 2033 605 2097 sufficere
630 2034 788 2109 dixerunt,
816 2033 876 2094 nisi
925 2037 1055 2101 muham
1063 2037 1211 2100 firmasse.

120 2121 232 2187 mnus
245 2131 472 2205 exponeretur:
497 2132 532 2187 ut
552 2144 646 2207 supra
669 2126 761 2191 iatius
775 2127 876 2205 expli·
967 2131 1022 2191 111.
1044 2131 1168 2195 Nodum
1182 2133 1265 2193 huno
1277 2129 1368 2191 solvit
1387 2127 1548 2193 Liberatus
1566 2126 1600 2187 in
1620 2124 1695 2189 Bre-

119 2215 267 2283 namma
280 2218 456 2292 Quinetiam
472 2219 567 2299 legati
587 2219 666 2283 sedis
685 2221 875 2298 apostoliens,
927 2222 1034 2299 niorto,
1063 2225 1163 2303 cupite
1186 2224 1321 2285 decimo:
1348 2221 1404 2283 ubi
1424 2219 1528 2294 selert,
1551 2216 1695 2283 Proelum

120 2308 321 2389 imprimisque
340 2311 512 2388 Dioscorus,
536 2313 596 2377 heo
622 2311 757 2375 maxime
780 2313 878 2378 telum
928 2308 1695 2394 Constantinopolitannmepiscopnmebepiscopis

119 2417 221 2467 aeram
233 2402 326 2467 istam
340 2403 375 2466 in
388 2404 609 2483 professionem
620 2404 782 2483 jecerunt3
799 2422 878 2467 asse·
928 2406 1083 2473 Armenia
1096 2416 1251 2487 rogatum,
1266 2410 1304 2467 ut
1316 2406 1355 2467 de
1369 2403 1523 2467 Theodori
1537 2403 1696 2482 Mopsues-

119 2499 211 2555 rentes
233 2493 376 2557 sufficere
399 2495 682 2559 chalcedonensem
703 2496 874 2576 synodum,
927 2499 993 2563 teni
1006 2499 1104 2573 libris,
1128 2505 1160 2561 et
1181 2499 1378 2578 dogmatibus
1399 2495 1585 2559 sententiam
1607 2511 1696 2556 suem

119 2604 170 2649 neo
188 2587 412 2653 admittendam
433 2589 603 2653 novitatem
628 2589 730 2665 illem,
749 2607 820 2668 qua
838 2589 877 2649 ad
928 2594 1134 2668 expromeret,
1150 2590 1305 2650 oTomum
1316 2587 1471 2651 Armeniis
1479 2583 1646 2664 scripsisse,
1660 2601 1697 2645 ee

120 2679 314 2745 minuendam
347 2681 415 2760 ejus
444 2682 659 2747 auctoritatem
691 2681 875 2761 pertineret,
929 2681 1106 2743 destinasse.
1124 2679 1207 2762 (Haeo
1229 2680 1283 2741 ille
1307 2685 1353 2741 est
1374 2677 1473 2741 Procli
1499 2675 1628 2738 celebris
1655 2675 1696 2737 od

119 2789 230 2835 armes
243 2792 281 2835 eo
297 2778 493 2852 sequeretur,
512 2792 655 2839 mancam
670 2773 757 2837 illam
770 2773 876 2847 inisse,
930 2769 1085 2833 Aminios
1104 2768 1242 2850 epistole)
1266 2770 1303 2830 Iu
1321 2788 1384 2848 quo
1407 2767 1511 2847 posuit
1524 2766 1564 2827 ad
1587 2763 1695 2829 interi·

120 2866 318 2929 etncoeseeria
323 2864 520 2945 professionis
526 2865 875 2945 aliquaperteceruisse.
929 2864 1059 2926 mendas
1067 2864 1320 2925 Nestorienerum
1333 2860 1493 2932 versutias,
1504 2859 1558 2937 qni
1573 2858 1649 2919 dues
1662 2857 1696 2923 iu

119 2956 188 3019 Vide
206 2976 277 3038 quse
298 2958 332 3018 in
355 2957 408 3018 illa
430 2958 538 3036 capitis
557 2958 726 3035 superioris
743 2957 878 3019 sectione
930 2952 1379 3030 Christoinduountpersonas,
1391 2946 1696 3011 unumdeTrinitate

119 3050 237 3127 quinte,
264 3052 307 3113 de
334 3049 500 3113 ambarum
522 3050 715 3113 condictione
742 3049 879 3128 partium
930 3045 1145 3108 incarnatum:
1169 3062 1262 3125 qrrem
1276 3050 1306 3105 et
1319 3041 1430 3105 duent
1449 3039 1564 3103 ioanni
1587 3038 1695 3100 Antin-

119 3143 322 3221 etltaeuimus.
931 3136 1042 3206 rhene,
1059 3142 1116 3199 etc.
1130 3139 1265 3198 loannes
1287 3141 1403 3208 eutem,
1428 3139 1459 3195 et
1478 3133 1533 3213 qni
1560 3150 1632 3197 crim
1660 3149 1697 3193 eo

155 3235 191 3294 li.
203 3236 241 3297 tt
253 3253 331 3298 vero
341 3233 622 3299 chalcedonensem
632 3233 788 3314 synodum
798 3232 880 3295 bano
931 3237 1019 3293 erant
1029 3229 1206 3307 congregati
1218 3227 1509 3308 episeopi,legentes
1522 3231 1654 3301 tomum,
1667 3228 1699 3289 et

44 3333 92 3377 ris.
119 3327 309 3406 approbasse,
324 3327 504 3387 assensisse
512 3325 689 3399 formulam,
706 3330 880 3387 asseverant
931 3318 1441 3402 ejuslaudentesoompositienem,
1453 3317 1700 3395 subscripserunt

118 3419 216 3499 siqu.
225 3419 668 3485 Facundustlermianensisin
677 3418 877 3498 tibroprimo,
931 3415 966 3479 in
977 3433 1026 3490 eo,
1041 3419 1073 3475 et
1086 3412 1194 3475 Proclo
1207 3411 1454 3475 transmiserunt.
1464 3409 1555 3473 Hune
1564 3414 1595 3471 et
1609 3406 1699 3469 caol-

118 3513 209 3591 eapite
234 3513 342 3588 tertio,
366 3512 477 3574 diserta
505 3512 564 3575 hoo
586 3510 736 3572 inculcat:
756 3511 881 3573 etinter
932 3507 1114 3569 redonensis
1141 3504 1278 3585 synodus
1303 3521 1359 3584 per
1385 3502 1568 3567 relationem
1591 3517 1697 3573 suam,

118 3603 330 3669 aliasiodseo
343 3604 473 3666 scribit:
505 3602 618 3667 oNibil
631 3610 676 3664 ost
689 3602 784 3682 igitur
797 3604 880 3682 quod
931 3616 1027 3679 quam
1040 3597 1195 3659 Marciano
1208 3596 1388 3676 imperatori
1411 3595 1532 3670 direxit,
1562 3594 1602 3656 ed
1626 3610 1699 3675 pre-

118 3695 256 3759 deverbo
276 3696 555 3776 reprehendamur,
571 3696 707 3757 direntes
726 3713 827 3759 unum
841 3696 880 3758 de
932 3691 1087 3767 bendum,
1115 3708 1180 3755 non
1204 3694 1326 3750 tentum
1356 3688 1448 3768 gaas
1481 3685 1698 3768 synodalibus,

118 3784 259 3849 Triuitete
272 3786 482 3861 incarnatum,
498 3785 563 3849 sive
581 3802 716 3864 mesum,
733 3784 796 3846 sive
810 3803 880 3847 eru·
931 3783 1150 3848 verumetiam
1173 3781 1308 3863 epistolis
1331 3781 1426 3845 iidem
1445 3786 1596 3854 eomtare,
1618 3777 1701 3842 inter

118 3874 248 3941 ciiixum.
270 3877 359 3952 Quod
381 3878 474 3938 etiam
497 3883 603 3939 sanata
626 3875 881 3939 Chalcedonensis
931 3883 1109 3941 sanctorum
1120 3875 1249 3937 Petrum
1263 3873 1408 3954 epistolas
1422 3871 1564 3951 susoapit,
1581 3883 1698 3933 eroon·

116 3970 247 4047 synodus
256 3970 434 4033 divinarum
446 3970 678 4048 Scripturarum
686 3969 879 4046 auctoritate,
931 3968 1117 4033 firmavit.»

117 4062 438 4141 etantiquissimorum
448 4063 578 4125 Petrum
592 4060 776 4125 testimoniis
789 4060 881 4124 infor·
971 4062 1006 4121 ln
1022 4065 1108 4139 parte
1121 4059 1213 4123 tertia
1226 4063 1366 4120 actorum
1388 4055 1509 4123 oenotri
1534 4054 1699 4119 Chalcedo-

116 4158 209 4230 mate,
224 4154 369 4215 videma
391 4171 506 4232 magno
531 4153 639 4217 Proeln
664 4154 704 4217 ati
729 4154 881 4217 Armenes
931 4153 1037 4219 nenas
1062 4152 1150 4215 initio
1174 4151 1288 4230 legitur
1310 4150 1422 4230 synodi
1442 4149 1536 4213 totim
1549 4146 1698 4225 allocutio,

116 4244 226 4307 utiliter
242 4245 405 4325 scriptum,
434 4248 466 4307 et
479 4263 498 4307 a
511 4244 737 4324 sapientissime
761 4246 881 4309 iosnna
932 4246 983 4307 vel
993 4244 1111 4321 relatrb,
1126 4249 1163 4304 ut
1175 4245 1335 4305 Liberatus
1348 4247 1446 4317 vocat,
1458 4242 1496 4302 ed
1507 4242 1700 4307 Marcianum

117 4334 322 4410 Antisthene,
336 4342 366 4399 st
378 4335 491 4399 ceteris
507 4336 713 4400 Orientalibus
731 4337 882 4417 episcopis
931 4339 1162 4417 imperatorem,
1171 4337 1205 4396 in
1214 4354 1275 4415 qua
1289 4335 1403 4401 Leonis
1414 4333 1574 4415 epistolam
1587 4351 1701 4413 propn-

117 4427 148 4489 in
172 4429 303 4493 mariba
331 4428 547 4508 approbatum,
571 4430 792 4493 convenienter
815 4430 880 4509 ipse
931 4435 1030 4509 ynam
1053 4429 1173 4502 Patres,
1189 4429 1362 4507 docentque
1376 4426 1455 4489 nihil
1468 4427 1507 4489 ab
1521 4424 1574 4485 illo
1589 4433 1701 4505 prater

116 4536 234 4600 qunque
259 4521 407 4583 firmasit.
421 4520 643 4600 ntEphramius
668 4522 744 4582 item
773 4520 880 4585 Antio·
928 4522 1064 4596 solitum,
1078 4527 1216 4583 eutvero
1230 4521 1363 4599 dignum
1380 4519 1623 4599 reprehensione
1635 4537 1700 4583 esse

116 4611 238 4689 manus,
254 4614 319 4676 sive
331 4613 573 4693 Theopolitanus
586 4613 771 4693 patriarcha,
788 4614 882 4695 (Vixit
927 4613 1147 4693 actamquae
1154 4612 1576 4692 epistotamittsmnonquam
1585 4629 1700 4677 novam

115 4710 216 4769 numm
237 4706 288 4773 hio
300 4705 476 4769 instinieno
488 4706 680 4785 imperante3
705 4711 742 4770 ut
761 4706 817 4784 qul
842 4706 880 4767 ad
929 4706 1003 4771 fidei
1017 4705 1253 4785 expositionem,
1273 4705 1312 4766 ed
1332 4704 1515 4769 Flavianum
1529 4705 1697 4785 scripserit,

117 4796 881 4878 huthimumTrapeznntisepiscopumscripserit¹3
931 4799 1046 4877 alioqui
1054 4804 1124 4859 tum
1134 4799 1238 4858 Patres
1247 4810 1386 4873 caeteros,
1397 4797 1701 4865 ntAtbsnasinm,et

116 4905 206 4967 quem
224 4890 298 4955 iude
317 4890 692 4969 constantinopolitanam
716 4891 756 4955 ed
778 4890 882 4955 eedem
932 4889 1115 4969 Gregorium
1126 4890 1374 4966 romanum,
1389 4895 1458 4951 tum
1469 4908 1543 4952 vero
1557 4889 1699 4955 Proetum

148 5117 168 5157 a
184 5102 319 5158 Ernesti.
332 5100 495 5175 apudPlroi.
514 5100 576 5158 end.
590 5118 715 5157 ccxxviii.
737 5102 783 5156 rtet
807 5103 877 5171 ὅτιή
929 5102 1121 5177 ἓιανθρωπῆσαι,
1150 5098 1179 5158 ol
1206 5105 1246 5159 rad
1269 5103 1313 5172 τὴν
1336 5104 1390 5158 καθ’
1414 5103 1548 5159 ὑπόστασιν
1569 5096 1632 5166 olba,
1658 5105 1700 5158 sai

115 5180 225 5253 biania
239 5191 281 5261 rot
295 5184 361 5249 drot,
375 5185 416 5238 nal
433 5184 449 5251 ἡ
468 5182 492 5237 iv
508 5186 649 5258 Καλχηδόνι
667 5185 766 5248 σύνοδος
779 5186 822 5239 she
836 5186 879 5239 isa
928 5188 1039 5261 κηρῦιτει
1052 5188 1148 5242 ἕνωσιν.

115 5267 348 5342 aristocratiae,
363 5268 417 5321 teto
433 5268 508 5339 λόγον
525 5267 646 5342 ὁμολογεῖ
657 5270 820 5341 sapentiam,
839 5271 880 5322 acl

141 5469 152 5511 l
166 5469 243 5525 Pares.
257 5469 330 5516 bel
342 5468 461 5517 Piraeea!-
472 5469 520 5517 m
