4078 6162
607 365 982 445 nenotenarsis,
1004 366 1076 429 un.
1098 366 1154 442 111,
1176 365 1259 428 cer.
1283 366 1354 428 vn.
1703 368 1760 434 nr

218 547 257 607 Et
282 542 382 624 capite
400 556 490 603 mn.
519 539 631 617 «Ergo
647 536 715 617 jam
728 535 784 598 Dei
808 534 891 597 iilius
908 550 948 597 ex
997 552 1094 615 quam
1106 550 1243 609 causam,
1258 533 1312 614 qui
1326 534 1478 596 mediator
1489 534 1585 598 Deiet
1599 536 1765 605 hominum

180 638 274 720 patris
288 638 342 697 Dei
356 634 485 705 semina,
507 630 540 692 id
558 635 605 691 est
626 629 748 707 spiritu,
769 634 805 689 ut
825 633 904 689 esset
917 633 949 688 et
997 626 1123 689 effeetus
1138 627 1332 707 exprimitur,
1344 627 1379 688 in
1389 644 1421 689 se
1434 628 1544 704 Deum,
1561 629 1593 691 ct
1603 629 1764 697 hominem

180 728 315 792 hominis
331 727 425 801 iilius,
444 741 515 787 cero
535 722 565 783 ci
583 722 649 783 sola
667 726 733 781 erat
753 738 792 781 ex
810 719 948 781 hominis
996 719 1125 781 sociasse
1135 718 1296 799 reperitur.
1312 737 1327 777 r

180 838 272 884 carus
279 819 442 894 sumenda,
457 817 522 878 sina
534 815 593 876 viri
606 813 735 887 semine,
751 818 810 874 etc.
831 811 881 873 Sic
895 811 949 872 de·
1037 814 1076 873 Et
1085 813 1185 893 capite
1198 829 1233 873 xr
1246 811 1377 891 probare
1393 812 1512 892 satagit,
1525 811 1680 876 Christum
1699 834 1766 879 non

179 915 275 993 nique
301 912 396 974 homo
423 927 496 971 cnm
523 909 600 981 Dec,
629 907 706 967 dum
723 922 794 967 earo
812 903 949 964 hominis
998 922 1121 967 merum
1145 922 1212 967 csse
1236 904 1408 979 hominem,
1442 906 1496 966 sed
1530 906 1623 967 ctiam
1651 909 1762 987 Deum,

179 1023 252 1069 cnm
267 1004 378 1084 spiritu
393 1002 457 1064 Dei.
473 1022 490 1060 a
512 1002 557 1062 ho
568 999 661 1079 paulo
678 1003 758 1078 post.
786 997 863 1057 elta
876 1012 949 1057 cum
1001 998 1163 1065 «Quando
1179 997 1206 1059 sl
1225 997 1367 1077 probatio
1390 999 1456 1058 hmo
1479 1014 1517 1059 ex
1530 998 1765 1065 infirmitatibus

180 1098 217 1159 sit
228 1100 295 1177 ipse
307 1097 346 1157 da
359 1094 470 1175 spiritu
484 1093 550 1168 Dei,
565 1097 597 1152 at
608 1090 733 1171 spiritus
746 1091 827 1150 Deus
847 1094 902 1163 est,
919 1093 950 1149 et
999 1091 1111 1151 Christi
1121 1090 1195 1151 illuc
1209 1091 1329 1167 proiicit
1341 1110 1349 1165 ;
1361 1096 1397 1151 ut
1409 1090 1504 1151 homo
1525 1109 1564 1151 ex
1575 1091 1765 1156 infirmitati-

180 1190 264 1250 Dens
273 1207 313 1250 ex
327 1189 390 1248 Deo
403 1192 495 1247 natus
506 1185 571 1264 ipse
585 1188 642 1250 esi,
651 1187 682 1243 et
691 1199 730 1243 ex
741 1198 834 1242 carna
848 1180 948 1240 homi·
998 1182 1057 1243 hus
1070 1181 1308 1261 comprobetur;
1324 1180 1466 1261 probatio
1479 1182 1648 1244 divinitatis
1662 1182 1765 1248 inille
1863 1255 1868 1263 ¹

179 1282 238 1358 nis,
262 1282 360 1342 homo
383 1279 416 1340 in
443 1294 534 1339 cerne
558 1280 734 1354 generatus.
764 1294 779 1331 a
810 1274 888 1334 Item
915 1272 948 1332 in
997 1273 1124 1335 collecta
1138 1273 1355 1335 exvirlutihus
1369 1272 1445 1336 illud
1458 1274 1606 1353 proficiet,
1622 1282 1658 1337 ut
1672 1276 1766 1339 etiam

179 1370 403 1453 Apologetico¹,
419 1369 625 1451 postquamde
637 1366 730 1428 Verbi
744 1383 780 1427 ac
792 1364 861 1425 Filii
875 1363 950 1425 divi-
998 1367 1080 1427 Dens
1093 1383 1131 1426 ex
1144 1367 1289 1446 operibus
1303 1372 1466 1427 asseratur.
1478 1366 1511 1427 Sl
1518 1366 1603 1427 enlm
1611 1368 1766 1447 passiones

179 1466 281 1527 nitate
303 1464 404 1526 multu
420 1461 574 1533 disseruit,
596 1475 730 1538 eumque
758 1459 887 1518 «Deum
911 1473 950 1516 ex
998 1459 1210 1521 ostendentia
1229 1457 1283 1521 illo
1296 1456 1466 1520 humanam
1486 1457 1693 1537 fragilitatem,
1710 1479 1767 1524 our

179 1553 509 1630 lien,ctl)eiiiliumr
525 1568 589 1614 esse
603 1550 723 1624 docuit;
738 1564 823 1626 mox,
843 1569 855 1605 a
875 1549 948 1624 Iste,
998 1568 1094 1631 opera
1114 1550 1326 1612 nudauerant
1351 1552 1383 1612 in
1406 1551 1459 1611 ille
1476 1551 1616 1611 divinam
1636 1558 1767 1631 potesta·

180 1649 296 1729 inquit,
324 1648 419 1727 igitur
445 1646 500 1707 Dei
527 1645 645 1720 radius,
673 1648 710 1703 ut
726 1647 809 1702 retro
829 1657 951 1719 semper
998 1643 1120 1706 ternis
1141 1646 1187 1705 Ac
1198 1643 1330 1704 subinde
1353 1644 1536 1723 praeclarum
1553 1642 1641 1704 illud.
1661 1646 1767 1707 «Tam

180 1740 420 1820 praedicabatur,
443 1739 587 1818 delapsus
613 1737 648 1797 in
667 1734 820 1813 virginem
844 1746 952 1811 qnam-
999 1737 1084 1798 enim
1098 1737 1269 1816 Scriptura,
1285 1736 1398 1816 inquit,
1414 1737 1507 1797 etiam
1526 1737 1628 1797 Deum
1642 1754 1766 1798 annun-

180 1833 265 1907 dam,
276 1838 309 1894 at
322 1833 356 1893 in
370 1838 460 1893 utero
474 1831 541 1910 ejus
555 1846 626 1891 caro
644 1827 795 1904 tinuatur
815 1825 951 1887 nascitur
999 1830 1056 1890 tiat
1071 1829 1237 1903 Christum,
1256 1846 1352 1907 quam
1374 1829 1468 1889 eiiam
1490 1830 1593 1907 ipsum
1606 1828 1767 1892 homiuem

180 1925 352 1987 homoneo
364 1922 513 1986 mistus.»
999 1921 1164 1983 annuntiat
1192 1922 1312 1982 Deum:
1342 1926 1407 1980 tam
1429 1920 1588 1980 hominem
1609 1920 1768 2001 descripsit

220 2018 397 2097 Cyprianus
413 2016 497 2076 huno
521 2014 660 2093 sequitur
676 2032 683 2072 :
700 2011 803 2090 quiin
824 2010 904 2071 libro
916 2008 951 2071 dr
998 2015 1106 2075 Jesum
1122 2014 1291 2087 Christum,
1312 2029 1407 2092 quam
1428 2012 1522 2072 etiam
1536 2012 1634 2073 Deum
1643 2030 1767 2093 quoque

181 2110 334 2174 idolorum
346 2112 500 2171 vanitate:
524 2106 660 2183 «Filius,
678 2105 789 2184 inquit,
807 2102 860 2165 [lei
879 2104 951 2165 mit·
999 2105 1158 2184 descripsit
1171 2104 1326 2167 Christum
1341 2103 1519 2165 Dominum.
1540 2104 1696 2170 Quoniam
1709 2123 1768 2168 neo

181 2203 269 2277 titan,
286 2201 342 2281 qui
356 2218 412 2281 per
425 2198 593 2279 Prophetas
611 2212 720 2257 omnes
732 2200 815 2256 retro
834 2195 950 2255 illumi·
999 2197 1055 2258 Dei
1068 2202 1191 2257 tantum
1203 2196 1292 2257 illum
1305 2195 1403 2256 filium
1416 2213 1481 2256 esse
1499 2196 1653 2274 proponit,
1670 2197 1723 2258 sed
1737 2203 1768 2260 ct

183 2301 287 2366 nator,
309 2300 340 2355 et
359 2293 467 2353 doctor
486 2290 616 2351 humani
633 2289 754 2367 generis
766 2287 951 2366 praediraha·
998 2286 1155 2350 hominis:
1172 2306 1229 2349 nec
1245 2287 1522 2349 hoministantum
1544 2287 1617 2347 dioit
1636 2304 1643 2348 ε
1669 2289 1723 2350 sed
1737 2296 1768 2352 et

186 2392 247 2447 tur.
266 2386 375 2447 [liceat
387 2384 488 2445 virtus
504 2383 568 2458 liei,
579 2380 729 2457 hieratio,
742 2379 951 2459 hicsapientia
999 2381 1054 2443 Dei
1066 2379 1181 2442 referre
1193 2380 1375 2442 consuevit:
1392 2385 1428 2440 ut
1436 2380 1512 2440 dum
1525 2397 1564 2441 ex
1575 2385 1707 2459 utroque
1721 2387 1768 2443 est

183 2477 261 2557 ejus,
283 2482 314 2539 et
336 2476 455 2556 gloria;
472 2474 524 2536 hic
547 2474 581 2534 in
604 2472 765 2552 Virginem
788 2471 948 2547 illabitur3
999 2480 1167 2552 utrumque
1181 2473 1222 2533 sit
1233 2488 1241 2549 ;
1253 2475 1325 2534 nesi
1338 2472 1471 2534 alterum
1485 2473 1535 2549 sit,
1555 2472 1688 2535 alterum
1701 2491 1766 2536 csse

180 2584 307 2632 earnem
322 2568 439 2648 Spiritu
451 2572 558 2627 sancto
579 2569 771 2642 cooperante,
788 2562 948 2640 induitur,
998 2580 1064 2628 non
1076 2566 1180 2643 possit.

180 2664 262 2724 [tens
276 2678 348 2723 eum
361 2659 488 2722 homino
502 2657 658 2719 miscetur.
670 2657 727 2717 Hic
741 2656 820 2717 heus
833 2662 949 2733 noster,
1039 2658 1093 2718 iil.
1111 2657 1266 2719 arnobius
1278 2656 1354 2718 item
1368 2657 1466 2718 Deum
1479 2657 1606 2737 pariter,
1621 2662 1652 2718 et
1659 2657 1766 2719 homi-

179 2756 229 2815 hic
239 2754 435 2816 Christusest
447 2770 455 2812 t
465 2750 519 2830 qui
533 2750 686 2810 mediator
699 2748 834 2809 duorum
848 2748 950 2809 homi·
999 2764 1073 2811 nem
1086 2749 1249 2811 confitetur
1261 2749 1418 2810 Christum
1434 2749 1542 2824 ;illum
1556 2750 1682 2829 quidem
1700 2752 1765 2812 sle:

177 2862 254 2909 uem
272 2845 387 2919 induit,
402 2860 496 2924 quem
508 2843 658 2923 perducat
670 2840 709 2901 ad
720 2840 855 2902 Patrem.
870 2862 886 2899 ο
1004 2844 1114 2904 «Deus
1128 2843 1179 2903 llle
1190 2841 1331 2903 sublimis
1340 2842 1409 2915 tuit,
1426 2841 1556 2920 inquit¹,
1572 2843 1652 2903 Deus
1665 2844 1768 2906 radice

218 2939 306 3000 Idem
321 2939 355 2999 ln
367 2937 446 2999 libro
456 2935 591 2998 secundo
600 2933 840 2995 Testimoniorum
849 2932 952 2994 adeer-
999 2937 1038 2995 ah
1057 2935 1169 2995 intima
1186 2935 1280 3006 Deus,
1305 2934 1344 2995 ah
1367 2933 1533 3013 incognitis
1550 2934 1663 3013 regnis,
1684 2941 1715 2995 et
1729 2935 1767 2995 ab

176 3050 226 3093 rus
247 3028 378 3106 ludaeos,
412 3027 627 3090 testimonium
648 3034 792 3087 octavum
805 3027 950 3105 proponit
1001 3028 1144 3088 omnium
1170 3026 1310 3106 principe
1335 3027 1415 3088 Deus
1438 3026 1600 3106 sospitator
1627 3032 1673 3087 est
1692 3028 1767 3088 mis-

177 3124 224 3185 sio
240 3142 248 3184 ε
269 3140 285 3181 r
298 3122 390 3189 Quod
399 3139 471 3183 cum
485 3139 504 3181 a
516 3119 669 3200 principio
681 3118 825 3179 iiliusllei
833 3118 949 3192 inisset,
1001 3135 1063 3180 sus.
1079 3120 1274 3199 »Utrumque
1287 3135 1361 3179 vero
1373 3118 1531 3197 ulirpranto
1543 3125 1612 3198 post
1628 3137 1636 3178 ε
1667 3138 1683 3177 a
1696 3120 1769 3193 Quis

177 3216 325 3298 generari
337 3215 440 3276 denuo
459 3213 588 3275 haberet
601 3211 774 3273 secundum
788 3226 948 3272 carnem.»
1000 3219 1047 3273 est
1078 3211 1162 3272 anim
1197 3210 1387 3284 mortalium,
1424 3211 1478 3289 qui
1511 3214 1664 3289 quoereret
1697 3225 1770 3273 eum

177 3308 263 3371 'ium
277 3309 312 3369 ln
327 3311 485 3387 sequente.
503 3324 516 3363 a
536 3304 625 3379 Quod
639 3304 698 3364 hoc
710 3302 852 3363 futurum
875 3308 953 3364 esset
1000 3303 1117 3377 videre,
1133 3302 1376 3381 quiscernere,sl
1392 3301 1484 3362 talem
1497 3302 1643 3363 voluisset
1656 3300 1770 3365 inferre

177 3401 307 3481 signum
316 3396 486 3460 nativitatis
499 3394 576 3475 ejus,
596 3400 633 3455 ut
651 3394 690 3456 de
705 3394 833 3473 Virgine
847 3412 953 3455 naseo-
1001 3412 1034 3455 se
1048 3395 1150 3466 terris,
1166 3394 1267 3473 qualis
1280 3394 1308 3454 ei
1328 3393 1514 3474 primigenis
1535 3400 1649 3454 natura
1668 3401 1724 3469 cst,
1739 3398 1772 3456 et

179 3499 272 3554 retur
282 3492 391 3566 homo,
407 3496 439 3551 et
452 3492 544 3562 Deus,
567 3486 705 3549 hominis
715 3492 746 3547 ct
760 3486 815 3547 liei
826 3484 918 3547 filius.
933 3505 948 3544 a
1001 3486 1125 3566 qualern
1135 3485 1241 3565 seipse
1254 3486 1289 3546 in
1300 3504 1355 3545 sua
1369 3502 1434 3546 esse
1448 3485 1547 3546 noluit
1562 3485 1611 3546 vel
1625 3484 1771 3565 qualitate

179 3584 262 3646 Item
277 3583 312 3643 ln
326 3580 578 3654 deotmoaeacd
585 3580 717 3640 ethome
732 3576 954 3640 etDeusChris·
1000 3579 1050 3638 vel
1064 3577 1221 3638 nurnine?
1253 3578 1425 3655 desumpsit
1445 3578 1541 3656 igitur
1558 3577 1695 3640 hominis
1706 3575 1772 3639 ior-

179 3682 291 3751 tus,ex
301 3680 436 3754 utroque
449 3675 788 3751 genereooncretus,ut
802 3668 953 3732 mediator
1002 3687 1098 3746 mam,
1129 3675 1160 3731 et
1191 3668 1248 3730 suh
1281 3671 1381 3731 nostri
1412 3670 1535 3749 generis
1569 3670 1770 3733 similitudine

180 3786 250 3830 esse
262 3768 346 3827 inter
360 3784 428 3842 nos,
439 3770 470 3826 et
482 3765 607 3826 Patrem
621 3769 765 3843 posset.»
1002 3763 1170 3842 potentiam
1188 3777 1277 3824 suum
1297 3762 1424 3837 elausit3
1444 3768 1525 3822 utet
1545 3761 1643 3823 videri
1656 3766 1768 3842 posset,

42 3880 157 3932 samm
224 3854 610 3920 1LNovatianusiniihro
631 3852 667 3915 de
682 3855 837 3931 Trinitate,
852 3857 953 3934 capite
1003 3852 1447 3934 etoonsploi3verbaiaoeret,
1467 3852 1653 3929 attinuerat,
1676 3860 1770 3933 atque

179 3964 245 4013 m.
267 3949 448 4022 «Verbum,
473 3949 586 4028 inquit,
610 3946 699 4022 illud,
721 3947 805 4026 quod
823 3952 953 4010 estante
1002 3963 1111 4008 omnes
1131 3951 1332 4026 exequeretur
1351 3962 1401 4005 res
1420 3962 1482 4021 eas,
1508 3951 1634 4025 propter
1647 3960 1724 4024 quas
1737 3946 1771 4008 in

180 4060 312 4105 omnem
344 4047 530 4116 creaturam,
562 4046 594 4102 et
626 4040 695 4100 ideo
728 4038 953 4117 primogenitus
1001 4039 1159 4101 mundum
1185 4043 1312 4099 venerat
1337 4037 1502 4111 iaciendas,
1530 4036 1646 4097 summi
1679 4037 1771 4118 Regis

180 4136 287 4197 omnis
298 4142 461 4205 creeturae,
472 4148 543 4193 caro
558 4129 826 4208 staturianum
837 4130 927 4192 nobis
943 4152 951 4208 ;
1001 4131 1177 4210 imperi0,et
1187 4129 1384 4209 dispositione
1390 4129 1650 4203 servahquued
1663 4135 1769 4191 autem

180 4231 242 4289 hoc
257 4233 314 4298 cst,
330 4226 465 4287 adsumit
477 4224 562 4285 hunc
571 4223 744 4298 hominem,
760 4222 814 4301 qui
826 4228 873 4283 est
884 4229 954 4302 post
989 4222 1138 4284 'simulato
1152 4221 1265 4282 homr'ne
1278 4234 1352 4281 mor
1366 4238 1403 4281 ea
1414 4221 1575 4299 quesierit,
1587 4221 1683 4299 egisse
1697 4222 1770 4284 scri·

181 4332 313 4382 omnem
327 4324 499 4379 creaturam
515 4336 522 4377 :
544 4321 574 4376 et
587 4316 630 4375 sio
641 4331 712 4376 curn
724 4313 790 4387 llio,
810 4321 841 4375 et
852 4315 886 4374 in
899 4314 953 4375 illo
1002 4315 1058 4391 hit,
1084 4334 1149 4376 non
1162 4321 1327 4394 propterea
1349 4313 1468 4393 putarit
1481 4312 1648 4387 Arnohius,
1669 4314 1771 4376 Chris·

180 4411 304 4473 habitat
316 4410 349 4470 in
358 4409 459 4487 nohh,
475 4415 510 4469 ut
523 4421 625 4487 neque
639 4407 734 4467 homo
749 4405 870 4466 Christo
879 4406 952 4467 suh-
1002 4411 1071 4469 tum
1085 4407 1186 4488 specie
1200 4413 1290 4467 tenus
1305 4412 1335 4467 et
1346 4404 1770 4480 adumbratione‚humanam

180 4503 336 4576 trahatur,
357 4516 460 4580 neque
481 4499 629 4561 divinitas
653 4503 796 4577 negetur.
822 4497 901 4559 Nam
928 4499 953 4560 si
1002 4499 1037 4562 ln
1058 4516 1090 4562 se
1117 4501 1282 4579 suscepisse
1308 4498 1452 4571 iermam,
1481 4514 1591 4559 verum
1613 4498 1770 4560 emulatus

182 4593 401 4657 tantummodo
429 4599 501 4654 anta
530 4606 660 4654 omnem
693 4596 868 4652 creaturam
895 4595 952 4667 est,
1001 4592 1085 4654 idem
1099 4592 1142 4653 ihi
1156 4591 1474 4671 estquodrimitatac,
1487 4590 1548 4652 hoc
1558 4593 1603 4651 est
1616 4589 1648 4650 in
1661 4589 1770 4652 simili⁴

181 4686 324 4748 homoin
336 4685 392 4746 illo
400 4684 574 4745 subtractus
584 4690 647 4745 est:
663 4683 690 4743 si
703 4688 807 4743 autem
818 4686 954 4743 tanturn-
1000 4684 1133 4746 tudinem
1147 4683 1294 4745 homilium
1308 4683 1413 4765 factos,
1436 4696 1472 4744 ut
1484 4682 1649 4763 Apostolus
1668 4676 1770 4763 loqui-

181 4781 278 4841 medo
291 4780 388 4841 homo
401 4783 457 4853 est,
478 4776 718 4855 divinitasque
739 4781 811 4837 ante
828 4792 953 4837 omnem
1001 4783 1054 4838 tur
1066 4775 1089 4838 ⁸.
1112 4779 1222 4856 ltaque
1250 4777 1354 4837 statim
1375 4777 1434 4837 ista
1450 4776 1615 4855 subjicite
1637 4776 1709 4850 Quis
1723 4781 1769 4836 est

182 4876 359 4934 creaturam
373 4875 431 4943 est,
446 4868 616 4948 intercepta
628 4867 866 4947 securumque
879 4886 953 4948 ergo
1002 4886 1076 4948 ergo
1089 4869 1173 4929 visus
1183 4869 1217 4929 in
1230 4868 1368 4948 patibulo
1376 4869 1523 4949 pendere,
1540 4870 1609 4950 quis
1623 4874 1766 4932 mortuus

183 4965 218 5025 in
238 4964 363 5024 Christo
385 4960 702 5035 mmoedemmmest,
729 4965 760 5021 et
786 4965 954 5040 utrumque
1001 4960 1070 5024 est‘l
1098 4962 1201 5022 Home
1228 4976 1323 5040 quem
1349 4959 1503 5038 induerat,
1527 4965 1560 5022 et
1582 4978 1688 5023 secum
1703 4958 1768 5041 ipse

183 5056 388 5134 conjunctum
402 5058 459 5128 est,
472 5056 503 5114 et
521 5056 691 5131 utmmque
707 5068 884 5113 connexum
895 5059 950 5113 est.
1001 5052 1153 5136 portabat.
1172 5073 1185 5111 s

182 5146 343 5209 Etmerito
357 5144 490 5206 dumest
502 5143 537 5205 in
550 5142 604 5205 illo
624 5142 753 5224 aliquid,
768 5142 954 5225 quodsupe-
1041 5144 1217 5207 Lactantius
1235 5144 1274 5207 de
1295 5145 1409 5225 duplici
1431 5146 1632 5226 generatione
1655 5140 1769 5206 Christi
1793 5173 1930 5222 μων,

183 5242 233 5299 rat
246 5246 431 5314 creaturam,
446 5238 609 5317 pignerata
623 5236 658 5298 in
669 5236 723 5297 illo
742 5237 909 5298 dimnitatis
923 5241 954 5299 el
1001 5239 1144 5318 loquens,
1162 5263 1176 5292 ι
1190 5239 1227 5299 In
1241 5237 1491 5319 prima,inquit‘,
1506 5234 1667 5299 nativitate
1678 5236 1768 5317 spiri-

183 5329 368 5392 humilitatis
390 5324 513 5391 videtur
535 5344 599 5390 esse
626 5326 799 5390 concordia.
827 5328 954 5410 Propter
1002 5328 1423 5411 maheppopiuirqaiasine
1436 5329 1537 5393 officio
1551 5327 1768 5410 matris,asolo
1793 5371 1942 5418 ,mm

216 5534 227 5576 l
240 5532 292 5590 Cap.
305 5543 378 5578 ιη-
387 5531 403 5576 ἱ
412 5531 469 5577 Atii·
481 5530 499 5579 i.
513 5529 557 5576 1.·-
569 5530 585 5575 8
595 5529 655 5579 Μ·
669 5540 696 5583 li.
707 5532 757 5576 ’1.Ἰ
766 5530 782 5575 Α
791 5529 850 5576 Lm.
862 5528 879 5577 i.
891 5528 927 5582 li,
937 5540 958 5573 t·
969 5532 992 5574 i.
