4122 6248
593 344 643 406 nn
664 328 976 413 suessulanus,
998 338 1072 400 nn
1089 339 1126 417 v,
1150 336 1236 402 cnr.
1257 341 1327 403 xn.
1681 330 1742 395 sau

973 510 1135 566 monstret.
1165 506 1311 568 Continet
1333 508 1439 567 autem
1465 500 1548 564 illius
1573 499 1741 581 disputatio

972 598 1125 659 rationem
1146 599 1227 659 hanc
1250 598 1456 679 potissimum,
1477 608 1572 675 quam
1590 589 1741 672 superiori

1187 692 1193 707 '
1322 691 1329 705 '
1708 688 1740 743 to

358 748 560 832 circ
618 747 721 832 m
972 688 1601 863 tralluntstuduerint
1615 702 1742 859 rien

972 874 1029 935 tim
1040 875 1187 952 eruenda,
1199 882 1230 937 ct
1240 877 1426 937 assumenda
1436 873 1539 934 fuerit.
1550 872 1612 932 Nec
1625 868 1742 948 pigebit

973 971 1075 1029 totum
1094 969 1178 1030 hunc
1198 968 1351 1049 Fulgentii
1364 969 1469 1029 locum
1484 964 1535 1026 hic
1557 961 1738 1025 describere.

155 1053 352 1132 Asianorum,
381 1063 410 1116 et
434 1056 719 1136 Apollinarieterum
748 1063 923 1137 argumente
973 1056 1010 1120 Id
1032 1061 1117 1121 enim
1135 1067 1204 1121 turn
1232 1060 1391 1135 doctrine,
1413 1064 1481 1119 tum
1496 1055 1645 1118 sermonis
1658 1052 1741 1113 illins

189 1146 355 1227 wilmar
379 1146 484 1227 quibus
509 1148 646 1210 humone
666 1146 782 1210 Christi
806 1152 925 1209 tutore
973 1152 1126 1228 elegantia
1149 1159 1298 1229 meretur,
1320 1174 1336 1210 «
1350 1152 1397 1213 hd
1419 1156 1604 1222 extremum,
1626 1145 1739 1224 inquit,

195 1237 397 1318 iutegritatem
422 1240 648 1321 r'mpupnobont.
671 1243 702 1302 2.
732 1238 794 1302 Cur
813 1239 925 1301 Ariani
974 1244 1103 1323 dicatur,
1125 1264 1181 1306 cur
1207 1245 1246 1305 ab
1261 1244 1314 1305 illa
1335 1241 1484 1305 ineffabili
1504 1239 1662 1302 divinitate
1676 1255 1740 1297 non

82 1378 85 1383 .
193 1328 325 1391 animam
343 1328 463 1392 Christo
483 1331 681 1393 detraxerint.
701 1331 826 1393 Primus
847 1330 923 1390 itio·
972 1336 1066 1398 scierit
1092 1337 1207 1398 unimae
1228 1342 1339 1397 nutura
1367 1338 1505 1414 suscepta
1533 1348 1604 1393 cum
1628 1327 1742 1389 carne?

193 1439 261 1481 rum
296 1423 527 1502 argumentandi
562 1425 648 1499 torus,
679 1422 757 1506 quod
778 1422 924 1485 divinitat
973 1432 1178 1491 utrumclieo
1193 1448 1257 1489 non
1270 1425 1530 1488 fueritlectalan
1543 1429 1741 1505 peecatonon

193 1512 304 1573 animer
318 1514 392 1576 uices
404 1535 438 1577 oo
451 1517 553 1577 meotis
565 1516 724 1598 suppleret.
737 1517 765 1577 3.
783 1514 921 1576 Alterum
971 1520 1064 1582 fuerit
1078 1520 1214 1582 vitiata?
1228 1540 1270 1580 an
1285 1537 1376 1581 carne
1394 1518 1538 1579 viliorem
1559 1511 1742 1575 universalis

192 1615 409 1685 adiumentum»
421 1608 498 1688 quod
510 1608 715 1690 inspersere
728 1606 817 1668 eidem
836 1608 923 1668 inesse
973 1611 1128 1674 medicina
1148 1612 1313 1693 despexit?
1334 1629 1375 1671 an
1389 1610 1506 1690 peccati
1525 1608 1654 1669 vnlnere
1668 1621 1742 1664 seu-

194 1695 314 1760 Clrrr'eto
328 1718 387 1760 non
396 1709 547 1779 poterunt,
562 1701 614 1762 ubi
628 1699 663 1762 de
685 1700 875 1783 quaternario
891 1700 923 1760 in
972 1707 1083 1765 elatam
1110 1706 1307 1785 omnipotens
1342 1721 1450 1764 curare
1484 1695 1649 1780 nequivit?
1680 1695 1742 1756 Sed

195 1787 923 1872 teristratus·concucurrerunttorosarpc·
971 1796 1086 1857 horum
1120 1797 1270 1876 primum,
1299 1801 1553 1875 postremumque
1586 1790 1641 1869 qui
1667 1805 1741 1848 sen-

193 1883 357 1959 mentondi,
365 1883 476 1964 quodsi
483 1905 560 1946 ruens
570 1885 700 1947 humone
709 1892 777 1945 esset
790 1902 924 1962 essump-
971 1889 1064 1965 ciunt,
1085 1898 1115 1954 ct
1128 1890 1277 1949 advorsus
1291 1887 1439 1948 virtutem
1450 1884 1611 1960 Creatoris,
1627 1886 1740 1941 etcon-
1800 1881 1806 1891 '

194 1982 236 2050 ta,
249 1974 442 2055 cogitationes
451 1977 594 2051 carnutes,
604 1987 633 2038 et
645 1978 760 2039 uitione
772 1975 923 2037 tut'hrieto
971 1986 1019 2041 tra
1032 1979 1203 2061 potentiam
1218 1980 1384 2041 Salvatoris
1395 1978 1526 2039 rebelles
1540 1976 1676 2037 existunt
1690 1993 1698 2031 z
1714 1971 1740 2031 si

191 2065 328 2145 fuissent,
341 2066 465 2149 adeoque
482 2070 597 2150 peceati
613 2089 718 2152 erpere
737 2088 796 2130 non
807 2068 920 2150 suisset.
971 2072 1021 2133 vel
1032 2072 1167 2152 aliquam
1181 2079 1353 2134 creaturam
1368 2076 1481 2150 putant
1492 2088 1512 2129 a
1525 2070 1590 2128 Deo
1603 2082 1669 2125 non
1679 2062 1741 2123 lac-

192 2157 358 2238 Iieseltitur
373 2160 431 2222 isto
444 2162 523 2222 ratio
537 2179 573 2223 en
583 2181 623 2237 eo,
636 2161 715 2243 quod
724 2180 760 2223 ne
771 2161 800 2222 in
809 2159 923 2222 Adone
970 2169 1053 2239 tnm3
1082 2165 1132 2225 vel
1158 2165 1196 2225 ad
1224 2162 1354 2225 salutem
1381 2163 1494 2223 unimae
1522 2155 1741 2220 conserendam

191 2248 310 2330 quidem
322 2259 389 2313 ante
402 2252 527 2333 lapsum,
542 2252 750 2336 ejusdemmodi
759 2252 920 2334 succinti).
970 2260 1154 2334 potestatem
1177 2256 1283 2316 dicunt
1308 2252 1535 2335 Omnipotentis
1559 2248 1738 2310 invalidam.

191 2341 354 2403 Athanasii
377 2343 457 2407 loun
476 2346 608 2426 quidum,
633 2365 689 2427 quo
722 2344 922 2407 Monothetetee
972 2346 1098 2407 [irrohus
1112 2363 1185 2408 vero
1199 2348 1308 2408 mediis
1329 2364 1387 2408 nec
1412 2349 1572 2426 peccatum
1600 2339 1739 2401 conside·

192 2433 279 2495 aussi
305 2443 385 2512 sunt,
416 2445 605 2518 exponitur:
638 2458 673 2498 oc
706 2437 741 2499 de
775 2437 922 2499 uoluntate
971 2446 1042 2500 rant
1055 2439 1213 2500 rationalis
1229 2445 1391 2515 creaturae,
1407 2456 1465 2498 nec
1482 2435 1652 2496 meritum:
1674 2449 1740 2492 non

191 2540 304 2609 γνωμικῇ
313 2529 591 2608 poucotruduntur,
604 2549 670 2612 quse
683 2531 716 2591 in
732 2529 849 2593 Christo
865 2548 922 2590 non
971 2532 1178 2610 intelligentes
1203 2550 1294 2593 carne
1324 2549 1380 2592 sua
1406 2529 1547 2590 viliorem
1575 2544 1640 2587 esse
1674 2542 1739 2584 non

191 2617 283 2695 fursee
296 2617 420 2683 dieitur.
436 2625 467 2683 d.
483 2622 578 2683 Aliud
586 2630 791 2704 argumentum
805 2622 924 2704 Apolli·
970 2642 1071 2703 posse,
1088 2643 1158 2703 quae
1170 2624 1267 2685 vitam
1276 2624 1386 2685 tribuit
1400 2621 1504 2695 carni3
1522 2626 1554 2681 et
1568 2619 1654 2679 illam
1668 2634 1739 2696 gra-

189 2711 284 2790 norr's,
294 2712 435 2792 quodduo
449 2725 539 2776 esseut
552 2719 685 2791 ἡγεμονικὰ
699 2716 729 2775 in
747 2712 871 2777 Cdrr‘sto.
887 2713 924 2774 ld
970 2717 1039 2777 vius
1052 2717 1247 2778 vulneratam
1261 2734 1328 2795 quar
1341 2734 1397 2795 per
1419 2712 1656 2792 intelligentiam
1671 2727 1737 2770 ma-

191 2820 260 2863 cero
274 2804 446 2885 consolatur
460 2816 505 2869 :et
515 2807 550 2869 de
560 2808 700 2880 ἡγεμονικῷ
710 2806 810 2888 otique
823 2805 923 2887 dispu-
970 2808 1017 2887 gis
1031 2809 1133 2888 potuit
1145 2809 1285 2870 resistere
1300 2807 1456 2869 tentatori.
1465 2805 1618 2883 lllaigitnr
1636 2800 1738 2862 omni·

192 2902 306 2957 sattim·-
970 2905 1080 2980 potens
1094 2902 1204 2980 virtus,
1220 2906 1251 2961 et
1264 2901 1316 2979 pic
1337 2897 1498 2979 sapientia,
1521 2914 1577 2956 nec
1600 2892 1739 2973 despexit

969 2993 1057 3054 velut
1070 2999 1259 3068 extraneam,
1276 3009 1372 3073 quem
1385 3009 1403 3052 a
1417 3009 1449 3052 se
1463 2992 1593 3051 noverat
1612 2985 1735 3058 laeum,

24 3116 121 3161 „„„„„
193 3080 218 3140 l.
236 3081 354 3142 Praeter
366 3089 551 3159 argumenta
563 3082 627 3157 illa,
644 3101 714 3162 qnae
728 3084 826 3163 capite
836 3091 923 3147 ante·
969 3103 1027 3145 nec
1040 3086 1156 3163 sprevit
1173 3085 1353 3160 sanandam,
1375 3100 1469 3163 quam
1482 3080 1597 3142 sciehat
1613 3077 1737 3157 gravius

24 3171 133 3267 mg·-
154 3172 281 3233 cedente
307 3178 466 3254 proposui,
491 3174 603 3255 quihus
627 3176 765 3236 animam
781 3194 799 3236 a
817 3178 921 3238 Verbo
969 3175 1166 3237 vulneratam
1183 3195 1190 3235 ι
1206 3194 1358 3251 neceam,
1375 3191 1570 3255 quamcarne
1585 3170 1737 3251 potiorem

24 3284 125 3339 incenia
153 3271 343 3344 assumptam
357 3284 421 3328 una
439 3286 512 3328 eum
531 3286 660 3345 corpore
678 3267 781 3341 fuisse,
803 3275 922 3332 veteres
969 3266 1049 3339 fecit,
1074 3286 1092 3327 a
1116 3267 1254 3327 remedio
1278 3266 1384 3326 salutis
1411 3265 1550 3326 exclusit.
1577 3261 1639 3322 Sed
1658 3261 1737 3320 sient

26 3338 118 3384 ¹²''‘¹''¹'⁰'
154 3356 303 3434 probant;
317 3377 418 3419 unum
433 3364 588 3439 postremo
611 3360 678 3420 loeo
697 3363 921 3425 reservavimus
969 3364 1070 3419 totum
1103 3358 1264 3421 hominem
1297 3357 1438 3418 diabolus
1465 3352 1647 3434 decipiendo
1669 3369 1738 3430 per-

152 3448 190 3507 ah
219 3450 384 3528 Fulgentio
412 3452 582 3531 proditum,
611 3453 681 3513 idco
715 3453 798 3530 qnod
827 3454 921 3534 huius
969 3451 1072 3527 cussit,
1103 3452 1145 3511 its
1172 3452 1254 3512 Dens
1279 3455 1380 3510 lotum
1406 3447 1602 3527 suscipiendo
1636 3441 1736 3503 selva·

151 3542 292 3602 tractatio
315 3545 487 3604 accuratius
508 3544 715 3622 disceptandas
742 3547 920 3624 questionis
968 3543 1038 3605 vit:
1059 3548 1095 3603 ut
1117 3548 1335 3622 agnosceretur
1361 3541 1444 3602 idem
1468 3544 1616 3601 creature
1642 3536 1736 3594 totins

150 3632 255 3711 hujus,
283 3639 315 3694 et
342 3634 539 3713 Arianorum,
569 3636 920 3718 Apollinaristerumque
970 3635 1121 3712 conditor,
1147 3641 1178 3696 et
1199 3635 1388 3715 redemptor,
1411 3632 1465 3712 qni
1487 3629 1590 3712 potuit
1603 3633 1633 3688 et
1652 3624 1736 3705 quod

152 3727 323 3803 presertim
349 3728 584 3789 refutandorum
612 3729 803 3790 occasionem
831 3731 920 3793 nohis
969 3746 1033 3788 non
1062 3732 1128 3788 eret
1154 3727 1265 3800 facero,
1290 3732 1321 3788 et
1345 3726 1429 3805 quod
1456 3724 1621 3802 dilapsum,
1637 3718 1737 3779 fuerat

151 3813 269 3875 afferet.
278 3815 329 3876 Sic
341 3822 446 3877 autem
456 3817 659 3885 decrevimus,
672 3818 823 3898 praecipua
833 3819 920 3881 istius
968 3837 1123 3899 reparare.
1138 3841 1154 3876 l)

151 3905 277 3967 heresis
303 3907 501 3971 firmamenta
527 3910 698 3970 convellere
725 3914 756 3971 et
781 3916 918 3973 evertere
1010 3913 1049 3972 ll.
1063 3913 1181 3973 Verum
1196 3910 1280 3989 quod
1294 3909 1334 3970 ad
1347 3908 1478 3970 Arianos
1492 3909 1617 3985 spectat,
1629 3906 1735 3963 eontra
1759 3945 1805 3991 cor
1826 3945 1903 3990 mn,

150 3997 361 4061 hinditushoc
374 4001 407 4061 in
421 4002 608 4080 capiteNon
622 4002 705 4062 enim
720 4002 797 4062 adeo
810 4003 919 4066 stultos
969 4022 1046 4083 quos
1058 4004 1236 4079 Fulgentius
1247 4001 1382 4078 disserit,
1398 4018 1462 4061 non
1479 4004 1544 4060 tam
1564 3993 1744 4057 rationibus
1786 4001 1882 4044 sermon

151 4087 311 4151 hereticos
325 4092 393 4152 illes
412 4092 504 4153 fuisse
527 4094 702 4172 putandum
716 4099 771 4169 est,
794 4094 839 4154 uti
854 4101 919 4156 tam
968 4096 1111 4169 antistis,
1131 4113 1209 4173 quas
1221 4094 1284 4155 illic
1298 4098 1451 4167 recenset;
1468 4095 1522 4152 aut
1535 4088 1596 4149 illis
1609 4085 1735 4166 quibus·
1758 4054 1904 4157 ancssffgssing

151 4181 311 4260 absonam,
324 4188 355 4244 et
367 4184 588 4247 abhorrentem
606 4186 786 4265 opinionem
801 4187 834 4245 in
849 4188 917 4247 ani·
966 4187 1014 4247 vis
1026 4186 1173 4248 adductos
1194 4186 1262 4247 illos
1285 4204 1350 4247 esse
1374 4189 1505 4258 constat,
1526 4184 1562 4241 ut
1584 4178 1681 4240 solem
1698 4176 1733 4236 in
1757 4172 1905 4272 „2523sssssp

152 4292 240 4335 mum
255 4275 446 4351 inducerent,
470 4277 530 4337 nisi
551 4277 667 4357 species
685 4277 745 4337 illis
765 4278 918 4357 qireepiam
968 4277 1190 4339 incarnationis
1212 4282 1404 4338 sacramento
1427 4273 1564 4355 corporis
1586 4270 1732 4332 substan-
1811 4274 1845 4313 te·

151 4366 209 4427 hac
233 4368 459 4448 inquestione
484 4376 561 4429 esset
580 4369 698 4448 objecta
718 4368 915 4445 difficultatis,
966 4372 1042 4431 tiam
1064 4371 1246 4450 effingerent
1271 4369 1389 4431 Christo
1417 4367 1569 4439 Domino3
1595 4363 1732 4425 ammam

152 4474 220 4536 quoe
233 4460 345 4520 velens
357 4461 457 4540 reipsa
471 4467 688 4536 commoveret,
704 4460 754 4527 vel
774 4462 813 4522 ad
825 4480 918 4524 excu-
966 4463 1178 4537 detraherent,
1194 4479 1290 4541 qrram
1300 4461 1395 4522 unice
1408 4459 1472 4533 illa,
1490 4475 1560 4536 quae
1579 4463 1610 4517 et
1621 4456 1654 4516 in
1669 4455 1732 4534 pri-

151 4552 301 4612 sationem
327 4559 437 4632 sponte
464 4558 542 4614 esset
566 4553 661 4614 ascite
685 4554 859 4615 communis
886 4565 917 4617 et
967 4575 1019 4617 mo
1045 4555 1137 4631 libro,
1166 4554 1220 4614 ubi
1246 4554 1284 4615 de
1309 4553 1495 4615 Arianorum
1524 4547 1732 4609 incarnationi

151 4643 290 4703 catholici
304 4644 417 4705 deserti
435 4646 597 4724 dogmatis,
618 4648 649 4705 et
662 4644 785 4705 eosdem
799 4645 838 4705 ah
852 4651 916 4707 tar·
966 4647 1198 4708 adversantium
1211 4645 1318 4705 haeresi
1332 4645 1465 4720 agimus,
1476 4648 1507 4703 et
1521 4639 1611 4702 initio
1625 4639 1733 4719 cepitis

151 4732 265 4808 ditatis,
279 4753 314 4796 ec
329 4736 516 4815 stupiditatis
525 4736 651 4797 infamia
665 4736 845 4798 vindicaret.
966 4738 1174 4800 antecedentis
1188 4738 1326 4818 exposita
1342 4742 1405 4798 est:
1423 4739 1457 4796 ut
1467 4735 1527 4795 hoc
1543 4733 1653 4812 posito,
1668 4732 1732 4812 pri-

191 4826 289 4904 igitur
301 4828 448 4887 adversus
464 4829 592 4888 Arianos
600 4828 746 4888 hnmanae
755 4826 786 4888 in
797 4829 916 4892 Christo
966 4831 1100 4891 marium
1121 4836 1213 4910 caput
1240 4830 1434 4890 adstruerent
1458 4824 1568 4887 nefarii
1590 4825 1638 4884 sui
1661 4824 1734 4900 dog-

152 4924 311 4995 negatores
325 4920 437 4980 animae
458 4916 616 4998 disputans
629 4918 841 4998 Fulgentius¹,
858 4922 917 4983 hoc
966 4922 1091 4983 matis:
1125 4920 1306 4983 dissimilem
1336 4938 1401 4980 esse
1434 4914 1604 4979 substantia
1635 4915 1734 4975 Patris

151 5026 202 5070 eos
215 5017 399 5085 argumento
412 5011 554 5071 lacessit:
576 5028 682 5071 sarisas
699 5010 802 5071 afferri
813 5012 914 5091 jubet,
965 5013 1103 5089 Filium;
1131 5018 1238 5092 utpote
1255 5012 1396 5092 patiendi
1413 5029 1566 5091 capacem.
1587 5007 1733 5069 «Etenim

171 5107 275 5181 roptcr
289 5102 478 5181 quassolum
500 5101 635 5163 hominis
651 5119 762 5180 corpus
781 5102 839 5163 sihi
863 5105 919 5166 nei
965 5106 989 5165 si
1018 5103 1193 5165 inanimum
1216 5104 1426 5165 existimemus
1452 5108 1516 5163 esse
1538 5098 1733 5162 Dominicum

149 5120 230 5252 ilius
255 5192 446 5271 adjunxerit3
472 5194 608 5253 animem
632 5194 812 5271 neglexerit.
836 5196 917 5257 Tum
965 5216 1087 5278 corpus,
1103 5198 1147 5258 ait
1159 5198 1320 5274 Cessarius,
1332 5213 1458 5277 prorsus
1470 5210 1661 5273 consequens
1677 5192 1735 5253 erit

149 5283 256 5344 allntas
277 5303 294 5344 e
312 5284 456 5364 pluribus
478 5291 623 5364 quatuor,
643 5286 750 5347 inanes
775 5304 839 5347 csse
861 5287 915 5349 de·
966 5290 1126 5369 patibilem
1137 5290 1339 5369 pronuntiare
1352 5288 1509 5363 deitatem,
1526 5303 1596 5366 quae
1608 5302 1734 5346 carnem

174 5484 183 5526 l
200 5484 247 5527 lib.
258 5483 267 5527 l
280 5486 338 5527 cont.
348 5485 410 5527 tros.
421 5496 439 5530 e.
454 5495 511 5528 xrrv.
