4036 6162
502 349 554 413 DE
571 347 873 427 INCARNATIONE,
894 351 968 415 LIB.
986 352 1041 430 lli,
1062 354 1144 417 GAP.
1168 355 1222 416 lv.
1597 352 1657 415 389

81 513 124 575 ιε]
146 528 182 573 ex
204 511 375 575 accidenti:
402 513 535 577 seduna
560 532 599 577 ex
625 514 834 592 subsistentia,
889 517 1036 580 diaeonus
1049 536 1161 599 parum
1170 516 1469 599 expeditaloquendi
1481 518 1603 580 ratione
1613 518 1658 580 ita

81 606 134 668 sire
144 623 284 685 persona,
300 606 480 683 exduabue,
494 617 524 670 et
537 608 573 668 in
585 607 705 669 duabus
717 609 837 670 naturis
887 608 1057 690 concipit⁷t
1073 610 1205 673 «Anima
1217 611 1314 690 igitur
1323 609 1493 686 rationalis,
1502 617 1533 671 et
1546 628 1658 690 ‹mrpne

81 697 259 760 substantivo
281 716 365 759 nexu
390 700 472 760 inter
494 717 526 761 se
553 700 711 762 devinctis.
734 703 836 768 Quare
887 701 1022 762 hominis
1045 702 1238 764 identitatem
1263 708 1383 764 naturae
1411 705 1491 763 eirca
1507 703 1658 763 unionem

82 791 236 871 opponitur
261 791 361 853 unitio
378 802 466 872 φυσικὴ
488 794 517 855 ei
535 811 630 873 quam
652 802 766 875 σχετικὴν
784 813 838 856 vo-
887 794 1067 873 suscipiunt.
1083 814 1098 852 a
1117 795 1202 855 idem
1224 812 1318 874 porro
1336 795 1477 855 Rusticus
1491 794 1658 855 naturalem

82 882 263 962 autquarta
275 885 312 944 ab
326 884 467 945 Nestorio
480 885 666 962 fingebatur.
888 885 1046 946 uaittbaem
1059 886 1204 966 acyrillo
1217 886 1432 959 nominarint
1442 904 1655 965 eameausam,

114 974 249 1035 Declarat
278 974 339 1036 hoc
365 975 498 1055 Gyrillus
524 977 559 1037 in
589 977 668 1038 libro
702 978 836 1039 secundo
887 995 982 1056 quem
995 977 1201 1055 affirmamus,
1226 978 1260 1038 in
1281 978 1335 1039 illo
1349 980 1416 1057 ipso
1437 978 1559 1057 dialogo
1573 979 1659 1041 lucu-

82 1065 694 1149 auma'eaosam.1bienimpostquam
707 1078 836 1149 συνάφειαι
887 1069 988 1131 lenter
1016 1071 1155 1131 adstruit.
1182 1072 1261 1132 Nam
1288 1070 1455 1132 sciscitanti
1476 1070 1656 1151 Aeephalo⁸‚

81 1158 153 1220 ibam
165 1159 299 1220 Nestorii
307 1180 323 1218 a
332 1160 524 1222 extrinsecas
536 1160 695 1239 adscitam,
704 1169 737 1223 et
747 1161 838 1223 affec·
894 1186 908 1215 α
921 1163 947 1222 εἰ
961 1180 1025 1222 non
1037 1179 1093 1241 per
1109 1161 1283 1223 unitionem
1296 1180 1360 1223 uua
1379 1167 1490 1224 natura
1512 1164 1591 1224 faeta
1613 1169 1659 1224 est

82 1252 379 1313 ιὶειιεεοιιειειιιειεκι
394 1273 410 1310 ι)
428 1252 617 1333 repudiavit,
643 1271 744 1315 veram
763 1253 838 1315 huic
888 1271 928 1315 ex
951 1253 1085 1329 duabus,
1112 1272 1208 1332 quare
1232 1254 1405 1315 unitionem
1428 1255 1540 1315 dixerit
1566 1261 1658 1315 natu·

82 1344 196 1424 apponit
208 1344 373 1405 unctionem
385 1365 394 1405 z
408 1363 464 1424 per
478 1363 573 1425 quam
590 1366 606 1403 a
619 1363 710 1414 uuus,
723 1346 836 1425 inquit,
887 1345 985 1406 ralem
995 1366 1029 1421 3»
1043 1346 1086 1406 ita
1099 1346 1283 1425 respondet:
1296 1368 1312 1404 a
1324 1346 1369 1406 ld
1378 1346 1581 1408 refellendum
1593 1366 1657 1424 eos,

83 1436 262 1514 intelligitur,
280 1442 312 1497 et
324 1437 424 1497 solus:
449 1438 500 1498 cui
514 1438 615 1498 amnis
633 1455 735 1499 sermo
762 1456 836 1499 con·
888 1438 942 1517 qui
970 1439 1087 1512 dicunt,
1114 1439 1188 1517 quia
1212 1445 1326 1500 nostra
1350 1445 1471 1501 nature
1503 1458 1568 1499 non
1594 1441 1660 1519 ipsa

83 1528 161 1609 pail,
187 1546 224 1589 aa
246 1533 399 1607 tanquam
425 1528 465 1589 ab
488 1547 551 1590 una
577 1547 709 1609 perenna
731 1530 838 1590 omnia
888 1530 993 1590 divina
1005 1530 1100 1591 Verbi
1114 1536 1225 1591 natura
1237 1531 1326 1590 unita
1339 1530 1397 1591 sit:
1413 1532 1467 1591 sed
1479 1532 1566 1592 velut
1578 1533 1659 1593 aeci·

82 1620 241 1681 dicuntur&
257 1640 274 1678 a
295 1642 312 1679 a
326 1622 412 1682 Unus
425 1623 509 1682 enim
522 1621 668 1701 idemque
680 1628 736 1697 est,
746 1627 782 1682 ιιι
795 1624 839 1683 ait
888 1622 965 1682 dens
976 1622 1102 1701 aliquod
1111 1623 1206 1684 Verbi
1214 1623 1447 1697 tantummod03
1463 1628 1499 1683 ut
1513 1623 1658 1702 dignitas,

81 1711 155 1789 lao',
168 1731 241 1774 vere
256 1713 313 1773 Dei
321 1713 425 1789 Filius,
437 1719 468 1774 et
480 1731 553 1774 vere
567 1714 702 1775 hominis
715 1713 833 1789 filinae
888 1719 922 1774 ut
934 1714 1110 1787 auctoritas,
1121 1721 1158 1775 ut
1166 1720 1310 1793 potestas.
1323 1709 1564 1776 Praetermittens
1575 1717 1661 1776 enim

82 1806 184 1885 quiex
207 1812 342 1884 utraque
356 1811 477 1883 natura,
501 1822 571 1885 quae
592 1812 665 1867 sunt
687 1807 837 1885 cujusque
887 1807 1037 1884 quoniam
1050 1824 1115 1866 non
1130 1805 1442 1885 conjungendarum
1456 1807 1660 1869 subsistentiae

81 1897 190 1978 propria
208 1897 296 1970 iacit,
312 1916 349 1959 nc
366 1896 515 1977 loquitur.
530 1899 610 1959 Tum
624 1901 668 1958 ita
681 1898 838 1960 distinctae
888 1899 1060 1958 secundum
1075 1898 1273 1976 dignitatem,
1296 1899 1345 1959 vel
1362 1899 1594 1969 auctoritatem,
1610 1900 1660 1960 vel

82 1988 235 2051 intlrristo
247 1989 356 2050 ambas
374 2007 439 2051 esse
453 1995 580 2051 naturas
605 1991 688 2051 idem
707 1991 839 2071 cyrillus
888 1995 1082 2068 potestatem,
1091 1990 1192 2049 solum
1203 1996 1278 2051 tunc
1288 1989 1408 2065 intulit;
1421 1990 1474 2050 sed
1488 1991 1660 2052 seeundum

81 2082 182 2155 merit,
201 2087 399 2143 autunusex
409 2082 560 2143 ambabus
571 2082 837 2160 intelligaturesse
890 2080 1065 2142 unitionem
1078 2082 1272 2143 naturalem:
1289 2082 1393 2157 idest,
1414 2083 1551 2161 ipsarum
1566 2089 1658 2142 natu·

82 2170 221 2249 Christus,
237 2174 314 2234 dum
328 2190 402 2233 vera
416 2174 559 2235 unitione
571 2182 744 2251 congruant
756 2176 837 2235 invi·
889 2191 1016 2233 rarum:
1041 2178 1192 2252 tanquam
1205 2174 1231 2233 si
1244 2174 1313 2252 quis
1327 2173 1418 2248 dicat,
1435 2173 1548 2234 chorus
1560 2175 1660 2254 ringe-

79 2281 138 2325 cem
151 2264 302 2340 divinitas,
318 2270 349 2326 et
369 2266 606 2326 humanitas⁰.n
624 2268 668 2325 Et
680 2267 711 2325 in
727 2265 837 2347 Defen-
888 2264 976 2340 licus,
1003 2265 1095 2325 idest
1120 2264 1232 2326 chorus
1247 2265 1446 2345 Angelorum.
1464 2266 1604 2326 Necnon
1618 2267 1658 2326 ob

77 2360 151 2416 aeae
161 2355 408 2418 Anneianum
416 2357 499 2418 tertii
505 2364 608 2419 contra
618 2356 836 2437 Theodoretum,
888 2356 958 2432 hoc,
974 2359 1120 2435 quianon
1132 2374 1263 2437 persona
1273 2362 1319 2419 εει
1332 2357 1420 2418 unita
1430 2375 1589 2436 personta3
1606 2357 1660 2419 sed

78 2447 127 2507 ubi
144 2449 295 2510 rationem
308 2448 435 2526 reddit¹‚
461 2466 518 2510 cur
527 2449 691 2510 naturalem
705 2451 839 2530 appellet
889 2450 970 2510 Deus
984 2449 1122 2510 Verbum
1144 2455 1283 2510 nostram
1306 2455 1451 2510 naturam
1479 2450 1660 2529 sibimetipsi

79 2540 228 2618 unionem,
238 2542 282 2602 nit
291 2548 456 2621 propterea
468 2559 501 2603 se
514 2542 558 2602 ita
571 2541 669 2620 loqui,
682 2547 718 2602 ut
729 2542 838 2604 falsam
888 2541 979 2601 unire
993 2540 1214 2619 dignatusest,
1230 2559 1294 2602 non
1314 2546 1540 2602 veronostram
1553 2560 1659 2621 perso·

80 2637 226 2713 megnardo
240 2632 400 2708 excludat3
414 2651 454 2694 ex
476 2650 538 2712 qua
553 2651 618 2694 non
631 2651 715 2693 ιιιιιιε
736 2635 839 2696 existit
888 2650 1203 2702 namzuenonvera,
1218 2634 1362 2712 nequein
1375 2651 1658 2712 uuampersonam,

80 2742 151 2799 vere,
164 2726 354 2805 proprieque
367 2727 422 2786 Dei
439 2725 548 2800 Filius,
561 2725 616 2785 sed
629 2726 692 2786 duo
705 2726 839 2805 separati
887 2742 989 2803 neque
998 2725 1032 2784 in
1045 2741 1147 2785 unum
1159 2724 1238 2786 iaetu
1253 2730 1387 2804 ponatur
1397 2724 1532 2786 unitio.»
1543 2726 1660 2800 Quibus

80 2834 96 2876 ε
116 2835 144 2877 se
164 2818 301 2879 invicem
325 2823 357 2878 et
380 2817 534 2895 disjuncti,
550 2817 747 2896 quodipsum
760 2824 791 2879 et
804 2819 838 2880 in
888 2815 922 2875 in
935 2817 1054 2877 Rustici
1081 2816 1184 2877 verbis
1205 2816 1284 2877 illud
1312 2816 1538 2876 observandum
1561 2818 1658 2894 venit,

80 2907 136 2968 aliis
146 2908 539 2988 Aaatltematiamiejusdem
554 2909 836 2985 declarationibus⁸,
887 2908 1050 2968 naturalem
1066 2907 1106 2968 ob
1128 2908 1161 2969 id
1183 2909 1358 2968 unitionem
1385 2907 1552 2984 nominari,
1574 2908 1659 2987 quod

79 3006 105 3060 et
115 3002 145 3061 in
157 3002 280 3065 caeteris
293 3006 402 3062 eontra
419 3001 596 3063 Nestorium
619 3020 637 3061 ε
662 3019 695 3062 εε
715 3002 838 3082 scriptia
887 3004 1000 3060 natura
1009 2999 1292 3080 homiuispersouae
1300 3004 1346 3060 est
1358 3000 1521 3077 conjuncta
1531 2999 1656 3061 divinae:

78 3089 153 3153 libris
163 3099 318 3173 perpetuo
338 3100 569 3154 commemorat.
586 3093 661 3154 Non
674 3099 838 3155 astantem
887 3107 984 3170 eaque
995 3091 1556 3170 conjunctiononinaccideutealiquo
1567 3091 1657 3169 iacta,

79 3200 148 3257 tera,
163 3183 362 3246 etnaturalis
381 3185 497 3261 unitio,
513 3203 583 3264 qua.
597 3202 698 3245 unum
711 3186 837 3264 proprie
885 3183 973 3244 velut
995 3183 1029 3243 'm
1050 3183 1213 3261 dignitate,
1239 3189 1294 3243 aut
1307 3189 1467 3262 potestate,
1484 3188 1519 3242 ut
1532 3184 1660 3262 putabat

79 3291 132 3335 nou
143 3275 244 3352 efficit,
262 3277 319 3337 sed
331 3276 395 3338 duo
415 3277 575 3356 relinquit,
594 3277 682 3337 nullo
703 3276 786 3337 inter
804 3294 837 3338 se
887 3276 1061 3351 Nestorius;
1073 3275 1126 3336 sed
1137 3276 1300 3335 intraturis
1312 3275 1396 3353 ipsis,
1408 3275 1471 3334 sive
1485 3275 1520 3334 in
1535 3280 1657 3352 natura,

78 3365 256 3430 substantivo
270 3387 355 3430 nexu
370 3368 524 3448 copulata.
887 3373 918 3429 et
937 3385 1086 3446 persona:
1110 3367 1161 3426 vel
1190 3367 1292 3445 potius
1318 3372 1430 3426 natura
1453 3384 1519 3426 non
1545 3366 1659 3427 subsis-

5 3478 62 3522 ιιι
110 3460 274 3523 VtTertio
286 3459 435 3523 eumue
445 3459 546 3521 unitio
555 3458 589 3520 in
603 3458 725 3520 Christo
739 3459 838 3520 uomi-
885 3464 981 3533 teute‚
1003 3466 1035 3519 et
1060 3463 1173 3519 nature
1194 3457 1390 3519 subsistente.
1406 3459 1472 3519 Hoc
1485 3456 1543 3519 nisi
1564 3464 1654 3533 esset,

5 3528 60 3633 *ᾖ
79 3555 168 3627 natur,
182 3553 260 3633 quin
282 3557 397 3613 natura
409 3552 474 3612 sola
486 3550 622 3612 bominis
635 3568 709 3612 cum
721 3550 836 3627 Verbo,
886 3570 989 3631 neque
1010 3568 1095 3627 vera,
1119 3568 1177 3612 nec
1202 3550 1236 3610 in
1258 3566 1359 3611 unum
1383 3568 1456 3612 vere
1477 3549 1556 3612 iacta
1576 3555 1656 3613 esset

5 3642 43 3729 :a
78 3658 276 3724 nonpersona
301 3643 522 3723 conjungitur:
547 3659 606 3703 nec
629 3646 676 3703 εει
696 3650 837 3722 προσώπων
884 3645 995 3707 unitio.

6 3741 61 3794 *tu
78 3741 160 3813 ινεεις,
175 3742 231 3798 εει
244 3744 414 3817 amisi:
430 3740 466 3795 ut
490 3753 529 3796 ex
551 3733 681 3814 Cyrillo,
709 3734 838 3813 aliisque
925 3736 992 3797 VIl.
1016 3735 1080 3795 Etsi
1093 3739 1199 3794 autem
1213 3733 1313 3795 unitio
1326 3726 1395 3809 ista,
1410 3744 1464 3797 κατ’
1475 3741 1597 3809 εὐδοκίαν,
1621 3732 1655 3794 id
1687 3765 1763 3812 mm,
1778 3765 1817 3810 m,

77 3823 839 3904 aepiteantecedentediximus⁸.QuoetMaxentius
886 3833 932 3889 εει
950 3827 1015 3888 sola
1036 3827 1094 3887 Dei
1113 3826 1259 3905 benigna,
1284 3832 1315 3887 et
1339 3826 1478 3887 benefica
1497 3826 1656 3886 voluntate
1680 3821 1819 3928 aenigma

77 3921 197 4000 respexit
208 3919 310 4001 paulo
324 3924 396 3980 aute
410 3916 551 3994 citatus⁸,
568 3917 645 3978 dum
661 3918 836 3996 «animali,
886 3919 1020 3999 perfecta
1038 3919 1096 3978 sit:
1116 3917 1169 3977 Sic
1187 3918 1266 3977 caim
1284 3916 1364 3978 Deae
1377 3916 1487 3977 dileuit
1502 3915 1654 3991 maedam,
1722 3926 1787 3973 taen.

77 4027 131 4071 uon
139 4011 299 4091 personali
315 4012 520 4073 conventione
533 4010 662 4070 unitas»
675 4027 740 4071 esse
760 4011 837 4071 duas
887 4015 922 4071 at
935 4009 1054 4071 Filiam
1074 4028 1158 4070 cuam
1182 4007 1366 4090 aaiqeattam
1390 4005 1514 4068 daret':
1542 4008 1656 4069 nibilo-

77 4100 720 4167 iuibristosubstantiasaffirmattnecnon
729 4101 839 4163 Petrus
887 4102 991 4163 minus
1005 4100 1161 4162 hacrelut
1188 4099 1337 4161 efficiente
1363 4117 1464 4174 causa,
1490 4102 1522 4158 et
1547 4098 1660 4177 impul-

77 4191 220 4257 diaeonns.
887 4193 974 4255 sione
999 4193 1113 4273 posita,
1140 4191 1308 4269 enarrabo,
1335 4197 1366 4251 et
1391 4191 1581 4252 substantiva
1607 4210 1656 4269 eo,

108 4286 321 4351 Theodoretus
342 4293 426 4348 certe
443 4285 605 4347 coitionem
627 4283 740 4345 anime
766 4301 838 4346 cum
888 4303 983 4365 quem
997 4285 1061 4345 dixi
1077 4284 1181 4357 modo,
1198 4288 1302 4344 secuta
1323 4288 1370 4343 εει
1383 4290 1565 4343 naturarum
1581 4300 1657 4343 con·

77 4394 190 4459 torpore
202 4387 312 4461 φααὴν
326 4384 416 4440 vocat
425 4377 449 4455 ⁸3
469 4396 582 4457 nempe
595 4378 668 4457 quia
676 4377 839 4437 unumali·
889 4379 993 4439 ιιειιιε.
1004 4376 1154 4456 Exposuit
1165 4376 1225 4436 hoc
1238 4376 1351 4436 diserte
1361 4375 1521 4436 Nemeeius
1534 4375 1567 4434 in
1579 4375 1660 4436 calae

76 4473 147 4549 quod
158 4491 215 4554 per
235 4489 307 4534 sese
319 4470 448 4540 faciunt,
465 4487 531 4531 non
544 4470 610 4530 sola
622 4469 793 4546 voluntate,
809 4473 840 4530 ει
889 4469 999 4549 capitis
1020 4468 1103 4528 tertii
1125 4467 1226 4527 verbis
1249 4467 1325 4527 istis.
1344 4488 1360 4524 a
1373 4467 1443 4527 Non
1463 4467 1560 4545 igitur
1573 4466 1661 4528 beni·

76 4568 170 4644 atate.
186 4567 382 4642 Quanquam
391 4563 452 4623 alia
464 4567 614 4640 praeterea
623 4579 715 4622 causa
722 4561 840 4638 subest,
889 4579 987 4642 gnum
999 4561 1146 4641 placitum
1157 4560 1269 4621 modus
1282 4564 1328 4619 est
1338 4559 1497 4635 unitionis,
1511 4559 1557 4620 uti
1571 4559 1661 4621 claris

76 4669 134 4733 que
146 4657 178 4718 in
200 4657 330 4719 Christo
348 4654 478 4716 minime
504 4653 652 4716 cernitur.
681 4653 841 4732 Siquidem
889 4653 1075 4733 qmbusdam
1086 4652 1163 4713 viris
1173 4652 1291 4731 placet:
1306 4652 1359 4712 sed
1369 4657 1480 4713 natura
1490 4650 1557 4731 ipsa
1570 4669 1662 4729 causa

76 4747 167 4810 mima
188 4756 221 4812 et
234 4765 356 4826 corpus
378 4747 412 4808 in
437 4747 531 4806 unius
549 4750 667 4807 neturae
687 4744 840 4825 composi·
890 4752 947 4806 est.
961 4747 1041 4805 Nam
1055 4744 1139 4824 quod
1165 4762 1275 4824 corpus
1299 4743 1442 4824 suscepit,
1473 4743 1584 4804 merito
1600 4743 1661 4804 diei

75 4835 178 4904 tionem
197 4842 385 4921 junguntur
414 4839 569 4913 invicem,
593 4838 678 4918 qnod
699 4838 841 4899 Rusticus
891 4843 991 4918 potest
1022 4837 1056 4897 id
1084 4836 1221 4915 benigna
1240 4836 1400 4897 voluntate
1427 4836 1545 4898 iecisse.
1570 4835 1661 4902 Quod

104 5027 206 5083 acu.
227 5028 281 5095 Τὴν
306 5026 404 5097 θύραθεν
419 5025 603 5098 ἰπιεοοεμιιηε,
632 5026 688 5092 litat
712 5026 837 5098 εχετειήν.
924 5026 1068 5082 acratas..
1085 5024 1151 5080 ibid.
1179 5024 1247 5078 Ἀλλ’
1262 5018 1298 5087 εἷς
1312 5022 1335 5085 ἔξ
1349 5023 1440 5096 tapetio
1454 5027 1545 5079 νοεῖται
1557 5025 1660 5096 Χριστὸς

105 5106 121 5163 b
136 5109 204 5167 ibid.
224 5110 303 5164 otta
313 5128 341 5165 τε
355 5104 390 5173 εἶς
397 5104 501 5175 νοεῖται,
515 5109 557 5162 aab
570 5109 653 5180 μόνος.
669 5108 764 5171 tacete
773 5106 841 5180 αὖτῷ
889 5108 941 5162 καθ’
954 5108 1041 5163 ἕνωσιν
1055 5106 1133 5176 ἀληθῆ
1151 5108 1268 5178 ἀλλήλοις
1289 5107 1486 5180 εεμὸεὗηεότεν,
1501 5109 1615 5177 θεότητός
1623 5123 1660 5170 τε,

73 5189 268 5336 Qum«,
294 5193 335 5247 aa
361 5193 395 5257 a
419 5191 444 5255 ιε
468 5191 522 5257 εις
543 5192 678 5265 aptam
704 5188 737 5245 a
763 5190 843 5245 caea
890 5190 1138 5262 ειεερωπεηες.

98 5444 109 5487 t
121 5445 160 5502 Rp.
169 5446 200 5492 ad
210 5447 277 5493 fla.
287 5454 310 5496 x,
320 5455 340 5491 a.
347 5444 426 5490 ειμι
438 5444 541 5501 dpapm.
551 5453 593 5490 vui
602 5442 660 5501 ltpb.
668 5443 788 5491 Cana-8
800 5443 854 5489 ride
863 5444 922 5489 lb.-
932 5444 946 5488 l
958 5440 1070 5499 §tt-b
1084 5442 1138 5491 Hae.
1149 5452 1169 5488 a.
1178 5452 1223 5489 1.-
1234 5440 1249 5486 a
1261 5440 1320 5488 bial.
1330 5440 1405 5487 n.—'l
1419 5439 1477 5493 utel,
1487 5439 1545 5484 aaut.
1553 5437 1658 5492 latet.-

78 5502 160 5557 Ιῐιειι,
169 5508 202 5553 ib.
216 5507 261 5554 eet
269 5506 343 5552 etta
353 5507 452 5564 seq-0
463 5508 526 5553 loeta
537 5517 573 5557 ιιι,
586 5504 622 5550 te.
