4078 6162
523 351 575 411 DE
594 350 890 425 INGARNATIONE,
910 351 985 415 LIB.
1008 351 1065 431 111,
1086 352 1173 419 CAP.
1195 352 1246 412 XI.
1622 352 1682 423 435

90 512 252 593 recidisse,
267 519 304 581 ut
317 535 334 573 ο
346 534 412 577 non
423 515 462 578 sit
474 516 553 581 alter
567 516 863 592 Deus,alterbomo;
916 515 1075 581 Christum
1091 537 1099 579 ι
1119 520 1177 581 hoc
1190 523 1236 581 est
1248 534 1347 589 anem
1359 535 1399 579 ex
1420 514 1543 579 duabus
1564 515 1684 581 naturis

92 605 148 671 sed
159 604 250 669 ἰιίοοι
263 607 354 689 Deus,
370 607 454 672 idem
467 608 574 675 homo.
603 609 662 683 Qui
675 609 760 671 enim
774 612 865 671 natu·
915 626 1081 689 personam
1094 610 1274 679 consistere.

91 697 166 761 ralis
188 704 241 763 est
260 698 342 765 tilius
364 700 512 780 Virginis,
539 704 623 764 idem
644 701 794 765 naturalis
821 705 867 771 est
957 701 1008 762 lV.
1024 701 1111 764 Alter
1124 703 1209 767 locus
1223 723 1261 766 ex
1274 702 1462 784 epistolaead
1479 699 1684 780 Philippenses

91 790 176 853 filius
190 791 260 871 Dei,
278 814 290 852 ι
308 792 351 859 eit
364 795 476 855 Petrus
502 793 650 866 diaconus
663 794 686 855 ¹.
709 797 749 859 Et
769 794 867 875 Lepo·
916 792 1157 875 capitesecundo
1179 816 1186 858 :
1208 797 1264 861 ubi
1288 798 1327 858 de
1346 795 1465 865 Gbrmto
1484 792 1621 874 loquitur
1641 789 1685 859 tie

91 883 158 945 rius
177 884 276 965 'apud
301 884 478 951 Cassianum
494 886 529 947 ¹:
546 907 562 945 u
582 887 644 948 Nec
665 885 743 949 alter
768 886 866 963 Daue,
916 886 1103 966 Apostolus:
1126 888 1187 967 Oai
1207 909 1273 953 aum
1296 894 1329 955 ι’νν
1341 889 1440 970 [aeota
1459 887 1517 953 aa
1527 890 1612 962 emet,
1626 901 1685 945 aon

92 975 171 1037 alter
199 976 328 1039 homo:
358 979 413 1039 sed
439 977 523 1040 idem
542 978 608 1060 ipse
631 980 728 1055 tiens,
756 976 811 1059 qui
838 981 869 1039 et
917 978 1053 1061 rapinam
1071 981 1238 1047 arbitratus
1260 990 1301 1045 ert
1322 1001 1379 1045 aare
1401 1000 1429 1043 se
1448 980 1586 1061 aqualem
1609 975 1682 1051 Deve

93 1068 189 1133 homo
207 1088 216 1129 ι
237 1074 270 1133 et
280 1068 415 1135 vicissim
427 1069 533 1147 bomo,
549 1071 604 1151 qui
618 1077 649 1133 et
669 1070 760 1143 Deus,
776 1070 868 1131 lesus
916 1069 966 1131 sed
974 1073 1156 1154 semtipsum
1169 1075 1349 1152 exinanivit,
1369 1074 1499 1155 formem
1511 1070 1589 1135 serui
1602 1068 1684 1132 occi·

94 1159 238 1225 emisse
254 1179 334 1229 unus
351 1162 407 1227 Dei
423 1162 506 1225 tilius
527 1170 735 1249 nuncupetur,
750 1168 781 1225 et
793 1178 867 1227 tare
914 1167 1009 1243 piens,
1034 1170 1067 1225 ia
1087 1166 1317 1228 similitudinem
1338 1166 1489 1229 tramitum
1503 1165 1613 1246 factus.
1628 1159 1686 1225 Hic

94 1249 176 1317 sits
916 1273 990 1317 vero
1005 1253 1684 1327 menifestounuminduabusnaturisexis-

34 1418 39 1426 ‚
133 1346 188 1409 ΙΙΙ.
199 1346 245 1408 Ut
258 1346 354 1425 igitur
365 1347 406 1409 ab
422 1347 590 1431 Scripturis
600 1349 770 1422 ordiemur,
781 1347 867 1410 testis
916 1352 981 1410 tere
996 1349 1165 1428 Christum,
1173 1353 1232 1415 hoc
1244 1359 1291 1413 est
1303 1371 1400 1415 unam
1408 1369 1574 1432 personam
1583 1350 1686 1409 Deum

96 1444 139 1499 est
149 1438 301 1518 cyrillus,
319 1460 335 1496 c
349 1439 497 1501 divinitus
519 1441 681 1521 inspiratas
694 1459 802 1505 ornnes
815 1441 868 1501 lit·
918 1459 982 1503 esse
995 1442 1090 1507 simul
1103 1444 1315 1523 ethominem,
1328 1445 1491 1524 siguificat.
1506 1445 1623 1505 Namet
1632 1441 1686 1520 qui

95 1535 188 1607 terea
213 1533 318 1595 Deum
334 1532 502 1613 praedicere
519 1534 631 1611 tilium,
655 1548 687 1596 et
709 1534 869 1601 hominem
917 1535 1560 1618 seeciaambit,[teumopottetesse3qaiin
1573 1535 1684 1610 forma,

95 1623 237 1701 factum,
266 1629 297 1685 et
324 1624 470 1689 eumdem
497 1643 598 1689 unum
624 1626 740 1706 ubique
765 1626 867 1687 nomi·
917 1625 1036 1689 bocest
1055 1634 1168 1690 natura
1184 1630 1291 1691 divina
1312 1630 1399 1710 prius
1417 1629 1533 1695 fuerit:
1550 1633 1581 1690 et
1602 1628 1685 1689 idem

95 1734 170 1779 nare
184 1726 246 1779 ’.ιν
266 1718 366 1796 Atque
380 1723 416 1785 ut
441 1736 539 1798 pauca
560 1719 703 1801 quedem
719 1737 758 1780 ex
778 1718 870 1787 innu-
918 1736 984 1780 non
994 1719 1054 1785 elia
1066 1721 1185 1786 ratione
1198 1722 1399 1801 semetipsum
1411 1719 1687 1797 sesemetipsum

96 1811 190 1870 meris
225 1809 404 1875 testimonia
430 1810 569 1889 seligam,
604 1811 683 1875 illud
716 1811 870 1893 imprimis
919 1812 1071 1875 sevilam
1098 1818 1129 1875 et
1146 1812 1337 1879 imbecillum
1355 1814 1514 1877 homiuem
1533 1811 1684 1885 faciendo,

96 1898 178 1965 subit
191 1899 303 1965 animo
314 1904 437 1979 tritum,
451 1904 505 1964 sed
519 1904 642 1983 insigne
656 1922 694 1966 ex
707 1904 868 1983 Evangelii
919 1904 1003 1982 quod
1014 1904 1158 1985 deinceps
1171 1924 1237 1968 esse
1253 1906 1356 1987 acepit.
1370 1907 1457 1968 Unus
1470 1922 1543 1983 argo
1557 1904 1591 1965 in
1609 1904 1687 1967 dua-

96 1992 229 2057 Joennis
254 1992 354 2066 initio,
386 1993 512 2059 Verbum
535 2015 604 2061 caro
624 1998 738 2079 sactum
765 2006 818 2076 est,
839 2007 868 2061 et
919 1996 978 2059 bus
988 1999 1111 2059 naturis
1124 2003 1169 2060 est
1183 2000 1371 2072 inarmatus,
1380 2008 1464 2079 λόγος,
1477 2016 1512 2059 ee
1525 1996 1581 2060 Dei
1591 1995 1684 2057 filius.

96 2082 243 2147 habituum
256 2084 288 2147 io
302 2085 392 2162 noto,
416 2092 474 2149 etc.
496 2089 541 2151 Ex
562 2106 624 2168 quo
649 2091 709 2151 Leo
728 2090 811 2169 Papa
824 2091 869 2157 ita
920 2090 1003 2153 Bene
1029 2090 1123 2169 hujus
1151 2090 1339 2170 argumenti,
1369 2095 1401 2153 et
1416 2088 1584 2170 apostolici
1599 2088 1686 2153 testi-

95 2175 220 2245 dimerit
234 2175 247 2211 ⁸
262 2197 293 2240 :c
305 2178 393 2257 Quod
411 2179 496 2243 enim
515 2180 654 2245 Verbum
670 2200 740 2244 cero
753 2183 869 2247 iactum
919 2182 1018 2243 monii
1031 2183 1097 2243 vim
1110 2183 1256 2262 expendit
1270 2182 1406 2269 cyrillus
1429 2182 1463 2242 in
1480 2180 1609 2261 epistola
1620 2181 1685 2260 pri·

95 2276 152 2343 est,
176 2288 247 2335 noo
266 2270 326 2333 boc
347 2270 512 2350 siguificat,
529 2274 612 2353 quod
630 2274 664 2337 in
681 2293 807 2339 manem
829 2277 869 2338 sit
918 2290 971 2337 ma
990 2275 1031 2339 act
1054 2273 1228 2343 Monaebosr
1257 2281 1289 2336 et
1312 2273 1549 2349 animadvertit;
1572 2273 1687 2341 frustm

94 2362 156 2422 Dei
169 2367 285 2422 natura
298 2366 439 2427 mutata:
456 2364 510 2426 sed
518 2366 742 2445 quodeVerho
753 2368 788 2432 in
801 2368 870 2431 uni,
918 2366 988 2427 illos
999 2384 1074 2440 esse,
1083 2369 1138 2446 qui
1149 2367 1303 2429 Christum
1317 2367 1351 2427 iu
1365 2366 1442 2428 duas
1451 2382 1599 2445 personas
1611 2365 1688 2427 divi·

94 2458 198 2519 tatem
210 2471 351 2534 pomum
370 2458 410 2516 sit
430 2475 501 2521 earo
524 2463 665 2539 suscepte
681 2478 689 2519 ι
705 2459 794 2538 cujus
807 2461 869 2521 uti·
919 2458 1039 2537 dentes,
1054 2460 1154 2521 Deum
1166 2466 1198 2521 et
1212 2460 1531 2528 hominemesserunt
1543 2456 1686 2523 exinani·

95 2564 157 2628 que
177 2547 417 2611 nominehomo
435 2555 520 2611 totus
536 2551 783 2633 scriptitantem
806 2572 870 2631 quo
919 2551 1037 2615 tionem
1056 2551 1143 2615 illam
1157 2550 1366 2615 inhominem
1379 2549 1583 2632 oedere.(Non
1602 2550 1687 2615 enim

94 2639 181 2701 intra
190 2639 330 2720 Virginis
349 2641 479 2718 viscera,
497 2648 603 2705 sancto
621 2644 738 2722 Spiritu
763 2644 869 2706 iacun·
919 2642 1124 2723 depressionis
1135 2643 1447 2721 istiusetabjectionis
1460 2660 1556 2723 capax
1568 2642 1688 2705 estsola

95 2732 177 2808 data,
209 2737 241 2793 et
265 2750 430 2812 nunquam
443 2733 621 2815 uirginitate
638 2736 786 2806 cariture,
802 2742 868 2801 tam
919 2736 1030 2798 insese
1044 2732 1213 2814 diuinitas.)
1229 2734 1353 2799 Etenim
1373 2735 1429 2814 qtri
1451 2752 1484 2799 se
1505 2734 1684 2803 eciuaniet't,

95 2823 345 2907 inseparabiliter
369 2825 425 2889 Dei
449 2826 531 2890 filius
544 2829 664 2906 unitur,
685 2829 789 2908 utqui
802 2834 869 2893 erat
919 2828 972 2893 ille
986 2835 1031 2890 est
1044 2828 1184 2908 ipse,qui
1195 2827 1354 2889 antealteo
1366 2826 1450 2889 Patri
1463 2831 1529 2888 erat
1540 2825 1684 2905 aeqnmis3

95 2915 344 2997 intemporaliter
390 2917 429 2981 de
466 2921 599 2983 essentia
635 2921 735 2983 Patris
780 2922 868 3000 geni·
921 2922 1235 2993 etbocnature,non
1248 2918 1446 2998 usurpatione
1458 2917 1688 2997 habuit,quem-

95 3012 154 3083 tus,
170 3008 242 3088 ipse
260 3008 299 3069 sit
320 3011 532 3089 temporaliter
553 3012 591 3073 de
621 3018 711 3075 utero
733 3012 870 3093 Virginis
919 3014 1088 3074 admodum
1116 3012 1253 3091 Angelus
1279 3011 1355 3075 olim
1388 3011 1452 3072 Deo
1479 3027 1546 3072 esse
1578 3009 1688 3073 similis

95 3106 233 3165 sams.»
919 3106 1071 3173 voluerat.
1089 3103 1213 3183 «Atqui
1222 3108 1323 3165 ereata
1336 3120 1385 3165 res
1399 3106 1445 3165 est
1459 3101 1556 3173 nulle,
1577 3101 1688 3181 quasi

133 3192 264 3257 Procius
281 3192 357 3257 item
378 3193 413 3255 in
432 3193 563 3273 epistola
575 3194 616 3258 ad
627 3196 767 3263 Armenes
785 3197 867 3259 indi·
919 3197 1044 3277 proprie
1070 3196 1104 3257 in
1125 3202 1238 3257 nauus
1262 3200 1426 3274 spectetur,
1455 3193 1582 3275 equalis
1603 3193 1688 3257 Patri

95 3283 167 3349 dam
190 3291 450 3363 argumentatum
479 3287 554 3365 quie
580 3287 702 3368 scripsit
733 3289 870 3351 ioannes
919 3305 984 3350 esse
997 3290 1103 3368 possit.
1122 3289 1265 3362 Quonam
1284 3286 1380 3365 igitur
1405 3292 1493 3366 pacto
1513 3285 1688 3351 exinanitus

93 3374 211 3454 foetum
224 3396 280 3439 esse
294 3397 422 3452 cernon,
433 3397 491 3441 aaa
502 3383 535 3443 ia
543 3379 711 3460 poterium
724 3378 870 3443 leomicem
919 3398 984 3443 esse
998 3380 1120 3457 datur,
1139 3380 1165 3440 si
1188 3396 1259 3441 cum
1272 3384 1384 3443 natura
1403 3396 1460 3439 sue
1481 3385 1561 3443 esset
1579 3378 1685 3454 bomo,

94 3466 594 3537 mtirtceEtsubiudezuPrimum
602 3471 868 3550 factumestcaro,
918 3474 1026 3536 itidem
1038 3480 1073 3537 ut
1098 3490 1166 3548 nos,
1190 3489 1231 3532 ex
1250 3471 1380 3532 nubere
1407 3476 1500 3533 natus
1513 3468 1586 3534 est?
1605 3471 1687 3544 Quen

96 3574 160 3620 non
187 3560 225 3623 in
250 3580 377 3629 carnem
401 3580 555 3629 converso
571 3582 604 3625 m
624 3563 737 3631 absit:
762 3569 871 3631 manet
918 3584 993 3633 nam
1020 3583 1114 3646 porro
1140 3582 1179 3625 ex
1202 3562 1377 3643 antiquiore
1403 3562 1688 3643 praestantiaque

96 3652 180 3717 enim
212 3652 356 3719 dimnitas
383 3655 555 3719 mutatione
582 3657 669 3725 omui
703 3657 867 3737 superior:
918 3658 1094 3721 humanum
1107 3657 1238 3719 modum
1258 3654 1430 3730 excederet,
1446 3653 1487 3715 ad
1504 3652 1687 3733 hoodelep-

95 3744 249 3823 qnoniam
275 3744 466 3811 mutabilitas
491 3752 611 3811 neturae
632 3749 870 3830 praesensentia
918 3768 971 3811 sus
988 3756 1045 3825 est,
1073 3756 1108 3817 ut
1121 3750 1216 3811 homo
1237 3747 1353 3815 fieret?
1367 3746 1529 3822 Quomodo
1551 3745 1687 3824 deniqem

95 3835 221 3899 allectio
234 3844 293 3915 est,
302 3838 539 3903 immutabilitas
547 3845 651 3903 eutem
659 3841 866 3921 sempiterna,
918 3842 1048 3921 intelligi
1063 3847 1163 3920 potest
1175 3841 1308 3903 formem
1321 3839 1473 3918 accepisse
1482 3836 1575 3914 servi,
1598 3834 1686 3916 quasi

95 3934 126 3989 et
134 3930 249 3991 eodem
259 3932 353 3993 modo
361 3949 481 4017 semper
490 3931 631 3997 habentis
641 3932 863 4015 propriassit.»
918 3939 1009 3996 antea
1032 3953 1098 3996 non
1118 3932 1284 4001 habuisset,
1314 3931 1368 4011 qui
1395 3936 1506 3991 natura
1527 3946 1584 3991 sue
1605 3928 1687 3991 inter

96 4021 175 4083 Cum
187 4021 284 4102 igitur
302 4022 424 4087 Verbum
446 4043 564 4089 caruem
583 4025 664 4109 ficri,
690 4045 756 4091 uon
773 4026 814 4091 sit
834 4025 867 4091 in
918 4044 1023 4087 servos
1035 4025 1230 4102 censebatur,
1245 4028 1277 4084 et
1293 4021 1400 4087 servili
1411 4021 1486 4100 jugo
1499 4025 1567 4081 erat
1585 4020 1685 4081 obno-

96 4130 224 4179 mrnem
236 4116 363 4185 mutari,
379 4116 428 4179 rel
443 4119 526 4197 quod
544 4118 706 4198 proprium
726 4126 757 4183 et
775 4124 867 4181 natu·
917 4117 988 4179 sius
1002 4116 1059 4180 οἳ»
1072 4117 1149 4179 Vide
1172 4114 1383 4194 Augrutimm
1402 4128 1546 4177 sermorm
1557 4127 1640 4179 xxxa
1652 4109 1688 4173 de

96 4205 162 4268 rale
176 4207 236 4269 sibi
249 4214 309 4286 est,
324 4208 465 4271 amittere
476 4229 484 4285 ;
495 4211 549 4271 sed
562 4211 691 4275 alteram
704 4210 765 4275 sibi
774 4229 870 4291 quem
918 4209 1012 4270 verbis
1025 4205 1166 4289 Apostoli.

96 4299 870 4385 aredssimonexucopulurenetumm,consequeos
958 4301 1139 4383 Acuaquis
1156 4297 1350 4365 exinanitum
1371 4313 1436 4359 essa
1458 4295 1513 4358 Dei
1534 4294 1686 4359 flliumeo
1774 4368 1778 4376 ¹

97 4394 143 4451 est
151 4410 255 4453 unum
264 4391 299 4453 in
313 4390 434 4459 duabus
448 4412 512 4457 esse
526 4394 693 4479 natmis,et
705 4395 870 4459 subsistere
918 4412 1010 4458 sensu
1024 4398 1122 4474 putet,
1135 4392 1222 4471 quod
1230 4390 1263 4455 iu
1276 4388 1406 4453 homine
1414 4386 1594 4469 simpliciter
1601 4387 1688 4451 bebi·

134 4610 157 4651 a
175 4595 243 4653 cn.
257 4597 291 4653 to
306 4595 402 4669 symb.
417 4602 488 4653 tom.
504 4597 538 4662 V,
565 4613 623 4668 par.
639 4597 663 4653 ll
687 4596 760 4657 iuter
785 4595 866 4668 epist.
915 4595 1006 4661 italos,
1034 4593 1076 4648 sat
1098 4592 1137 4648 let
1159 4591 1277 4655 ὡναντνι
1290 4589 1394 4663 ἐχούσης
1418 4589 1448 4645 ab
1475 4595 1594 4669 ἄτρητον
1612 4590 1685 4646 brot·

98 4679 128 4732 Ti
139 4678 221 4733 τοάνιν
235 4678 420 4755 ἐπιστρέφουσι
433 4684 477 4748 τῆς
488 4678 627 4753 οἰκονομίας
643 4681 701 4741 τοὺς
713 4680 811 4754 λόγους,
827 4679 868 4739 tat
950 4679 1052 4737 eCrtt.
1077 4676 1157 4748 epia·
1183 4675 1226 4733 ad
1243 4679 1357 4732 mosao.
1381 4675 1411 4739 in
1438 4676 1506 4748 pr.
1528 4691 1593 4748 tyn.
1616 4674 1687 4733 ‘stt'

99 4762 311 4835 προσημαίνουσι
325 4761 369 4830 τὴν
385 4762 510 4831 ἀληθειαν,
525 4763 549 4816 οἱ
563 4764 651 4825 πάσαις
667 4761 868 4836 ἐπανιστάμενοι
917 4761 986 4822 οὐδέν
999 4759 1050 4819 ἐστι
1063 4765 1112 4815 τῶν
1127 4759 1310 4832 πεποιημένων,
1326 4755 1347 4813 sl
1360 4757 1416 4814 κατ’
1431 4756 1494 4815 ἰδίαν
1506 4761 1592 4815 νοοῖτο
1604 4759 1687 4830 φύσιν,

100 4847 154 4906 τοῖς
164 4844 330 4909 aimanos<
343 4849 457 4920 γραφαῖς,
473 4847 498 4900 οἳ
511 4845 565 4900 θεὸν
581 4847 641 4901 ὄντα
657 4848 815 4920 γινώσκουσι,
827 4847 868 4900 sai
916 4846 945 4901 τ“ο
959 4843 983 4899 ἐν
994 4843 1088 4913 ἰσότητι
1103 4848 1146 4899 τοῦ
1161 4844 1263 4917 πατρὸς.
1278 4848 1331 4904 πῶς
1345 4836 1386 4896 οὖν
1400 4842 1448 4917 ἄρα
1460 4843 1605 4899 eminete
1618 4842 1688 4919 λέγε·

100 4925 319 4999 ἒνονθροπήοοντα
331 4931 373 4984 τον
392 4929 456 4995 οἷον,
470 4930 513 4984 ἕνα
525 4948 551 4984 τε
566 4929 713 5003 ὀνομάζουσι
726 4934 867 5005 ποντοχοῦ;
917 4948 967 4995 τοι,
981 4926 1002 4982 εἰ
1016 4926 1141 4999 τὴνφύσιν
1154 4926 1280 5000 ἄνθρωπος
1296 4929 1342 4993 ὢν,
1356 4927 1499 5001 sagittaret
1512 4924 1566 4985 καθ’
1582 4925 1647 5000 ἡμᾶς
1661 4923 1688 4979 ts

137 5010 155 5067 b
174 5009 269 5068 Peuce.
284 5031 328 5085 ep.
348 5013 488 5070 addreb.
507 5012 571 5068 θῦδὲ
587 5013 635 5086 γάρ
648 5012 742 5089 tegent
761 5013 867 5087 Εὐαγγε·
917 5013 1043 5083 γυναικ6ς;
1057 5013 1099 5064 καὶ
1119 5008 1145 5064 ἐν
1157 5010 1238 5076 ποίας,
1254 5010 1304 5064 εἶπά
1324 5030 1375 5085 μοι,
1390 5010 1552 5084 τριοὸοτέρας
1565 5008 1688 5087 άντεροχῆς

99 5092 190 5161 λισῆτ
201 5095 237 5153 bo
250 5094 359 5163 εἰσῆλθεν
382 5094 416 5159 εἰς
437 5097 532 5151 τέλειον
551 5095 688 5168 eriperetur,
704 5094 761 5149 tm·
775 5092 870 5168 ἐγένετο
918 5099 961 5163 τῆς
971 5088 1015 5149 rob
1025 5093 1151 5167 ἀνθρώπου
1167 5094 1277 5165 gestarat
1291 5091 1323 5156 εἰς
1332 5093 1362 5147 τὸ
1375 5093 1502 5167 ἅνθρωπος
1511 5086 1573 5149 εἶναι
1586 5091 1686 5159 sattim

99 5174 173 5247 odel·
191 5177 261 5235 itm.
271 5180 376 5251 Πρῶτον
391 5180 477 5253 γέγονε
494 5178 564 5252 σάρξ,
579 5179 607 5232 ob
621 5177 721 5251 τραπεὶς
735 5177 768 5240 εἰς
781 5179 868 5251 σάρκα·
917 5179 998 5247 ᾖπῶς
1013 5179 1042 5230 ἂν
1053 5178 1139 5232 νοοῖτο
1150 5177 1246 5242 ledeia,
1261 5176 1296 5239 ὡς
1313 5175 1358 5230 οὖν
1371 5176 1437 5249 ἔχων
1451 5174 1476 5229 ἔν
1492 5174 1568 5248 ἀρχῇ,
1585 5172 1628 5241 τὴν
1642 5165 1688 5226 τοῖν

101 5258 136 5329 μὴ
150 5260 258 5329 γένοιτο.
275 5262 341 5333 μένει
355 5263 402 5335 γάρ
423 5262 440 5331 ἡ
460 5264 544 5332 tetrae
566 5261 724 5323 ἀλλοιώσεως
748 5261 868 5334 άνωτάρα·
919 5262 1008 5316 δούλου
1022 5260 1116 5334 μορφὴν
1131 5261 1145 5314 ὁ
1158 5261 1227 5330 φάσει
1241 5261 1320 5314 τελῶν
1337 5258 1361 5314 ἐν
1374 5259 1487 5326 οἰκέταις,
1498 5257 1540 5310 καὶ
1556 5255 1604 5311 άπὸ
1613 5253 1688 5328 ζυγὸν

100 5338 156 5396 ²¹³1
169 5360 216 5414 titt
228 5344 258 5403 ‘b
270 5346 375 5416 τνθπῦν
395 5345 547 5418 baliolem
563 5346 656 5419 meroe
678 5344 762 5408 reta,
777 5348 821 5413 τῆς
844 5343 871 5397 δὲ
919 5344 1031 5408 δουλείας
1043 5344 1168 5417 κάμνοις
1184 5342 1253 5402 Vide
1269 5342 1365 5401 eumd.
1381 5341 1429 5398 lib.
1445 5341 1469 5398 x
1483 5345 1516 5399 ta
1529 5343 1615 5397 toas·

129 5510 141 5553 ¹
159 5510 435 5569 homimem·
449 5526 468 5562 c·
482 5513 831 5569 v··ttor.rltltteer.-
847 5511 1061 5569 emunata
