4122 6248
591 302 641 365 DE
661 302 963 383 INGARNATIONE,
985 304 1059 366 LIB.
1084 306 1123 384 V,
1146 306 1229 370 CAP.
1252 304 1332 367 XIX.
1698 308 1757 370 6¹17

175 466 353 548 Philippum
364 466 445 530 bene
467 468 549 531 illius
569 467 631 529 loci
644 469 831 531 sententiam
846 469 944 550 expli·
994 490 1084 533 sexus
1095 473 1144 534 sui
1155 472 1257 534 officio
1270 473 1421 551 genuerit,
1436 490 1501 533 non
1514 478 1620 534 tamen
1629 479 1761 534 terrene

174 578 268 623 casse.
285 561 403 641 Quippe
422 560 499 621 nibil
513 561 596 621 aliud
611 561 763 622 Hilarium
777 562 868 639 velle,
883 563 945 623 nisi
994 565 1203 645 conceptionis
1221 565 1352 645 suscepit
1365 565 1536 627 elementis.
1552 565 1665 627 Genuit
1678 565 1760 627 enim

175 652 289 714 Christi
309 671 420 732 «orpus
436 654 582 731 naturali,
600 659 630 714 st
645 654 757 715 usitato
771 655 864 714 modo
879 673 943 715 non
993 677 1032 720 ex
1051 677 1083 719 sc
1104 676 1226 738 corpus,
1251 659 1304 718 sed
1328 659 1412 736 quod
1430 663 1612 738 conceptum
1632 663 1710 718 esset
1722 675 1762 721 ex

173 745 266 807 fumse
278 752 474 826 conceptum,
483 766 520 807 ac
527 747 668 825 genitum
679 766 686 807 :
698 746 783 826 quod
792 746 831 806 iis
841 747 944 809 verbis
993 751 1120 828 Spiritu.
1135 772 1151 808 n
1168 751 1262 830 Atqui
1280 750 1438 829 generatio
1453 750 1530 812 actio
1545 750 1688 830 quaedam
1703 756 1759 826 est,

173 838 309 900 indicat:
332 857 344 894 r
363 840 481 918 Corpus
498 856 562 899 non
582 843 715 900 terrenas
734 839 944 917 conceptionis
994 842 1155 904 efficientis
1174 843 1281 923 utique
1305 861 1421 919 cause,
1435 860 1500 904 non
1514 840 1704 919 accretalis,
1725 847 1762 902 ut

174 930 538 1010 elementissusccptum,
552 949 616 992 nou
630 929 762 992 terrenis
781 930 942 993 elementis
994 935 1038 995 ait
1068 934 1241 1013 Philippus,
1275 935 1379 996 solius.
1410 935 1472 995 Nec
1496 934 1633 996 Adamus
1665 935 1760 995 Evam

172 1022 392 1084 inchoatum.»
410 1024 481 1097 011ae
495 1023 589 1084 rerba
603 1022 711 1084 Hilarii
725 1023 768 1084 sic
780 1023 943 1084 Huuoldus
994 1027 1136 1106 genuisse
1150 1026 1276 1104 dicitur,
1296 1045 1352 1107 pro
1373 1045 1409 1088 eo
1424 1028 1507 1106 quod
1521 1045 1538 1087 e
1551 1045 1607 1087 suo
1621 1044 1757 1107 corpore,

173 1116 320 1196 exponit:
340 1115 530 1176 «Elementa
542 1133 649 1177 rerum
671 1114 823 1195 principie
840 1124 940 1192 vocat,
994 1119 1228 1198 substantiaque
1252 1138 1307 1179 suo
1334 1119 1488 1198 fingendo
1513 1117 1569 1195 illi,
1595 1136 1761 1198 procrean-

171 1205 271 1266 idest
295 1225 401 1268 causas
421 1207 499 1277 illas.
528 1227 598 1287 quae
622 1207 727 1268 divina
749 1206 940 1286 providentia
992 1212 1102 1291 daeque
1129 1211 1291 1272 materiam
1315 1212 1447 1272 suffecit.
1471 1212 1584 1272 Utrum
1606 1229 1679 1272 vcro
1702 1210 1761 1273 ista

116 1294 119 1299 ’
170 1299 367 1377 gubernante
377 1299 614 1380 conceptionem
628 1317 795 1379 corporum
809 1316 940 1378 opereu·
990 1303 1223 1383 cujusquemodi
1244 1303 1324 1365 actio
1346 1309 1530 1384 conceptum
1551 1305 1758 1380 antecesserit,

170 1396 232 1454 tur.
246 1393 320 1466 Quae
333 1392 474 1453 videlicet
487 1410 598 1467 causae,
615 1392 677 1452 sive
689 1396 809 1453 naturae
823 1391 857 1451 in
871 1408 937 1471 pro
990 1414 1031 1457 sn
1052 1396 1146 1456 etism
1163 1396 1229 1476 ipso
1243 1397 1277 1457 in
1292 1399 1440 1475 conceptu
1457 1395 1576 1475 aliquid
1590 1396 1686 1474 egerit
1698 1415 1705 1471 ;
1722 1395 1759 1456 de

170 1485 310 1544 creandis
325 1484 507 1564 corporibus
520 1502 669 1545 numeros
682 1484 751 1545 illos
769 1472 937 1562 explicant,
989 1507 1052 1568 quo
1063 1488 1198 1550 multum
1211 1490 1293 1549 inter
1307 1507 1338 1549 se
1352 1489 1467 1550 scholar
1483 1486 1759 1566 castigantum

169 1594 249 1656 quos
264 1579 356 1651 Deus,
369 1594 438 1639 com
451 1579 556 1638 omnia
569 1576 692 1653 crearit,
706 1575 800 1636 simul
809 1579 937 1651 crescet,
988 1586 1034 1642 est
1047 1581 1139 1660 hujus
1152 1581 1213 1642 loci
1227 1580 1426 1644 dissererc.ld
1440 1581 1524 1641 enim
1537 1581 1758 1661 opportuniore

169 1673 201 1729 et
210 1669 255 1729 eis
268 1668 462 1746 attribuit,et
472 1668 505 1730 in
515 1670 579 1730 ictu
588 1668 741 1729 condendi
751 1666 940 1728 seminaliter
988 1679 1094 1752 postea
1111 1674 1178 1734 loco
1201 1673 1265 1734 fiet.
1285 1674 1374 1734 Nunc
1402 1692 1438 1733 eo
1463 1673 1601 1734 contenti
1628 1673 1754 1747 erimus,

158 1778 222 1839 ‚ees
240 1761 371 1840 sparsit3
389 1780 454 1822 uon
475 1768 579 1823 tamen
599 1778 688 1821 suam
709 1761 753 1821 eis
766 1759 938 1840 potentiam
988 1766 1072 1845 quod
1089 1767 1172 1827 inter
1187 1767 1330 1845 antiquos
1350 1783 1458 1827 omnes
1474 1765 1577 1826 Patres
1598 1765 1753 1839 conuenit,

167 1852 320 1932 alligavit,
337 1860 394 1916 etc.
411 1855 515 1916 Causae
530 1872 603 1934 ergo
617 1854 679 1914 ille
693 1871 887 1926 sommium,
903 1857 938 1913 ut
986 1859 1210 1919 sanctissimam
1230 1858 1392 1937 Virginem
1416 1879 1431 1915 c
1452 1856 1552 1918 officio
1576 1874 1664 1918 usam
1689 1875 1755 1918 ma-

167 1946 268 2008 dicere
282 1966 446 2027 coeperam,
466 1948 500 2007 in
514 1945 736 2026 congignendis
757 1944 938 2025 corporibus
985 1955 1086 2025 terno,
1104 1958 1138 2012 ut
1152 1949 1433 2026 scribitHilarius²,
1445 1968 1536 2011 sexus
1549 1949 1597 2009 sui
1610 1955 1755 2011 naturam

166 2045 347 2119 operantur,
376 2040 461 2101 velut
488 2057 559 2101 cum
582 2055 685 2116 seges,
714 2038 763 2098 vel
783 2037 876 2098 arbor
899 2056 937 2100 ex
985 2040 1019 2103 in
1033 2048 1200 2122 conceptu,
1217 2047 1248 2103 et
1261 2048 1352 2121 partu
1375 2043 1511 2103 hominis
1530 2044 1751 2103 exeerrtam'.»

165 2133 284 2194 semine
305 2152 361 2207 suo
375 2139 554 2194 naseuntur.
581 2133 618 2193 In
639 2131 842 2209 conceptione
863 2148 936 2192 vero
1026 2135 1079 2195 VI.
1103 2135 1192 2196 Nunc
1212 2141 1322 2196 cetera
1336 2135 1469 2196 Nestorii
1484 2140 1667 2214 argumenta
1684 2152 1753 2213 per·
1780 2156 1815 2202 11·
1830 2157 1926 2205 usioni

164 2226 311 2305 virginali
330 2244 395 2286 non
409 2225 517 2285 solitus
530 2229 650 2286 naturoe
663 2240 788 2297 cursus3
803 2221 855 2282 sed
876 2222 936 2283 alia
985 2243 1115 2305 sequar;
1131 2245 1198 2307 que
1213 2245 1251 2288 ex
1267 2227 1364 2307 priori
1373 2227 1426 2288 illo
1441 2227 1506 2288 fere
1518 2227 1663 2288 universa
1676 2245 1753 2306 pen·
1794 2222 1913 2310 ''iffiw'

164 2319 290 2397 peuitus
303 2336 392 2380 eausa
406 2318 544 2397 primum
561 2321 687 2397 operata
709 2320 770 2393 est,
785 2314 937 2376 licetslicc
985 2319 1070 2396 dent,
1090 2339 1153 2400 quo
1177 2319 1293 2381 facilior
1315 2321 1404 2381 nobis
1425 2319 1548 2380 futinus
1570 2325 1615 2380 cst
1638 2319 1755 2380 inistis
1800 2317 1903 2367 arturius.

164 2410 229 2471 sint
247 2411 427 2473 subsecutae.
444 2410 512 2471 Alia
525 2427 616 2471 causa
629 2426 694 2469 non
709 2412 811 2468 creata
824 2425 934 2485 supcr—
985 2413 1096 2473 exitus.
1113 2413 1194 2490 Ergo
1212 2412 1383 2474 secundum
1399 2412 1579 2492 hujusmodi
1598 2430 1636 2473 ex
1653 2411 1753 2473 haere-

163 2504 261 2578 venit,
284 2522 354 2584 quae
379 2520 503 2564 carnem
531 2500 633 2562 Verbo
657 2500 711 2560 Dei
734 2499 936 2577 personaliter
985 2503 1045 2564 tico
1055 2504 1107 2565 illo
1116 2504 1264 2584 proponit
1276 2505 1426 2584 Cyrillns:
1442 2504 1500 2579 Qui
1510 2515 1623 2567 νεοτόκον
1631 2503 1754 2564 beatam

166 2596 336 2658 uniendam
357 2596 396 2657 de
409 2613 502 2658 earne
519 2593 655 2673 Virginis
673 2593 890 2671 sequestravit,
904 2597 936 2653 ct
986 2596 1149 2675 Virginem
1162 2602 1361 2676 nuncupent,
1378 2597 1514 2672 Arianis,
1530 2596 1746 2665 Eunomianis,

165 2689 310 2750 eamdem
333 2707 352 2748 a
380 2694 505 2768 peccato
520 2685 664 2765 originali
687 2684 861 2746 mundavit.
891 2686 935 2746 Dc
985 2694 1016 2749 et
1031 2689 1256 2768 Apollinaristis
1274 2688 1405 2766 ferent,
1422 2711 1438 2747 α
1456 2690 1511 2768 qui
1531 2689 1641 2769 cupide
1661 2707 1752 2750 voca-

165 2782 234 2854 bac‚
250 2787 287 2842 ut
313 2781 459 2856 arbitror,
483 2798 576 2842 causa
599 2779 663 2839 sive
685 2779 774 2839 initio
799 2778 935 2858 corporis
983 2780 1093 2842 bulum
1117 2781 1199 2841 istud
1225 2780 1423 2858 asciscebant,
1449 2788 1485 2842 ut
1506 2780 1754 2844 commistionem

165 2873 277 2935 Christi
289 2873 473 2953 loquebatur
487 2872 636 2947 Hilarius,
647 2888 719 2932 cum
728 2870 862 2931 diceret:
878 2888 935 2930 reon
984 2873 1231 2946 introducerent,
1261 2891 1298 2934 ac
1322 2873 1443 2934 sublata
1465 2879 1650 2935 naturarum
1674 2873 1752 2934 divi-

164 2964 269 3026 datuit
282 2964 417 3026 Christos
430 2964 553 3024 initium
569 2982 608 3023 cr
622 2961 736 3023 Morio.
754 2961 835 3020 Illud
850 2961 935 3021 enim
984 2965 1083 3041 sione,
1094 2965 1174 3025 nibil
1185 2982 1305 3042 eorum,
1321 2983 1390 3044 ques
1405 2965 1478 3027 vilia
1490 2971 1573 3040 sunt,
1590 2965 1629 3026 ad
1637 2965 1754 3029 'huma-

164 3076 272 3118 revera
295 3059 333 3119 ex'
360 3058 456 3119 llsrie
480 3075 545 3116 non
568 3053 698 3129 habuit,
724 3051 835 3113 babuit
860 3070 934 3113 vero
984 3056 1114 3117 nitatem
1123 3056 1304 3118 referretur:
1319 3058 1373 3119 scd
1382 3059 1510 3120 utlocus
1524 3058 1597 3140 ipsis
1607 3059 1754 3120 adversus

163 3149 260 3211 aliud.
284 3150 363 3210 Nam
378 3149 472 3224 Virgo
486 3166 569 3209 exse
583 3146 705 3226 genuit.
721 3145 787 3205 Hoc
807 3149 843 3203 ut
855 3141 932 3204 mihi
983 3147 1178 3208 divinitatem
1191 3153 1321 3227 pateret,
1335 3154 1485 3228 tanquam
1505 3149 1544 3210 eb
1560 3169 1624 3211 uno
1647 3150 1753 3211 omnia

140 3289 142 3292 >
163 3242 296 3313 videtur,
307 3240 441 3302 Hilarius
448 3239 581 3300 fideliter
590 3237 850 3314 intellexit,aqua
859 3235 931 3312 tide,
983 3240 1136 3315 dicantur,
1152 3256 1216 3299 non
1230 3240 1350 3300 ratione
1369 3239 1529 3317 dignitatis
1545 3260 1584 3302 ex
1604 3241 1751 3320 conjunc-

82 3392 86 3397 .
164 3334 220 3414 qui
247 3340 328 3395 recte
349 3333 471 3408 sentiat,
500 3349 565 3391 non
592 3329 743 3391 dissentit.
769 3329 811 3389 De
832 3328 934 3391 verbis
983 3333 1067 3393 tione
1081 3332 1148 3412 ipsa
1167 3333 1341 3411 sequentis3
1363 3333 1416 3393 sed
1430 3334 1550 3394 ratione
1564 3334 1717 3395 uaturaet.
1732 3356 1748 3393 »

162 3444 238 3505 ergo
253 3426 450 3500 contendere,
476 3442 548 3484 cum
564 3423 614 3495 vde
636 3421 728 3483 rebus
748 3427 882 3495 constet,
903 3426 935 3482 ct
983 3425 1078 3504 Atqui
1099 3443 1181 3485 vana
1201 3431 1248 3485 est
1265 3424 1323 3484 ista
1344 3425 1518 3487 calumnia:
1544 3432 1575 3488 ct
1596 3425 1689 3506 longe
1712 3425 1752 3487 ab

163 3520 320 3600 disputare
334 3519 373 3579 ud
389 3534 516 3593 nomen,
530 3515 605 3576 viris
618 3532 683 3576 non
701 3514 844 3577 convenit
861 3532 932 3575 eru·
982 3517 1201 3596 hereticorum
1222 3517 1348 3578 illorum
1368 3517 1526 3597 impietate
1548 3518 1640 3579 distat
1663 3518 1751 3581 Chri·

164 3612 246 3674 ditis.
263 3632 279 3669 n
983 3609 1083 3671 stiana
1101 3608 1263 3689 professio,
1289 3628 1359 3689 quse
1371 3616 1499 3671 naturas
1513 3611 1589 3672 duas
1602 3609 1752 3690 perlectas

2 3721 140 3765 muscus
204 3705 279 3778 Quae
292 3702 428 3763 Hunaldi
452 3700 530 3761 ratio
557 3716 629 3760 vcra
654 3703 710 3759 est.
727 3697 815 3771 Quod
829 3703 932 3759 autem
982 3701 1025 3763 ite
1038 3700 1230 3763 substantiva
1244 3702 1385 3764 unitione
1400 3704 1557 3783 copulatas
1571 3721 1635 3764 esse
1650 3702 1752 3764 defen-

2 3775 138 3873 ·iiffia-
164 3796 326 3875 Philippus
340 3797 375 3856 B.
391 3793 553 3872 Virginem
573 3789 693 3865 asserit,
712 3811 727 3847 a
750 3789 850 3850 carnis
869 3808 933 3850 suae
982 3793 1042 3869 dit,
1063 3799 1098 3854 ut
1120 3793 1178 3854 boc
1202 3795 1267 3855 sine
1287 3794 1468 3856 alterutrius
1489 3795 1686 3866 extinctione,
1701 3795 1751 3857 vel

2 3884 140 3981 'ffi'mffi'gf
164 3887 327 3949 materiam
349 3885 537 3967 praestitisse,
562 3891 592 3944 et
615 3883 709 3961 hujus
728 3881 934 3960 conceptionis
982 3886 1160 3946 confusione
1180 3885 1296 3947 lectum
1312 3889 1371 3948 sit:
1387 3887 1441 3947 sed
1458 3888 1502 3948 ite
1519 3894 1554 3948 ut
1568 3893 1759 3952 naturarum¹

2 3968 129 4033 ξεινίων·
164 3997 288 4042 causam
301 3978 496 4040 materialem
509 3975 679 4037 exstitisse:
697 3973 846 4054 Spiritum
859 3991 933 4034 vero
984 3976 1068 4039 salva
1080 3978 1119 4037 sit
1128 3978 1318 4040 differentia:
1334 3998 1392 4040 nec
1406 3997 1444 4040 ex
1456 3980 1575 4041 duabus
1590 3998 1653 4042 una
1666 3998 1749 4043 com·

163 4080 306 4135 sanctum
334 4070 521 4133 efficientem
543 4085 667 4129 causam
687 4067 798 4127 brisso:
823 4087 838 4124 ι
868 4084 933 4126 non
982 4069 1080 4150 posite
1093 4071 1253 4133 coaluerit.
1276 4073 1592 4146 Haec'demonstrata,
1609 4071 1751 4153 etexpli-

164 4166 238 4226 satis
252 4170 393 4225 accurate
412 4162 529 4224 dictum
550 4161 701 4234 arbitr0r;
725 4158 787 4219 nisi
809 4162 840 4218 st
866 4156 933 4219 elli-
983 4169 1050 4223 cata
1062 4134 1335 4226 finetenusanobis
1343 4165 1398 4245 qui
1407 4172 1582 4228 constanter
1590 4165 1748 4243 retinebit,

165 4257 286 4319 cientiae
314 4255 432 4335 aliquid
453 4257 487 4316 in
509 4254 563 4315 ills
587 4252 723 4333 corporis
745 4250 931 4311 formatione
983 4254 1061 4315 nihil
1095 4256 1153 4316 sibi
1182 4255 1221 4317 ab
1250 4266 1333 4337 κραρει
1366 4257 1430 4332 111ο,
1459 4258 1521 4319 sive
1554 4261 1751 4319 commistione

164 4349 361 4411 sanctissime
395 4348 478 4409 illius
511 4346 604 4407 matri
638 4344 803 4406 tribuatur.
835 4345 934 4418 Quam
982 4353 1111 4423 metuet,
1123 4348 1457 4428 qualemApollinsris,
1473 4369 1508 4412 ac
1522 4350 1633 4430 reliqui
1649 4351 1749 4411 baere-

166 4442 303 4504 Hilarius
324 4441 388 4520 ipse
407 4441 516 4501 eodem
530 4439 583 4499 illo
597 4439 631 4498 in
644 4438 711 4499 loeo
725 4456 790 4498 non
804 4436 933 4497 obscure
982 4441 1036 4502 tici
1050 4442 1219 4503 commenti
1233 4449 1317 4516 sunt,
1333 4443 1371 4503 de
1386 4461 1446 4522 qua
1458 4443 1533 4504 alibi
1547 4442 1636 4506 dixit
1655 4444 1751 4511 Quin·

165 4534 298 4608 indicst,
318 4533 395 4593 dum
409 4531 571 4608 Virginem
584 4529 627 4591 ait
642 4528 814 4605 Christum,
830 4529 934 4608 ejusve
983 4534 1092 4609 etiam,
1117 4529 1165 4594 uti
1192 4552 1285 4613 supra
1312 4535 1530 4607 meminimus,
1564 4535 1751 4615 Apollinaris

166 4643 278 4708 ⁰⁰rp11⁸
287 4624 441 4704 genuisse·
458 4623 575 4696 ‘101¹‘ld
590 4640 629 4683 ex
643 4626 805 4701 ῦῡῦθθιῑϋ,
821 4620 934 4699 inquit,
983 4634 1098 4688 νεοτόκον
1112 4643 1198 4698 vero,
1210 4644 1246 4686 ae
1255 4627 1392 4704 legitimo
1406 4645 1498 4689 sensu
1507 4627 1667 4707 Virginem
1675 4646 1751 4691 neu·

167 4718 303 4797 Spiritus
325 4717 421 4777 sancti
434 4716 530 4794 Virgo
555 4713 738 4795 progenuit:
765 4711 938 4793 quodlicet
984 4717 1105 4797 tiquam
1115 4717 1268 4778 babebat:
1282 4723 1388 4798 utpote
1395 4719 1449 4797 qui
1459 4722 1558 4782 Deum
1572 4720 1751 4800 negabatex

203 4912 225 4953 c
243 4896 360 4954 Neston.
376 4893 451 4966 apud
465 4895 529 4965 (lyr.
545 4892 593 4949 lib.
609 4893 633 4948 11
654 4899 729 4950 cont.
749 4897 862 4950 Nestor.
877 4893 935 4957 Τοῖς
983 4897 1168 4968 διαιρουμένων,
1185 4894 1259 4968 μηδὲν
1278 4902 1327 4950 τῶν
1346 4896 1451 4952 εὖτελῶν
1466 4897 1499 4960 εἰς
1519 4897 1563 4965 τὴν
1578 4897 1752 4972 ἂνθρωπότηια

172 4979 277 5053 Ἀρείου,
291 4979 332 5033 καί
346 4977 480 5051 Eutropiou,
504 4977 545 5030 καί
563 4976 748 5049 Ἀπολιναρίοο,
774 4978 814 5030 καὶ
836 4978 935 5033 πάντων
982 4978 1159 5049 λαιιὸάνεαίίαι·
1174 4979 1310 5053 ναίχίοραν
1329 4980 1416 5044 αὖτοὺς
1428 4982 1516 5035 λοιπὸν
1530 4980 1593 5035 κατὰ
1609 4986 1653 5048 virs
1668 4983 1752 5049 θεότη-

167 5065 219 5126 τοῖς
233 5065 320 5135 χοροῖς
334 5070 382 5117 τῶν
398 5066 441 5130 τῆς
454 5061 567 5130 τοιαύτης
577 5061 703 5133 φρατρίας,
716 5060 808 5129 σπονδὴ
821 5061 936 5121 dccccxcv
982 5080 1027 5124 τος
1038 5060 1115 5137 ἔχειν,
1129 5062 1164 5127 ὣς
1173 5064 1271 5119 πάντων
1285 5063 1425 5138 λεγομένων
1441 5063 1500 5136 παρ’
1515 5063 1576 5130 ἑνὸς,
1594 5063 1622 5118 οὗ
1633 5064 1695 5117 κατὰ
1708 5063 1751 5132 τὴν

168 5148 283 5220 εἰσάγειν,
294 5148 329 5209 ὡς
342 5148 450 5220 κράσεως
463 5146 598 5218 γινομένης,
613 5144 653 5198 καὶ
666 5150 716 5198 τῶν
736 5143 778 5197 δύο
791 5146 885 5217 φύσεων
901 5149 935 5232 μὴ
986 5143 1037 5200 ἄπο
1048 5152 1091 5220 τῆς
1104 5150 1237 5222 συναφείας
1250 5146 1328 5215 ἀξίαν,
1342 5146 1406 5201 ἁλλὰ
1419 5146 1482 5200 κατὰ
1494 5146 1538 5215 τιν
1553 5146 1632 5219 φύσιν.

200 5322 309 5377 .c0nter
322 5320 413 5374 omnino
435 5319 463 5371 P.
483 5318 606 5371 consumi
644 5316 796 5372 Prolaticrcm
819 5344 850 5404 a,
868 5344 936 5425 Hi¹²‘
990 5324 1053 5386 siun
1065 5348 1131 5398 uum.
1152 5327 1217 5392 su,
1229 5336 1289 5389 seqq.
1584 5316 1610 5369 F.
1621 5319 1649 5368 A.
1668 5317 1695 5369 Z.

197 5479 244 5525 ts.
258 5478 299 5522 lb.
314 5489 349 5528 ιιι,
358 5490 381 5534 ιι.
394 5463 488 5533 ιμιιιί,
500 5482 543 5523 art.
553 5474 630 5518 iscot.
639 5474 660 5518 ln
670 5473 691 5518 llt
700 5472 747 5519 dist.
759 5475 780 5524 ln
788 5484 822 5552 ιν
888 5494 950 5575 fg
966 5484 1079 5557 pugg,N
1087 5517 1099 5575 ³
1111 5491 1184 5559 mh,
1197 5486 1239 5542 m,
1249 5489 1300 5529 uu.

822 5554 829 5585 ν

836 5561 886 5643 11
