4036 6162
329 312 388 393 are
786 388 790 397 ¹
828 310 1154 397 ranorourooauu
1175 311 1407 375 ooouaruu.

328 492 437 539 rarum
449 475 583 539 duarum
596 477 770 553 admittere,
786 495 878 559 aqua
888 478 1016 559 quidem
1029 496 1096 541 eor·
1144 484 1271 557 grmtur,
1284 496 1340 559 per
1349 485 1450 561 totum
1462 479 1593 541 iuvioem
1601 478 1865 543 nilamonem

329 567 415 648 poris
444 568 479 629 in
507 568 699 631 divinitatem
728 570 932 632 mutationem
959 570 1096 650 adquam
1144 571 1354 646 aere,aeluce
1367 571 1489 647 aeeidit,
1499 572 1574 634 etin
1592 570 1866 634 lemmudenme

329 658 460 735 habeat3
488 678 560 722 eum
583 678 683 723 unum
705 662 813 723 asserit
834 679 899 724 esse
923 662 1094 731 Christum,
1144 661 1202 723 sub
1218 661 1467 742 finemejusdem
1486 662 1614 743 dialogi,
1639 661 1716 724 idem
1737 662 1868 723 doenum
1976 738 1978 749 ,

330 750 471 813 unitione
493 757 653 827 aeeursta,
670 758 702 814 et
714 759 943 834 contemperata
956 763 1014 814 ².»
1037 754 1097 816 Ubi
1144 753 1371 835 Apollinarium
1393 756 1479 817 citat:
1493 755 1640 816 nimirum
1655 776 1667 811 ι
1681 754 1831 829 mutarim,
1842 773 1869 815 ae

330 853 374 906 τοῦ
384 852 560 925 συγκεκρᾶσθαι
570 844 757 907 voeabulum
778 863 843 907 non
862 864 987 926 prorsus
1007 846 1096 925 abju·
1144 850 1386 926 temperatorum
1423 847 1504 909 inter
1535 864 1567 908 se
1605 864 1705 908 rerum
1740 846 1871 925 qualitdes

331 933 435 998 dieat:
462 935 515 996 sed
533 942 661 999 eatenm
685 938 798 1015 solum,
814 938 840 999 si
861 956 900 998 ex
913 937 1098 1018 Apollinaris
1145 938 1277 1013 misceri,
1298 939 1352 1000 aed
1368 957 1433 1000 non
1451 939 1598 1001 interire:
1613 939 1686 1000 adeo
1697 942 1731 999 ut
1742 937 1872 999 nonnulle

332 1043 452 1103 errore,
480 1032 600 1090 naturae
626 1031 809 1110 cujuspiam,
836 1030 922 1092 velut
938 1030 1096 1106 humanae,
1146 1029 1185 1090 ab
1198 1031 1247 1107 iis,
1263 1031 1375 1111 quibus
1396 1049 1468 1093 eum
1488 1031 1589 1093 mIstae
1608 1036 1687 1104 sunt,
1711 1034 1870 1109 separentur,

332 1118 549 1198 mutationem,
565 1126 596 1182 et
608 1121 750 1184 videlieet
763 1122 924 1184 interitum
936 1121 1097 1202 signifieat,
1147 1123 1195 1184 uti
1208 1123 1318 1185 vinum
1331 1123 1371 1184 ab
1385 1141 1477 1204 aqua.
1500 1145 1516 1183 a
1534 1125 1580 1185 Ex
1595 1141 1654 1204 quo
1673 1121 1811 1185 ooueludit
1821 1121 1871 1183 sie:

333 1208 377 1270 ita
402 1215 438 1272 ut
462 1211 593 1290 integrae
615 1214 685 1275 dua
703 1232 769 1275 non
790 1220 947 1276 maneant.
964 1215 1000 1275 ld
1013 1216 1098 1277 enim
1151 1216 1299 1289 «Quodsi
1312 1234 1476 1296 oorporum
1490 1217 1592 1278 mistio
1601 1219 1663 1277 sine
1673 1213 1872 1288 alterationeit,

333 1306 402 1364 tum
415 1312 532 1388 αιγχοσις
546 1311 609 1382 est,
622 1313 692 1368 tum
704 1317 809 1388 ρορρος.
824 1308 898 1381 Quas
913 1325 975 1368 vox
997 1313 1099 1386 poste·
1148 1313 1264 1386 quanto
1276 1308 1374 1387 magis
1387 1306 1671 1369 nudiustertius

334 1393 399 1455 rior
413 1396 517 1457 Latine
543 1403 590 1459 est
609 1397 802 1475 conturbare,
828 1399 888 1460 hoe
909 1404 956 1460 est
975 1399 1101 1460 rationes
1188 1399 1270 1461 XIV.
1293 1400 1387 1478 Atqui
1405 1418 1470 1460 non
1483 1399 1644 1461 hereticus
1656 1403 1769 1459 mutum
1783 1394 1874 1475 Apolli·
1979 1464 1980 1475 γ

333 1491 514 1567 permiscere,
530 1497 558 1548 et
570 1488 756 1570 confundere,
772 1491 857 1570 quod
870 1491 1056 1567 decoctores,
1070 1497 1101 1553 et
1149 1492 1250 1552 naris:
1279 1491 1332 1552 sed
1360 1491 1455 1553 etiam
1479 1491 1583 1571 plures
1602 1491 1654 1552 ulii
1667 1487 1876 1551 arctissimamiu

334 1577 747 1644 malanominafaoiuut.lta
760 1583 1002 1663 Οὶοοιορορᾷντις
1010 1592 1101 1663 ψήφους
1151 1583 1272 1645 Christo
1293 1588 1476 1645 naturarum
1497 1582 1751 1663 roujuuetionem,
1765 1584 1877 1661 uteret
1980 1628 1981 1669 γ

334 1668 442 1732 dixit¹t
458 1676 489 1732 et
499 1672 608 1751 glossa
633 1679 762 1751 veteres,
789 1673 928 1736 Deeoetor
951 1684 1099 1756 κριοιιοπος,
1150 1685 1275 1756 κράσεως,
1298 1675 1358 1737 hoo
1387 1681 1434 1737 est
1458 1675 1618 1752 mistionis,
1645 1680 1675 1736 et
1697 1671 1879 1754 ternpoutiorit
1980 1680 1981 1687 ’

335 1775 452 1846 ροαρεης.
469 1764 578 1845 ltaque
591 1773 775 1828 naturarum
787 1767 821 1827 iu
842 1766 963 1828 Christo
975 1773 1100 1828 oontur·
1150 1767 1277 1828 vacuus
1298 1772 1525 1847 expresserunt.
1549 1766 1749 1830 Tertullianus
1765 1761 1878 1823 tortium

335 1856 432 1931 butio,
452 1857 517 1919 sive
531 1857 682 1932 contrusio,
698 1858 757 1920 hoo
769 1864 815 1920 est
823 1867 950 1941 ώγχυσις,
961 1864 991 1920 et
997 1868 1101 1940 partit,
1151 1856 1212 1919 Deo
1233 1859 1362 1935 mr'rtum
1376 1858 1474 1921 dicte.
1491 1860 1678 1921 Novatianus
1692 1879 1707 1916 ο
1719 1855 1878 1917 divinitatem

336 1948 376 2010 ad
395 1949 600 2029 Apollinaris,
620 1957 652 2013 et
665 1950 812 2031 Eutychis
823 1951 966 2013 hoeresim
978 1952 1103 2031 proprie
1152 1951 1304 2012 sermonis
1317 1952 1351 2012 in
1368 1951 1435 2031 ipsa
1452 1952 1648 2013 eonoretione
1669 1943 1878 2030 permiserat»

337 2046 472 2120 apertat:
493 2059 589 2122 quam
609 2043 723 2104 seimus
737 2042 894 2105 ostholieis
907 2043 1104 2105 Nestorianos
1153 2042 1345 2121 Cyprianus,
1365 2045 1490 2105 «Deum
1503 2061 1577 2104 oum
1590 2043 1713 2104 homine
1733 2035 1879 2102 nuent·
1981 2102 1982 2115 ,

337 2134 510 2212 impingere
523 2134 638 2197 solitos.
1152 2135 1234 2195 Zeno
1249 2134 1462 2212 Veronensis,
1478 2136 1632 2210 «Mixtus,
1648 2134 1752 2213 inquit,
1765 2131 1882 2191 humanu

378 2226 456 2286 XIII.
479 2226 691 2289 Theodoretus
717 2227 750 2288 in
777 2228 1009 2308 oppugnatione
1028 2246 1103 2289 ana·
1154 2225 1240 2285 oarni
1267 2242 1300 2286 se
1318 2225 1410 2301 fingit
1433 2224 1595 2288 infantem.
1611 2247 1627 2284 r
1644 2219 1884 2287 Hilariusialibro

338 2316 526 2379 thematismi
540 2319 666 2380 aeouudi
679 2318 799 2399 cyrilli,
813 2319 892 2380 illud
904 2319 1104 2399 redarguens,
1153 2317 1299 2394 seeundo,
1318 2318 1384 2379 «Ut
1395 2316 1489 2379 homo
1500 2318 1611 2393 iaetus,
1622 2318 1730 2397 inquit,
1739 2334 1774 2376 ex
1783 2310 1884 2389 Virgine
1982 2352 1983 2371 ι

179 2455 305 2502 mm
339 2408 422 2488 quod
437 2409 571 2488 cyrillus
583 2411 756 2472 unitionem
766 2418 820 2474 καθ’
833 2418 965 2473 ὑπόστασιν
975 2412 1104 2486 dixerat,
1154 2414 1299 2469 naturam
1312 2409 1346 2469 iu
1359 2427 1392 2469 se
1415 2409 1685 2491 rarnisaooiperet,
1698 2401 1885 2489 perquehojus

177 2520 303 2565 monam.
339 2500 397 2564 hae
423 2500 578 2564 locutione
604 2504 769 2582 significari
790 2503 865 2564 dioit
890 2502 1106 2583 speciositatem
1154 2500 1353 2561 admixtionis
1374 2500 1550 2563 societatem
1579 2501 1790 2564 sanctificatam
1813 2497 1885 2555 ineo

171 2636 315 2687 mmm,
340 2611 405 2654 esse
418 2592 519 2653 earnis
532 2595 758 2670 etdivinitatis3
774 2613 870 2679 quam
882 2594 1107 2674 blasphemiam
1155 2591 1293 2668 universi
1312 2593 1434 2671 generis
1453 2593 1587 2654 humani
1613 2612 1720 2673 eorpus
1732 2589 1883 2654 existeret»

218 2696 268 2731 mm
340 2686 496 2761 nominat;
518 2692 550 2747 et
572 2686 703 2747 subinde
722 2686 865 2766 impium,
883 2687 1107 2749 ethoeretieum
1156 2683 1346 2744 Luculentus
1366 2689 1412 2745 est
1432 2684 1601 2762 Augustini
1627 2685 1665 2746 de
1690 2684 1744 2745 hae
1763 2699 1793 2741 re
1810 2678 1889 2745 loeus,-

339 2777 482 2838 vooabuli
490 2778 579 2843 istius
592 2795 719 2840 sensum
731 2771 872 2858 explieat.
886 2780 1036 2840 «Neoesse
1049 2785 1105 2852 est,
1160 2775 1345 2855 «quomodo
1358 2776 1438 2837 [leus
1452 2776 1574 2838 homini
1588 2774 1756 2858 permixtus
1764 2774 1831 2848 sit,r
1846 2765 1887 2827 uli
1983 2784 1984 2853 ᾗ

340 2871 450 2950 inquit,
478 2889 517 2931 ex
533 2870 758 2951 temperatione
776 2869 987 2932 eoniusionem
1008 2872 1106 2950 sequi.
1157 2873 1190 2929 et
1202 2866 1346 2928 mistura
1358 2866 1441 2928 illius
1462 2868 1595 2929 modum
1619 2886 1639 2930 a
1664 2865 1824 2929 ooniusioue
1838 2858 1888 2918 rin-

339 2961 439 3023 Porro
460 2961 598 3024 oonfiuio
619 2963 646 3024 si
673 2963 857 3039 admittitur,
882 2962 963 3024 tollit
988 2968 1108 3024 naturae
1159 2959 1250 3034 dieat,
1266 2977 1330 3020 non
1353 2959 1491 3021 dissimili
1518 2960 1652 3035 ratione,
1675 2978 1709 3022 ae
1733 2953 1889 3038 padoane

340 3053 490 3133 cujusque
517 3054 746 3134 proprietatem.
781 3054 858 3121 Ques
879 3054 964 3115 enim
985 3059 1107 3135 tempe-
1158 3040 1890 3129 Theodoretus.Verbailliusneeessariolrieadsrri

340 3151 468 3223 rantur,
492 3164 558 3207 uon
571 3151 699 3207 manent
712 3146 815 3224 qualia
830 3153 918 3208 erant
930 3159 1031 3219 antea,
1047 3153 1106 3210 ete.
1158 3142 1261 3205 hendo
1274 3148 1359 3204 sunt.
1375 3144 1482 3205 «Nam
1496 3142 1575 3204 sieut
1590 3144 1624 3205 iu
1637 3143 1751 3204 unitate
1762 3151 1889 3217 persone,

342 3237 478 3312 Quodsi
501 3238 683 3317 temperatio
706 3237 885 3316 iaetaesset,
911 3256 1012 3319 neque
1027 3240 1110 3301 Deus
1160 3232 1286 3314 inquit',
1302 3235 1406 3296 anima
1420 3235 1528 3296 unitur
1542 3235 1677 3316 corpori,
1700 3234 1827 3295 uthomo
1845 3225 1890 3327 titt
1984 3254 1985 3265 ¹

342 3330 506 3393 mansisset
528 3330 631 3392 Deus:
648 3348 749 3411 neque
761 3331 914 3411 templum
923 3349 980 3411 pro
993 3331 1110 3411 templo
1159 3327 1250 3388 itain
1273 3325 1391 3389 unitate
1416 3344 1556 3407 persona
1572 3328 1655 3388 Deus
1668 3326 1769 3387 unitur
1787 3316 1892 3387 homini

343 3429 422 3484 esset
433 3424 574 3501 agnitum
587 3443 594 3483 :
605 3423 698 3484 sedet
711 3423 864 3503 templum
876 3424 968 3498 Deus,
985 3427 1016 3485 et
1028 3424 1111 3485 Deus
1159 3423 1196 3480 ut
1210 3417 1347 3480 Christus
1369 3418 1421 3480 sit.
1444 3419 1479 3480 ln
1499 3418 1553 3480 ille
1565 3436 1642 3498 ergo
1652 3413 1894 3500 personamixlum

343 3515 498 3594 templum
510 3514 599 3576 foret.
615 3515 679 3576 Hoo
690 3516 776 3577 enim
790 3515 1020 3595 temperationis
1032 3515 1111 3577 ratio
1161 3509 1526 3590 estanimaeetoorporis:
1537 3503 1895 3590 inhaopereonamixtun

343 3605 536 3687 postulati.»
554 3607 670 3668 Eadem
684 3624 773 3668 mens
786 3614 834 3669 est
846 3607 928 3668 illius
951 3612 982 3668 et
998 3607 1032 3668 in
1045 3606 1113 3668 aliis
1160 3607 1207 3663 est
1221 3601 1287 3678 Dei,
1303 3608 1333 3663 et
1346 3601 1501 3663 hominis:
1513 3602 1537 3662 si
1551 3606 1660 3664 tamen
1672 3599 1787 3662 recedat
1797 3591 1894 3656 auditor

342 3697 427 3781 loeis,
443 3698 478 3758 iu
504 3698 618 3777 quihus
640 3716 748 3760 vooem
773 3699 863 3759 utam
885 3698 1001 3777 reJ'ieit:
1031 3698 1113 3760 utin
1161 3693 1423 3756 aoonsuetudine
1450 3712 1630 3773 eorporum,
1654 3711 1716 3773 qna
1741 3689 1830 3751 solent
1847 3682 1895 3744 duo

343 3787 465 3868 dialogo
502 3787 650 3848 meando.
686 3788 724 3848 Et
750 3793 855 3849 tamen
883 3787 917 3847 iu
950 3786 1011 3848 hoe
1044 3790 1112 3867 ipso
1161 3786 1298 3865 liquores
1325 3785 1370 3846 ite
1402 3784 1609 3862 commisseri,
1638 3789 1673 3846 ut
1697 3786 1799 3845 neuter
1817 3780 1896 3876 serttl

342 3879 490 3951 adversus
499 3879 681 3941 haereticum
691 3879 952 3961 Apollinaristam
967 3897 1002 3941 ae
1010 3879 1116 3941 Mouo·
1164 3878 1376 3957 integritatem
1396 3894 1501 3952 suam;
1533 3893 1714 3957 quanquam
1741 3880 1770 3935 et
1789 3871 1818 3931 in
1840 3867 1897 3946 ipffl

343 3970 500 4050 physitam
527 3971 707 4052 disputans,
736 3971 871 4051 ostendit
901 3987 966 4031 nou
992 3988 1115 4050 semper
1164 3969 1344 4050 corporibus
1369 3970 1434 4030 aeri
1462 3969 1517 4030 lux
1543 3970 1724 4048 inoorrupta
1751 3964 1896 4026 misceam?-

343 4062 455 4138 looev’,
472 4063 506 4123 id
525 4064 753 4141 estoodiouern,
778 4068 809 4124 et
822 4073 920 4143 κρᾶσιν,
936 4062 1114 4140 adunatam
1164 4063 1245 4141 Ergo
1257 4079 1389 4141 persona
1397 4061 1542 4134 hominis,
1558 4062 1697 4121 mixtura
1709 4064 1753 4119 est
1760 4048 1900 4123 arrimtllt

342 4152 457 4215 habere
471 4155 707 4216 confusionem:
736 4155 807 4217 Aret
830 4172 877 4231 ea,
903 4172 973 4234 quae
987 4154 1115 4233 eonjun·
1165 4153 1312 4233 eorporis,
1327 4170 1461 4234 persona
1474 4157 1579 4214 autem
1595 4151 1724 4227 Christi,
1738 4144 1900 4211 maturet

342 4334 460 4406 Χριστόν·
479 4330 512 4404 μὴ
531 4331 638 4403 γίνοιτο·
655 4328 713 4384 ἀλλ’
727 4329 880 4403 ὁμολογῆσαι
895 4332 982 4402 μόνον,
1001 4330 1040 4383 θτι
1057 4328 1113 4383 oiri
1161 4327 1326 4395 ἀκολουθῆσαι
1333 4326 1377 4395 τὴν
1385 4325 1512 4399 σύγχυσιν.
1526 4323 1694 4393 εἶσιοῦσαθθη
1707 4322 1814 4394 σθγγυσις
1825 4314 1905 4385 defleti

342 4417 459 4490 σθγγνσις
470 4412 577 4487 θγένετο,
589 4413 645 4468 οὔτε
661 4414 798 4486 σύγκρασις·
815 4411 900 4480 ἀλλ’ἢ
918 4412 960 4484 μὲν
970 4411 1040 4485 σὰρξ,
1053 4410 1113 4484 σὰρξ
1161 4415 1205 4480 τῆς
1221 4409 1321 4479 ἔσιθι-της
1333 4407 1481 4481 γθσιοιςιὴν
1496 4406 1616 4476 ἰδιότητα.
1629 4406 1661 4462 τὰ
1674 4405 1720 4478 γὰρ
1731 4388 1901 4475 ιιερσνιθμῐθῦθθ

342 4497 384 4568 ἦν,
399 4500 433 4561 ὣς
451 4497 603 4570 ἐκγοναικθς
618 4498 746 4569 ληρθεῖσα·
758 4499 773 4551 θ
784 4495 811 4550 tl
828 4497 913 4568 λόγος,
926 4493 1001 4558 dreia
1020 4497 1113 4568 πατρὸς
1161 4495 1228 4566 μένει
1242 4494 1259 4547 θ
1272 4495 1389 4565 πρότερον
1406 4487 1446 4560 ἦν,
1462 4495 1516 4547 ele.
1533 4490 1596 4547 Mox
1611 4510 1618 4546 ε
1634 4488 1665 4542 Et
1677 4487 1704 4541 δὲ
1717 4489 1795 4558 κρᾶσις
1807 4479 1901 4552 ἔηηθθῑι

343 4582 473 4655 γιννηθεῖς,
483 4582 558 4653 λόγος
566 4578 606 4650 ἣν.
1162 4574 1217 4630 οὔτε
1235 4576 1288 4638 θεὸς
1307 4572 1448 4647 θρερενήιιει
1461 4572 1525 4639 θεὸς,
1544 4571 1600 4627 οὔτε
1625 4571 1684 4633 ναθς
1704 4567 1835 4657 ἔγνοιρθζετο
1846 4560 1899 4618 vett·

379 4680 400 4719 a
419 4664 538 4735 Ciaep.
550 4663 592 4719 ad
599 4665 665 4719 Suo.
676 4660 1112 4734 Ἐπειδὴθθτινεςέπιιιλθιονσινημῖν
1162 4658 1276 4714 ἀλλὰκαὶ
1290 4658 1304 4713 θ
1317 4658 1385 4730 vale,
1398 4656 1459 4725 θεθς,
1474 4654 1515 4709 ael
1531 4655 1620 4720 θθεθς,
1636 4656 1782 4716 sordeseere
1796 4642 1902 4720 ηθρθῖθ(

344 4744 785 4819 τθαἈτολιναρίοοθθξας,ιιαθρασιν·
801 4748 839 4800 θτι
858 4744 880 4800 εἰ
898 4745 941 4798 θνα
963 4745 1113 4818 temesae
1161 4744 1269 4815 κράσεως
1281 4742 1394 4814 βούλεται
1404 4740 1488 4811 λόγος.

346 4829 432 4882 Ινωσιν
443 4827 586 4900 dapsiliam
595 4830 789 4901 συγκεκραμένην
799 4829 911 4896 otredo
923 4827 950 4882 θιι
959 4830 1014 4883 θεοῦ
1023 4828 1114 4901 πατρθς
1198 4841 1214 4881 c
1231 4826 1313 4881 Aaou.
1328 4822 1404 4895 apud
1422 4821 1586 4878 Theodorel.
1602 4819 1670 4877 dial.
1685 4818 1719 4875 11.
1738 4817 1790 4870 Τῶν
1800 4821 1904 4882 mm*

345 4911 421 4983 λόγον
444 4909 671 4983 θνανθρωιιησαντα,
696 4911 737 4965 καὶ
761 4912 956 4983 σεσαριιωμιθνον,
980 4913 1047 4984 τάχα
1066 4915 1114 4965 ποθ
1164 4909 1253 4981 μένων,
1268 4907 1292 4961 αἱ
1306 4907 1434 4974 ποιότητες
1446 4906 1613 4977 repetiuerant,
1623 4901 1668 4956 σθκ
1687 4900 1836 4955 θτολλοντσι.
1852 4888 1903 4940 θπῐ

345 4994 445 5048 κάκεῖνο
457 4993 627 5066 φαντάζεσθαι,
641 4995 682 5046 καὶ
696 4995 792 5065 φρονεῖν
807 4993 939 5066 ἐγνώκατε,
957 4996 995 5048 ὅτι
1008 4995 1113 5066 σύγκρα-
1163 4990 1218 5045 read
1235 4991 1275 5043 ιιαὶ
1299 4985 1432 5042 διίστανται
1455 4985 1504 5040 tat
1518 4991 1568 5040 τῶν
1589 4982 1803 5058 συγκερασθέντων,
1815 4970 1904 5037 stifft

347 5097 392 5142 σις,
414 5079 470 5146 ἤτοι
492 5077 619 5150 σύγχυσις,
642 5079 658 5145 ἡ
679 5076 772 5149 ρυρρθς
792 5078 879 5148 γέγονε
900 5081 944 5130 τοῦ
966 5076 1042 5147 λόγον
1055 5076 1115 5148 προς
1162 5070 1229 5130 οἶνος
1245 5072 1294 5127 ἀπὸ
1302 5077 1346 5127 τοῦ
1362 5071 1459 5133 θδατος,
1474 5074 1528 5126 elo.
1543 5067 1574 5121 Et
1588 5067 1615 5122 δὲ
1634 5073 1684 5122 τῶν
1698 5056 1837 5136 asphalti
1854 5048 1904 5125 ΙθθΙς

347 5166 430 5233 σῶμα,
441 5161 515 5233 ηγονν
529 5162 574 5213 rod
587 5162 703 5232 σώματος
724 5157 756 5222 εἰς
767 5158 837 5230 φύσιν
851 5158 964 5225 θεότητος
978 5158 1113 5230 petrioli.
1162 5157 1206 5212 οθιι
1219 5156 1325 5230 ἠλλάγη,
1340 5156 1412 5227 πόση)
1422 5152 1517 5227 patto
1531 5150 1599 5219 θεῆς
1612 5151 1738 5220 θεθτητνει

383 5244 401 5299 θ
418 5245 560 5300 Turonos.
576 5242 619 5300 od
630 5240 744 5299 Attolle.
755 5257 784 5298 u.
809 5240 913 5314 Ἀνάγκη
926 5240 974 5315 γὰρ
987 5247 1018 5322 τη
1031 5243 1114 5313 κράσει

375 5398 387 5441 t
402 5396 449 5441 Lib.
463 5397 498 5450 Vl,
508 5408 544 5454 ep.
556 5397 583 5442 ad
593 5405 636 5441 σοι,
646 5408 682 5453 ep.
695 5395 768 5442 aaa
780 5395 861 5441 theod.
873 5396 951 5443 tta-s
960 5397 989 5442 lle
1004 5397 1054 5442 Gor.
1065 5397 1116 5444 cor.
1127 5406 1147 5441 e.
1160 5406 1186 5439 rr
1198 5399 1219 5439 et
1227 5393 1393 5449 Aroteres·
1408 5390 1422 5434 t
1435 5390 1465 5435 lle
1477 5387 1538 5433 irio.
1551 5399 1572 5433 e.
1584 5386 1661 5432 ιιι-θ
1672 5377 1816 5441 ῦγριλιθθοθ.
1825 5370 1904 5420 ”llll-⁶

348 5460 363 5504 θ
376 5460 426 5504 zan.
442 5470 506 5505 serm.
518 5470 545 5504 ιιι
556 5460 582 5504 ds
593 5460 670 5506 Noe-
679 5458 692 5503 'l
702 5460 761 5515 Aug.
773 5470 809 5516 sp.
819 5470 854 5503 ιιι.
