4036 6162
380 434 440 495 ste
885 431 1210 497 incommodavit
1230 431 1448 496 DOGMATUM

379 603 468 665 inea
490 603 673 684 pracsertim,
697 604 850 691 quemad
875 605 1037 668 Romarm
1054 603 1147 683 scrip
1197 600 1464 682 occaecabat
1485 599 1908 682 creatamquamlibetmtumn
1982 588 1984 599 '

378 693 435 757 sit¹
451 717 458 757 :
477 702 569 776 atque
582 697 665 759 istud
675 697 715 760 ab
729 716 766 760 co
778 696 1019 761 fundamentum
1032 697 1149 778 jacimr
1197 694 1316 757 ratione
1324 693 1505 775 preditum:
1516 693 1614 758 nisiei
1626 694 1726 771 made
1738 694 1910 776 precatum

378 787 559 851 Christiane
567 789 685 867 salutis,
701 790 893 854 etdoctrinae
909 809 917 854 z
933 808 996 871 quo
1010 789 1148 852 multum
1196 787 1359 852 auxilium.
1865 862 1867 865 ¹
1984 868 1985 871 Ἴ

377 881 524 944 adversus
545 882 725 963 Pelagianos
744 883 911 964 disputans·
931 900 1006 946 usus
1023 886 1070 946 est
1086 884 1148 944 Au·
1236 881 1312 955 Ques
1326 878 1453 961 quidem
1466 881 1574 961 ffatim
1593 880 1748 944 necessitas
1766 879 1801 941 ad
1815 897 1909 943 aenan
1984 874 1985 953 i

377 973 529 1053 guatinas.
1196 971 1301 1034 deme
1324 972 1479 1053 peccando
1503 973 1909 1054 quelemcumquecreatumn,

417 1066 473 1127 III.
490 1066 544 1129 llis
557 1068 790 1146 animadversis,
810 1069 959 1149 quoniam
968 1067 1145 1145 satisfactio,
1196 1083 1235 1127 er
1247 1065 1412 1141 Augustini
1425 1072 1547 1140 mente,
1564 1065 1757 1128 acmntemm
1774 1064 1910 1131 mulcifer.

376 1160 586 1238 compensatio
599 1161 929 1241 quedamestinjuriee
943 1160 1036 1221 illatae
1045 1159 1143 1237 alteri,
1196 1156 1350 1220 lliceuim
1362 1176 1429 1221 non
1437 1157 1531 1220 modo
1545 1157 1913 1240 primepereuttprtnac
1985 1180 1986 1207 i

375 1267 412 1311 uc
437 1250 544 1312 violati
562 1251 643 1330 juris
660 1252 774 1333 ipsius,
795 1256 922 1334 apparet
945 1256 1032 1314 muto
1059 1251 1146 1313 illam
1194 1247 1349 1311 beatoillo
1363 1249 1500 1335 instatu,
1513 1268 1591 1332 epm
1601 1248 1912 1331 grutiuiuissedefeadit,

375 1359 441 1404 esse
469 1342 692 1422 perfectiorem,
714 1350 832 1425 quanto
853 1343 960 1406 minus
979 1344 1100 1424 getiae,
1115 1347 1147 1405 et
1194 1359 1257 1422 quo
1270 1341 1399 1404 velaca
1417 1342 1507 1421 lapsu
1529 1341 1708 1419 mntiueret,
1728 1341 1773 1403 vel
1795 1340 1912 1402 boriali

374 1434 509 1497 liberalis
522 1437 757 1499 condonationis
767 1436 957 1515 adjungitur.
971 1438 990 1498 J
992 1454 1044 1498 am
1058 1454 1145 1516 quae·
1195 1433 1271 1514 quid
1289 1439 1412 1514 egeret:
1436 1452 1547 1497 verum
1568 1436 1661 1497 etiam
1673 1433 1798 1514 Angelis
1811 1449 1913 1513 quemn

374 1545 508 1606 cumque
534 1527 573 1589 ab
599 1528 732 1608 simplici
759 1532 912 1602 ereatura,
933 1546 990 1608 pro
1013 1528 1077 1590 suis
1095 1528 1146 1590 val
1194 1525 1306 1602 multo,
1323 1543 1419 1606 quam
1431 1525 1578 1603 bominis,
1594 1532 1659 1588 erat
1669 1524 1815 1587 firmitudo
1829 1524 1912 1602 maja,

374 1617 483 1680 alicnis
499 1619 721 1682 offensionibus
743 1621 848 1683 offerri
861 1619 1023 1682 satisfactio
1032 1625 1143 1701 potest,
1194 1622 1225 1679 et
1243 1618 1426 1679 comtantia.
1445 1619 1492 1680 De
1504 1617 1633 1680 bomine
1645 1618 1687 1681 sic
1699 1619 1732 1680 iu
1743 1613 1913 1679 librodet'ca-

373 1730 411 1774 ea
425 1712 490 1774 siue
513 1712 631 1789 gratim,
648 1731 684 1774 ec
702 1712 838 1775 liberalis
857 1712 999 1775 beneficii
1014 1712 1145 1793 abcujus
1193 1709 1326 1790 raptione
1338 1716 1366 1771 et
1382 1709 1483 1791 pretia
1498 1709 1604 1772 scribit
1619 1706 1914 1787 Augmtinm,cumde
1986 1722 1987 1745 ³

372 1805 544 1882 accessione
557 1810 699 1867 constare
720 1806 829 1886 nequit
845 1825 852 1867 :
869 1823 934 1867 non
948 1804 1050 1866 solum
1070 1805 1145 1886 quie
1193 1802 1345 1880 adjutorio
1360 1801 1495 1883 disputat
1503 1802 1623 1882 gratim
1636 1802 1719 1877 «Sic,
1734 1798 1845 1882 inquit,
1853 1799 1915 1879 adju·
1987 1860 1988 1875 ,

279 1976 282 1983 ¹
371 1896 510 1978 produci,
527 1903 559 1958 et
583 1899 616 1958 in
639 1915 746 1959 rerum
771 1898 901 1960 existere
928 1903 1052 1973 natura,
1077 1898 1143 1960 sine
1192 1894 1333 1971 rebatur,
1358 1899 1395 1954 ut
1422 1894 1488 1956 sine
1515 1893 1575 1956 boc
1587 1894 1737 1974 adjutorio
1749 1894 1781 1954 in
1790 1892 1859 1953 bono
1869 1908 1916 1952 nou

371 1989 471 2069 gratia
490 2007 555 2051 non
567 1994 689 2070 potest:
706 1989 760 2052 sed
773 1991 867 2052 etiam
882 1989 967 2071 quod
986 2008 1051 2052 non
1076 1989 1143 2053 sine
1193 1992 1349 2048 maneret:
1367 1986 1704 2066 aedbocadjutorium,
1718 1983 1916 2054 sirelletdese

334 2070 341 2077 ’
370 2083 480 2144 ecdem
506 2081 600 2144 habet
624 2081 734 2161 gratie
755 2086 792 2142 ut
810 2088 873 2144 tem
899 2081 954 2143 illa
975 2081 1043 2162 ipse
1066 2082 1140 2158 Deo,
1191 2084 1293 2155 reret3
1307 2099 1323 2137 a
1337 2083 1475 2141 etmox:
1491 2079 1602 2140 «Tunc
1616 2095 1688 2156 ergo
1701 2075 1917 2141 dederatbomini

370 2191 464 2253 quam
479 2174 546 2253 ejus
558 2172 721 2235 satisfactio
730 2173 1141 2254 sitacceptalltenimnemo
1192 2170 1274 2232 Deus
1286 2170 1402 2233 bonam
1415 2170 1629 2234 voluntatem:
1645 2172 1679 2233 in
1694 2170 1746 2232 illa
1757 2169 1854 2250 quippe
1863 2184 1917 2229 eun

368 2265 484 2343 injuria
497 2265 589 2326 laesus
609 2265 649 2326 ab
667 2265 775 2338 altero,
792 2265 821 2326 ei
833 2265 960 2347 placari,
981 2283 1017 2327 ac
1031 2283 1141 2328 reeon·
1190 2261 1313 2341 ieeerat,
1329 2263 1383 2344 qui
1401 2262 1515 2325 fecerat
1526 2268 1659 2325 rectum.
1680 2263 1802 2325 Dederat
1812 2266 1839 2322 et
1851 2259 1917 2338 adju·
1988 2262 1989 2283 *

369 2355 467 2417 ciliari
489 2355 667 2417 interventu
698 2361 800 2436 potest
826 2357 921 2419 medii
955 2356 1138 2438 cujuspiam,
1191 2356 1319 2432 terium,
1334 2355 1645 2435 sinequoineanou
1657 2360 1916 2436 possetpermenuet

367 2446 427 2508 nisi
436 2447 594 2527 grutusiili
608 2448 665 2509 iste
679 2449 719 2509 sit
732 2453 850 2510 mutuae
860 2449 955 2528 pacis,
965 2466 1001 2510 ae
1013 2466 1141 2511 concor·
1191 2446 1217 2507 si
1230 2447 1342 2509 vellet:
1356 2451 1392 2509 ut
1405 2451 1509 2508 autem
1527 2446 1637 2516 vellet.
1656 2448 1690 2509 in
1703 2447 1766 2526 ejus
1776 2445 1859 2507 libero
1868 2441 1919 2504 reli

369 2537 429 2600 diae
444 2544 611 2618 sequester,
618 2548 649 2601 et
657 2539 820 2620 interpres.
837 2541 901 2602 Hoc
912 2545 1082 2621 autemper
1095 2558 1139 2617 se,
1191 2539 1260 2619 quit
1279 2538 1418 2601 arbitrio.
1434 2560 1451 2598 o
1472 2539 1517 2600 Ac
1530 2539 1663 2601 subinde
1676 2540 1714 2600 de
1728 2537 1839 2619 Angelis
1850 2531 1918 2596 end

368 2647 487 2709 suoque
499 2636 598 2692 marte
612 2637 751 2693 creatura
765 2631 853 2693 nulla
863 2632 994 2712 simplex
1007 2633 1141 2712 assequi·
1190 2635 1221 2692 et
1233 2631 1272 2692 de
1285 2631 1413 2692 bomine
1426 2631 1540 2710 primo,
1555 2629 1695 2711 loquitur
1704 2631 1761 2692 ita:
1775 2651 1790 2688 a
1802 2629 1830 2690 si
1840 2631 1919 2689 auen
1989 2670 1990 2719 ,

368 2726 420 2783 tur
435 2723 487 2784 sed
501 2723 608 2802 gratis,
624 2722 763 2803 ejusque,
779 2723 833 2803 qui
846 2723 938 2786 lesus
952 2730 1007 2798 est,
1023 2724 1138 2799 lavore,
1189 2722 1250 2785 hoc
1263 2722 1453 2803 adjutorium
1462 2722 1656 2803 velAngelo,
1666 2720 1837 2797 velhomini,
1847 2734 1919 2799 quum
1989 2760 1990 2771 2

366 2832 403 2873 ac
417 2813 601 2875 liberalitate
614 2813 774 2892 tribuitur,
789 2820 854 2877 noa
869 2815 970 2877 solum
983 2816 1141 2878 utexistat
1189 2816 1326 2895 primum
1350 2814 1422 2876 facti
1442 2819 1529 2888 sunt,
1553 2814 1716 2889 defuisset,
1730 2813 1862 2895 quoniam
1871 2826 1920 2870 acu

366 2905 516 2986 producta
529 2907 567 2967 de
581 2905 692 2980 nihilo,
715 2913 748 2969 et
769 2912 842 2985 agat
862 2906 978 2986 aliquid
1004 2924 1141 2969 :verum
1187 2906 1379 2968 talisnatura
1391 2906 1472 2967 facta
1480 2912 1557 2982 erat,
1569 2912 1606 2968 ut
1616 2906 1788 2970 sinedivine
1799 2900 1920 2983 adjutore

366 2998 466 3059 multo
494 2998 593 3078 magis
615 3002 651 3058 ut
667 3003 698 3058 et
721 2999 789 3079 ipsa
810 2999 877 3077 jam
904 2999 1055 3078 producte
1077 3000 1140 3061 Deo
1189 3004 1292 3079 posset
1300 3017 1438 3068 manere,
1448 2999 1474 3060 si
1484 2998 1577 3060 vellet
1584 3019 1593 3075 ;
1607 3018 1675 3061 non
1685 3001 1786 3079 utique
1795 3015 1843 3059 sue
1853 2994 1921 3073 culpa

366 3095 455 3169 grata
469 3090 519 3166 sit,
535 3090 611 3151 etin
625 3089 761 3152 solutum
778 3091 860 3152 illius
880 3090 980 3154 officie
1001 3091 1139 3154 referan·
1189 3090 1377 3154 cecidissent.
1390 3090 1589 3170 Adjutorium
1601 3085 1922 3173 quippedeiuissetsiue
1990 3076 1991 3101 ¹

366 3185 427 3242 tur.
446 3183 484 3241 ln
499 3183 558 3243 hoc
574 3182 731 3244 intuentes
743 3183 865 3263 antiqui
874 3182 1022 3259 theologi,
1038 3202 1140 3264 neque
1190 3199 1252 3262 quo
1275 3200 1402 3245 munere
1429 3200 1494 3244 nou
1515 3188 1692 3262 possentzu
1722 3183 1794 3265 item
1817 3176 1922 3257 inopis

367 3272 535 3353 Angelum,
557 3290 659 3353 neque
677 3274 850 3349 bominem,
866 3293 924 3336 nec
939 3275 1036 3337 ullam
1056 3276 1141 3337 deni·
1188 3273 1251 3335 tela
1265 3290 1326 3350 cvr,
1342 3296 1355 3333 ι
1371 3275 1488 3336 Natura
1502 3275 1587 3337 enim
1600 3275 1750 3349 humana,
1764 3272 1856 3348 edam,
1868 3267 1922 3330 siin

366 3383 427 3445 quc
441 3372 616 3428 creaturam
642 3366 748 3443 aliam,
771 3373 868 3429 tantae
895 3368 1054 3447 dignitatis
1073 3386 1139 3431 esse
1188 3365 1243 3427 illa
1268 3366 1463 3446 integritate,
1491 3367 1525 3428 in
1546 3366 1754 3447 quocondita
1767 3371 1818 3441 est,
1831 3366 1924 3443 pant·

364 3457 502 3537 potuisse
517 3457 663 3520 dixerunt
676 3464 712 3519 ut
732 3457 869 3520 invisum
890 3458 1050 3521 hominem
1074 3461 1139 3521 Deo
1188 3462 1289 3531 neret,
1309 3457 1501 3520 nullomodo
1512 3458 1660 3539 seipsam,
1675 3463 1804 3520 uectore
1814 3472 1862 3517 suo
1875 3467 1923 3513 ron

363 3548 552 3623 conciliaret,
576 3568 613 3611 ac
627 3568 684 3629 prc
702 3567 740 3612 eo
762 3550 949 3613 satisfaceret
965 3571 972 3613 :
988 3551 1041 3613 sed
1054 3551 1087 3614 id
1099 3551 1139 3613 ab
1190 3548 1358 3628 adjuvante
1372 3554 1544 3612 servaret.»
1561 3550 1606 3612 De
1621 3550 1740 3631 Angelo
1753 3540 1924 3630 quoquelul·

364 3659 429 3702 uno
440 3640 494 3702 illo
508 3641 647 3720 prestari
666 3641 824 3719 debuisse,
834 3643 891 3723 qui
912 3643 993 3704 Deus
1006 3644 1089 3705 idem
1109 3648 1139 3705 et
1187 3641 1310 3721 gentius
1337 3642 1421 3704 idem
1446 3646 1577 3704 testatur
1598 3642 1635 3704 in
1660 3642 1757 3724 capite
1773 3636 1923 3703 duodecime

363 3732 458 3794 homo
474 3739 563 3794 esset.
580 3734 648 3795 lluc
671 3734 797 3795 illorum
814 3733 977 3796 referenda
989 3735 1048 3797 ista
1060 3736 1138 3797 ratio
1188 3750 1282 3812 supra
1294 3732 1463 3794 laudatuse
1476 3731 1597 3795 nobis⁸.

362 3831 417 3897 est,
435 3843 507 3905 quae
529 3824 563 3885 in
578 3825 788 3907 Redemptore
801 3825 924 3906 generis
936 3826 1066 3888 humani
1081 3846 1136 3890 ne·
1228 3825 1266 3886 V.
1295 3826 1339 3886 Ex
1372 3825 1487 3904 quibus
1520 3824 1691 3888 clarissime
1728 3827 1852 3895 consui,
1873 3833 1925 3887 ,nec

362 3917 621 3997 cessariamponit
635 3918 873 3999 impeccantiam,
883 3936 978 3999 quam
993 3927 1137 4000 ἀναμαριη·
1188 3916 1319 3997 Angelo,
1334 3935 1392 3979 nec
1402 3917 1492 3979 alteri
1503 3918 1652 3998 cuiquam
1664 3923 1818 3993 uectura,
1832 3911 1924 3976 nedum

361 4018 416 4071 atae
457 4010 555 4071 Graeci
581 4010 756 4071 nominant.
782 4010 856 4071 llaec
881 4010 966 4072 enim
994 4011 1052 4072 soli
1074 4011 1136 4073 Deo
1186 4007 1592 4085 bomini,tantumadiuisse
1602 4004 1923 4091 dignitatia,acririum,

365 4100 533 4162 convenit:
556 4103 591 4161 in
615 4109 788 4165 creaturam
815 4100 924 4163 cadere
948 4102 1014 4178 illo,
1042 4121 1137 4182 quem
1186 4105 1223 4161 ut
1237 4105 1292 4162 aut
1307 4118 1409 4173 suum,
1425 4105 1481 4162 aut
1495 4101 1632 4164 ebenum
1647 4106 1803 4183 peecatum
1810 4096 1926 4177 josiaci

361 4192 431 4253 voci
442 4192 494 4252 isti
516 4192 694 4272 subjiciunt,
710 4211 803 4254 sensu
824 4211 860 4254 ac
884 4193 978 4254 modo
1003 4211 1070 4254 non
1082 4213 1137 4274 po·
1187 4198 1294 4255 exacta
1311 4191 1515 4254 satisfactione
1532 4193 1681 4270 dilueret;
1706 4185 1925 4273 quandoquidem

360 4289 421 4345 teat
436 4303 444 4344 t
461 4283 499 4345 de
524 4302 587 4363 quo
601 4284 673 4346 vide
692 4284 809 4346 librum
834 4289 975 4346 noenum
998 4283 1035 4345 de
1048 4284 1137 4348 Pela·
1186 4303 1252 4346 uon
1266 4282 1326 4345 nisi
1339 4302 1397 4362 ope
1407 4284 1473 4361 liei,
1488 4285 1641 4365 etgratia,
1660 4290 1825 4347 cadmiam
1836 4297 1864 4340 sc
1874 4276 1926 4356 ipa

360 4376 449 4457 paca
483 4374 621 4452 iaresi‘;
645 4376 701 4437 ubi
730 4376 769 4438 de
801 4376 948 4440 haeretica
967 4382 1138 4458 ἀναμαρτησιᾳ
1186 4380 1298 4456 posset,
1306 4393 1346 4437 ne
1355 4375 1507 4456 praecipiti
1515 4370 1924 4457 lapsuinpemiciemruerei:

361 4467 498 4543 egimus.
1185 4484 1288 4546 neque
1308 4459 1926 4547 quidquam,sinee0demauxiliograiu

402 4559 456 4619 IV.
480 4559 579 4636 Igitur
605 4563 755 4639 quoniam
781 4559 882 4621 omnis
914 4564 960 4620 est
992 4564 1135 4622 creatura
1185 4557 1273 4635 utile,
1288 4576 1325 4619 ac
1343 4559 1407 4619 lieo
1426 4564 1587 4639 acceptum
1610 4559 1736 4622 faceret.
1757 4558 1849 4636 Atque
1866 4551 1925 4621 hot,

362 4650 481 4729 peccati
495 4668 604 4730 capax,
620 4652 719 4726 gretie
732 4652 778 4712 illi
790 4652 961 4713 necessarie
974 4656 1031 4728 cst,
1047 4658 1134 4714 uteo
1186 4654 1279 4730 puto,
1294 4666 1387 4711 sensu
1401 4649 1602 4729 intelligenda
1614 4656 1662 4713 est
1675 4650 1731 4712 illa
1744 4644 1857 4729 synesii
1871 4656 1927 4702 scn-

361 4746 483 4811 eareat,
506 4758 634 4821 necper
653 4759 705 4817 se,
729 4747 912 4823 neturaeque
927 4760 992 4805 sum
1014 4743 1135 4805 viribus
1184 4740 1300 4817 teutia,
1316 4758 1410 4820 quam
1435 4741 1469 4801 in
1493 4741 1603 4804 eodem
1625 4741 1726 4823 capite
1740 4725 1927 4803 reddidimut⁸t

362 4831 447 4893 illius
460 4832 670 4894 incursionem
692 4833 791 4896 vitare
810 4840 921 4915 potest.
943 4833 1031 4909 Quod
1048 4834 1135 4896 enim
1184 4832 1327 4912 negantis
1353 4832 1526 4913 Angelum,
1560 4833 1611 4895 vel
1645 4833 1741 4895 alium
1777 4824 1929 4912 quempiam

361 4923 400 4985 de
427 4923 557 4985 homine
585 4924 708 5005 scripsit
730 4924 951 5005 Augustinus⁸,
973 4927 1135 4988 «Nullum
1187 4930 1300 5005 praeter
1312 4925 1430 5002 Mum,
1449 4925 1579 5005 triginta
1596 4942 1698 4987 annos
1716 4925 1796 4986 inter
1811 4915 1929 4982 bomne

361 5033 427 5077 esse
453 5019 626 5096 peecatum,
654 5015 821 5097 quodieeit
838 5018 945 5092 homo,
972 5019 1056 5098 quod
1069 5036 1134 5081 non
1184 5016 1251 5078 sine
1264 5016 1382 5096 peccaui
1396 5016 1484 5094 labe,
1507 5023 1539 5080 et
1552 5017 1735 5098 mntegione
1748 5028 1866 5078 manere
1883 5021 1929 5086 po·

361 5107 456 5188 poscit
471 5106 572 5169 facere
585 5107 663 5170 alter
675 5108 791 5185 bomo,
817 5109 843 5169 si
869 5108 948 5170 desit
973 5114 1086 5187 rector,
1117 5128 1136 5171 a
1184 5108 1290 5170 tuisse.
1305 5108 1385 5170 Num
1399 5109 1438 5170 de
1454 5126 1492 5171 eo
1505 5108 1755 5189 loquitur„quod
1764 5110 1929 5169 nuum,

360 5218 424 5280 quo
450 5198 548 5260 iactus
574 5204 620 5261 est
643 5200 758 5263 bomo:
784 5221 801 5259 o
822 5199 854 5261 id
867 5199 959 5262 latius
972 5205 1077 5281 patet3
1099 5218 1136 5263 ao
1185 5199 1308 5278 suisque
1318 5199 1433 5263 viribus
1442 5202 1600 5283 curaequi,
1614 5217 1651 5262 ac
1660 5202 1807 5282 praestare
1818 5187 1931 5271 Angelm

359 5296 425 5354 tam
439 5291 478 5353 ed
493 5308 620 5354 omnem
640 5293 776 5373 pertinet
796 5298 913 5354 statum
932 5293 1063 5356 humani
1080 5311 1136 5375 ge-
1185 5297 1301 5372 posset.

385 5522 396 5567 i
411 5523 472 5568 nem.
485 5523 565 5569 rr.-f
577 5522 639 5573 lon.
650 5524 686 5577 tv,
696 5535 717 5571 a,
730 5535 761 5579 u,
778 5536 827 5582 par.
838 5525 986 5582 tetam-t
1001 5524 1048 5572 tit.
1059 5524 1075 5570 l.
1085 5527 1146 5572 Hom.
1157 5524 1240 5573 llcmil.
1253 5536 1317 5580 ruat.
1331 5535 1353 5572 c.
1365 5524 1450 5571 τιμή
1464 5524 1523 5581 Aug.
1534 5534 1584 5581 cap.
1596 5534 1627 5571 aa.
1640 5522 1681 5569 itt.
1689 5522 1716 5569 de
1727 5521 1775 5569 dar.
1784 5522 1805 5565 st
1814 5518 1849 5565 Gr·
1859 5507 1930 5556 llil*

359 5585 377 5630 l.
387 5584 464 5629 litte
472 5586 517 5632 Gis.
527 5596 547 5631 c.
561 5596 656 5631 rrrra-
668 5588 682 5631 s
695 5586 748 5644 Cap.
762 5596 799 5639 ru,
811 5599 887 5645 parag.
902 5587 975 5633 a-tt
989 5586 1066 5642 Parae.
1080 5600 1116 5634 vt.
