4078 6162
340 325 399 385 tes
849 316 1173 383 THEOLOGICORUM
1199 315 1416 380 DOGMATUM

340 486 426 548 velut
448 506 572 550 earnem
596 506 662 550 esse
679 492 803 560 natura,
829 493 860 548 et
882 485 1052 548 substantia
1075 484 1108 545 id
1159 478 1344 543 nominatim
1357 484 1419 544 leo
1438 483 1521 563 Papa
1533 484 1648 554 tanhrs,
1664 494 1700 540 ac
1718 484 1784 539 tam
1797 477 1926 557 uigilans

340 579 502 657 quodest·
518 584 549 641 et
561 600 669 643 rursus
684 583 784 642 Deum
798 579 939 642 Verbum
951 583 1063 639 natura
1076 581 1107 637 et
1159 575 1360 653 Eutychiana
1380 579 1576 655 oppugnator
1598 571 1734 647 haeresis,
1757 568 1925 630 dicationem

340 670 512 733 substantia
537 690 603 734 esse
623 672 654 735 id
676 673 759 753 quod
782 677 837 735 est
865 674 905 732 nt
926 668 1035 731 divisio
1063 672 1109 728 est
1158 667 1267 745 procul
1294 671 1377 727 mest
1404 666 1444 726 ab
1466 667 1525 728 hoe
1550 662 1710 745 mysterio,
1735 681 1800 723 nou
1823 678 1926 740 perso·

341 763 445 832 sectio.
468 764 602 844 penitus,
625 771 656 827 et
677 784 734 846 per
756 771 857 826 totum
881 763 1016 841 subjecta
1035 760 1110 821 diri·
1158 776 1272 819 narum
1291 758 1404 832 solum,
1420 759 1583 820 sedetiam
1597 764 1791 827 naturarum,
1811 754 1873 814 hoc
1885 758 1928 813 est

341 872 440 933 mens,
469 874 506 917 ae
531 857 687 937 privatim,
719 863 750 920 et
774 856 903 919 seorsim
926 855 979 915 illa
1003 871 1060 933 per
1078 871 1109 913 se
1159 849 1367 926 humanitatis,
1389 857 1419 911 et
1436 848 1608 911 divinitati.
1629 835 1771 921 aNolita,
1792 842 1926 926 inquit⁸,

341 946 548 1025 subsistentia,
564 955 596 1011 et
614 968 634 1011 a
655 968 687 1011 se
711 955 821 1011 mutuo
844 951 984 1029 separata
996 946 1108 1007 consti·
1160 943 1328 1022 quidquam
1336 944 1451 1004 horum
1463 942 1638 1004 adscribere
1646 938 1772 1001 falsitatr
1779 944 1928 1018 tanquam

341 1046 453 1101 tuens⁶
457 1085 464 1103 .
491 1061 506 1098 n
535 1043 611 1115 Qum
645 1042 773 1103 Maximi
806 1041 902 1102 verba
933 1038 1108 1111 contraxit,
1159 1035 1194 1094 in
1208 1032 1329 1095 Christo
1342 1035 1476 1097 autsola
1489 1033 1797 1105 sithumanitaaaut
1810 1030 1876 1092 sola
1889 1030 1929 1091 di·

342 1131 464 1212 opinor,
490 1134 678 1213 Euthymios
700 1135 734 1194 in
758 1133 825 1194 loco
844 1132 907 1201 illo,
927 1146 1110 1212 quemprc-
1160 1125 1302 1187 vinitas:
1338 1128 1392 1188 sed
1426 1132 1596 1207 utrumque
1628 1125 1761 1187 fideliter
1794 1124 1927 1199 credite,

342 1224 427 1285 xime
440 1230 513 1286 aute
524 1225 697 1287 retuhmus.
714 1225 755 1287 lt
765 1226 859 1304 digna
871 1242 996 1305 prorsus
1010 1222 1110 1298 erant,
1160 1222 1329 1298 utrumque
1354 1218 1517 1281 humiliter
1541 1219 1687 1294 adorate3
1711 1222 1747 1278 ut
1766 1217 1800 1279 iu
1813 1218 1929 1278 unitate

343 1332 413 1395 quar
428 1317 480 1378 hic
492 1317 615 1398 integra
628 1318 886 1379 describerentur¹
909 1317 988 1378 Nam
1007 1314 1112 1394 expla-
1161 1311 1257 1372 Verbi
1272 1316 1303 1371 et
1321 1313 1422 1373 caruis
1444 1330 1510 1373 non
1528 1311 1569 1374 sit
1584 1311 1650 1371 ulla
1669 1309 1824 1372 divisio.»
1847 1311 1889 1370 Et
1901 1310 1930 1369 in

343 1408 503 1470 nationem
521 1409 681 1471 continent
694 1410 875 1489 quaestionis
893 1408 997 1486 hujus,
1016 1424 1112 1486 quarn
1162 1420 1304 1464 sermons
1327 1419 1385 1481 ιιι,
1409 1403 1446 1465 de
1467 1403 1607 1465 Parsiana
1630 1400 1770 1478 Domini,
1794 1401 1882 1482 quod
1903 1401 1930 1462 in

344 1518 383 1561 ex
397 1501 511 1580 cyrillo
525 1507 631 1580 postea
644 1502 819 1563 reddemus.
1163 1494 1293 1573 epistola
1306 1512 1426 1570 ιιιιιιιιι,
1442 1495 1541 1576 eapite
1550 1501 1636 1556 sexto
1645 1495 1776 1573 repetit:
1792 1495 1929 1568 «Quam-

385 1593 422 1652 ln
436 1593 545 1653 eodem
558 1598 690 1654 hactatu
711 1594 875 1668 Maximus,
899 1610 938 1653 ex
957 1610 1004 1661 eo,
1029 1592 1114 1671 quod
1162 1588 1208 1648 vis
1223 1604 1307 1667 erge,
1320 1589 1437 1668 inquit,
1452 1589 1492 1650 ab
1510 1589 1564 1649 illo
1583 1586 1684 1663 initio,
1705 1605 1767 1667 quo
1787 1584 1822 1648 in
1843 1592 1929 1648 utero

345 1684 479 1746 rationes
492 1685 792 1746 convenientiumiu
808 1703 909 1746 uuum
931 1689 1113 1745 naturarum
1164 1679 1303 1757 Virginis
1316 1681 1455 1742 Verbum
1470 1698 1542 1741 caro
1565 1680 1683 1741 iactum
1701 1684 1756 1757 est,
1772 1678 1853 1739 nihil
1878 1698 1930 1741 un·

346 1776 443 1838 salvas
457 1794 583 1839 manere
597 1778 702 1839 Patres
715 1779 838 1851 docent,
856 1775 1114 1839 differentiamah
1165 1794 1259 1856 quam
1274 1776 1356 1836 inter
1376 1773 1514 1834 divinam
1533 1773 1768 1852 humanamque
1787 1771 1929 1833 substan·
2019 1772 2020 1775 ’

345 1867 407 1929 illis
424 1870 568 1931 mustitui
585 1868 706 1948 asserit,
722 1870 816 1930 etiam
831 1875 900 1949 post
918 1869 1111 1930 unitionem:
1165 1868 1241 1929 tiam
1255 1866 1415 1928 divisionis
1428 1864 1588 1941 exstiterit,
1602 1870 1633 1925 et
1649 1881 1706 1943 per
1718 1865 1824 1924 omnia
1835 1864 1931 1925 luera

345 1961 422 2021 dum
444 1965 550 2023 autem
571 1961 604 2021 in
631 1978 728 2022 unam
755 1978 931 2041 personam,
960 1966 991 2021 et
1012 1960 1115 2040 hypo-
1165 1965 1271 2021 menta
1286 1974 1433 2037 corporea
1446 1956 1692 2036 uniuspersonae
1707 1954 1826 2018 inerint
1841 1956 1930 2017 totius
2019 2036 2020 2039 Ἴ

345 2053 451 2114 stasim
467 2053 606 2133 copulari
624 2055 747 2115 easdem
767 2054 885 2129 dicunt,
902 2052 1051 2114 indivisas
1064 2068 1115 2113 eas
1164 2050 1314 2131 temporis
1327 2049 1484 2125 notiones3
1501 2048 1617 2129 cuipas
1633 2053 1750 2123 ιοιιιοο,
1768 2066 1841 2127 qum
1854 2047 1930 2109 insa
2019 2110 2020 2133 ,

345 2145 486 2225 profiteri
496 2144 519 2206 ⁶.
1164 2143 1342 2222 parabiliter
1369 2141 1452 2203 iacta
1483 2146 1575 2211 sunt,
1610 2140 1698 2202 nulla
1728 2141 1931 2220 permixtione
2019 2142 2020 2155 ³

176 2277 221 2324 ,Μ
238 2276 322 2322 ΜΠ,
386 2238 440 2297 VI.
464 2237 631 2299 Siehatini
657 2227 827 2300 divisionem
851 2239 1034 2299 damnantes
1058 2254 1114 2296 na·
1166 2235 1425 2297 confundimus.»

176 2331 312 2430 'mppr
345 2333 507 2403 turarum,
534 2328 667 2391 discerni
693 2348 744 2391 eas
770 2337 896 2405 tamen,
927 2349 962 2391 ac
990 2329 1115 2390 differre
1206 2327 1338 2388 Albinus
1360 2326 1488 2387 Flaccus
1508 2324 1587 2386 libra
1614 2325 1659 2387 IV
1683 2332 1787 2387 eontra
1807 2324 1931 2387 Felices

189 2396 219 2441 ¹¹³
313 2414 319 2427 ’
345 2421 493 2483 sentiunt.
507 2420 644 2487 Alcimus
652 2421 805 2483 Avitusiu
821 2421 950 2503 epistola
968 2421 1113 2495 secunda,
1171 2418 1388 2501 Urpeh'toncm,
1414 2418 1469 2497 qui
1496 2419 1625 2479 nomine
1647 2418 1773 2479 Paulini
1796 2418 1931 2497 Aquilei-

351 2538 365 2566 ι
380 2513 607 2575 Refrenandam
632 2533 651 2575 a
672 2520 828 2594 praeruplo
856 2512 982 2593 ancipiti
1005 2512 1116 2572 lavam
1166 2512 1247 2572 ensis
1255 2510 1444 2574 inscribitur.
1456 2509 1574 2583 asserit,
1588 2510 1676 2570 «Nec
1684 2509 1929 2588 disjunctionem,

345 2605 476 2685 lugiens,
502 2605 618 2685 inquit,
643 2605 801 2667 dexteram
823 2624 888 2667 uon
911 2622 1114 2685 praesumens,
1165 2609 1220 2664 aut
1233 2604 1417 2665 divisionem
1438 2603 1574 2682 aliquam
1587 2602 1670 2663 inter
1691 2603 1851 2663 Christum
1872 2601 1932 2664 beri

18 2980 19 3051 l

345 2715 380 2759 ae
401 2698 531 2778 perinde
557 2697 638 2758 latus
658 2701 829 2777 utrumque
849 2697 1032 2769 formidans,
1057 2696 1115 2757 sub
1166 2697 1309 2756 etlleum
1322 2712 1423 2774 posse,
1439 2696 1605 2774 quiatotus
1619 2694 1654 2754 in
1665 2693 1785 2755 Christo
1801 2696 1891 2769 Deus,
1905 2698 1932 2754 et
2019 2738 2020 2745 ι

330 2790 582 2870 rtemperamenti
599 2789 702 2851 medio
723 2790 773 2850 via
791 2788 898 2866 tutior,
918 2790 951 2850 iu
975 2806 1036 2868 qua
1057 2789 1114 2848 du·
1164 2792 1247 2848 totus
1262 2788 1296 2847 in
1311 2789 1376 2848 Deo
1392 2787 1545 2848 Christus.
1566 2786 1660 2848 Nulla
1672 2787 1724 2847 hie
1737 2786 1838 2867 recipi
1851 2805 1931 2867 sepa·
2019 2820 2020 2827 ι

344 2882 455 2961 plicam
470 2880 674 2943 substantiam
688 2881 903 2961 Redemptoris
922 2881 1054 2941 discerni
1068 2881 1114 2941 di·
1165 2881 1245 2940 ratio
1264 2884 1376 2959 potest,
1400 2878 1487 2939 nulla
1508 2876 1656 2956 discissio,
1676 2896 1740 2940 una
1754 2885 1880 2940 tantum
1891 2883 1932 2939 at
2019 2906 2020 2909 ι

344 2974 445 3034 cimus
469 2993 577 3054 posse,
602 2993 667 3034 uon
690 2974 796 3034 dividi.
826 2994 841 3031 ιι
872 2974 1016 3034 Rusticus
1040 2973 1115 3033 item
1165 2971 1307 3051 simplex,
1321 2975 1604 3032 unatantnmsana
1614 2970 1775 3048 confessio,
1791 2971 1928 3046 adorare,

344 3065 492 3126 diaconus
522 3066 556 3124 in
584 3066 790 3144 disputatione
812 3068 916 3126 eontra
937 3063 1112 3143 Aeeplrolos.
1165 3082 1280 3138 amare,
1295 3063 1395 3124 colere
1405 3062 1560 3124 Christum
1574 3064 1718 3124 Deum.»

344 3164 415 3237 post
436 3156 607 3236 longiorem
634 3156 819 3230 orationem,
848 3174 909 3235 qua
932 3162 1115 3217 naturarum
1205 3155 1368 3216 Fulbertus
1407 3172 1531 3234 quoque
1571 3152 1767 3215 Gmnotensis
1808 3153 1932 3235 epistola
2019 3156 2020 3159 ’

343 3248 549 3309 differentiam
571 3249 605 3309 in
625 3248 766 3310 unitione
787 3265 914 3309 manere
938 3249 1052 3328 probat
1077 3266 1115 3310 ex
1165 3246 1276 3326 prima,
1298 3266 1313 3303 ιι
1326 3246 1495 3321 Christum,
1520 3244 1654 3325 inquit‘,
1676 3246 1710 3307 in
1728 3245 1931 3308 duabussub·

343 3340 450 3420 Gyrilli
464 3340 653 3414 testimonio,
669 3341 712 3401 ita
721 3340 896 3401 concludit:
912 3360 928 3399 ιι
943 3341 1044 3418 Igitur
1057 3358 1115 3402 uec
1165 3339 1285 3400 stantiis
1316 3338 1557 3413 consistentem,
1592 3356 1694 3399 unum
1726 3341 1932 3420 eumdemque

343 3432 548 3493 differentiam
561 3431 694 3512 peremit
713 3431 837 3508 unitio,
860 3449 919 3493 nee
939 3431 1114 3494 unitionem
1165 3432 1267 3491 Deum
1281 3448 1403 3507 verum,
1419 3431 1627 3511 eumdemque
1643 3430 1808 3492 bominem
1827 3446 1931 3493 rernm

343 3523 514 3585 differentia
537 3522 720 3604 dissipat¹.n
750 3523 800 3584 Sic
814 3523 951 3584 Gelasius
974 3523 1058 3604 Papa
1080 3525 1114 3584 in
1165 3540 1231 3583 esse
1250 3521 1383 3583 fateatur
1401 3540 1524 3584 ueceme
1545 3526 1601 3598 est,
1621 3521 1762 3603 quisquis
1778 3522 1933 3603 religionis

343 3614 423 3675 libro
437 3612 481 3693 Jde
501 3614 612 3676 duobus
633 3618 748 3676 saturn
772 3615 802 3675 ic
827 3613 944 3677 Christo
956 3613 978 3691 ¹,
1005 3616 1113 3676 Nesto·
1164 3613 1343 3675 Christiane
1376 3632 1440 3674 non
1460 3614 1525 3674 rult
1545 3613 1689 3692 inaniter,
1715 3612 1781 3675 imo
1807 3614 1932 3676 damna·
2019 3680 2020 3689 ,

343 3705 447 3767 rianos
469 3705 513 3767 ait
536 3705 709 3768 «dividere
731 3713 857 3767 naturas
882 3706 916 3766 in
939 3706 1109 3767 Christo.»
1164 3705 1267 3767 biliter
1279 3710 1403 3785 portare
1421 3705 1627 3767 vocabulum:
1652 3706 1696 3767 ita
1716 3711 1753 3767 ut
1773 3708 1933 3787 utriusque
2019 3694 2020 3781 l

345 3799 435 3865 Quod
462 3797 591 3860 miratus
627 3797 807 3877 marginalis
833 3804 941 3858 auctor
969 3796 1111 3875 Scholr'c',
1164 3802 1285 3859 naturae
1306 3798 1435 3859 veritate
1454 3802 1714 3873 sarantasmum
1732 3798 1892 3861 Christum
1903 3799 1933 3858 in
2019 3788 2020 3875 i

343 3890 446 3951 nescio
465 3910 505 3951 un
517 3890 710 3968 Margarinus
724 3890 862 3969 Bignius,
878 3908 982 3950 errore
996 3888 1114 3951 librarii
1162 3890 1330 3950 virtutihus
1341 3894 1372 3949 et
1384 3890 1578 3969 passionibus
1590 3907 1649 3951 uec
1670 3890 1844 3952 confundat
1863 3891 1934 3952 fides

342 3982 458 4042 factum
471 3987 571 4061 putat,
588 3987 694 4060 utpro
707 3980 849 4061 personis,
864 3988 1114 4043 naturarumrox
1164 4000 1249 4058 vera,
1264 3999 1322 4042 uec
1335 3981 1469 4042 dividat:
1493 3982 1567 4061 quia
1586 3982 1758 4062 personalis
1780 3984 1886 4044 unitas
1904 3984 1934 4042 in
2019 4054 2020 4061 μ

344 4073 523 4154 irreperet:
552 4080 704 4153 tanquam
734 4073 858 4134 nullum
891 4073 1050 4152 piaculum
1075 4075 1115 4135 sit
1164 4092 1201 4135 eo
1224 4073 1409 4134 divisionem
1433 4091 1498 4133 non
1520 4074 1641 4153 recipit,
1657 4074 1932 4155 etutriusqueua·
2019 4118 2020 4125 ι

344 4173 466 4227 naturas
477 4164 627 4241 dissitam
640 4184 699 4227 nec
713 4184 749 4226 eo
764 4164 892 4226 nomine
907 4166 1113 4246 reprehensus
1164 4170 1242 4227 trusa
1255 4164 1541 4227 veritasinconfusa
1553 4166 1698 4246 persistit.
1715 4187 1731 4225 n

344 4256 385 4318 sit
402 4258 578 4319 Nestorius:
604 4257 657 4319 sed
677 4257 761 4337 quod
784 4275 929 4336 personas
949 4257 1110 4320 divideret.
1205 4258 1271 4319 Vll.
1298 4256 1541 4318 Theodoretus'
1532 4275 1566 4318 ιιι
1591 4254 1702 4337 Cocsut
1702 4257 1798 4321 atzmu
1820 4255 1935 4322 astutiae
1960 4262 2020 4363 Mt

345 4350 383 4409 In
396 4368 458 4430 quo
470 4350 548 4430 fugit
562 4368 634 4411 eum
647 4349 738 4410 ratro
753 4349 872 4429 Qurppe
882 4356 1066 4411 naturarum
1078 4356 1116 4412 ut
1165 4349 1300 4411 mettani
1311 4348 1397 4410 tertii
1412 4348 1539 4430 Cprillr',
1554 4334 1982 4432 aeriterihudredarguit,“
1963 4374 2020 4421 ,ιιι

344 4438 541 4521 differentiam
550 4460 706 4523 agnovere
716 4441 909 4517 Catholici,'
885 4461 930 4503 src
942 4440 1114 4504 dicationem
1164 4442 1249 4523 quod
1261 4440 1339 4503 hic
1331 4460 1364 4502 111
1378 4441 1488 4503 eodem
1503 4442 1760 4506 anathematismo
1773 4443 1937 4505 damnarat

344 4539 541 4614 respuerunt,
563 4540 601 4595 ut
622 4552 662 4596 cx
685 4533 895 4612 superioribus
916 4539 1047 4596 constat.
1069 4536 1115 4597 Ao
1164 4552 1227 4612 eos,
1244 4533 1344 4614 quiin
1357 4533 1477 4595 Christo
1490 4534 1670 4614 hypostases
1683 4533 1937 4615 dividereutpost

381 4728 403 4769 a
413 4713 485 4770 Mssa
497 4711 532 4769 Οὔ
541 4710 672 4784 γὰρταῦτό
686 4709 737 4767 lca
751 4711 857 4786 διαφορὰ
870 4712 912 4766 καὶ
923 4712 1048 4786 διαίρεσις.
1060 4716 1113 4767 διυ-
1202 4714 1219 4769 b
1237 4712 1307 4771 thid.
1328 4714 1386 4776 Πῶς
1400 4711 1429 4767 οὔ
1443 4714 1524 4786 χρεών
1538 4714 1612 4768 πόλιν
1621 4711 1686 4768 κατὰ
1698 4715 1756 4776 τους
1765 4713 1886 4785 πατέρος,
1897 4712 1936 4766 διὰ

344 4795 408 4868 φορὰ
423 4794 466 4868 pb
479 4796 527 4868 γάρ
543 4793 594 4849 ἔστι
607 4796 692 4867 λόγος,
706 4794 760 4849 καθ’
778 4797 807 4849 ὃν
827 4795 944 4865 ἀλλήλων
957 4796 1063 4867 διαφέρει
1084 4795 1116 4851 τὰ
1166 4795 1209 4869 μὲν
1223 4802 1267 4851 τοῦ
1287 4796 1374 4851 sidicat
1387 4796 1543 4868 σωζομένους
1565 4795 1738 4868 τους“λόγους,
1757 4794 1803 4863 τὴν
1817 4795 1936 4868 W

344 4876 501 4951 υτοιιιιμινα,
523 4879 564 4931 sni
577 4881 621 4932 τοῦ
643 4885 697 4940 τῶι
710 4872 773 4932 εἶναι
787 4880 933 4947 intestata.
948 4881 1060 4933 scorteu
1085 4881 1115 4933 td
1164 4879 1294 4951 λέγεινκαὶ
1309 4879 1371 4952 μετὰ
1382 4879 1426 4947 τὴν
1441 4880 1528 4934 taceo
1540 4877 1701 4943 cdtwtatv
1718 4878 1823 4947 ἰδιότητι
1836 4885 1869 4951 τῇ
1877 4878 1937 4933 uri

345 4956 407 5015 εἶναι
421 4961 464 5030 rba
479 4962 558 5032 σάρκα
578 4961 701 5033 τῇρὺσιι,
716 4962 758 5014 καὶ
775 4967 807 5033 τῇ
830 4961 903 5034 οὐσίᾳ
916 4964 975 5034 ὅπερ
994 4960 1055 5017 ἔστι·
1075 4964 1115 5017 καὶ
1164 4962 1299 5033 φύσιντῶν
1315 4962 1480 5017 συνιλθοντων
1498 4961 1620 5035 ξιιάτιρον·
1635 4960 1677 5017 διὰ
1697 4961 1724 5016 bl
1743 4965 1785 5015 τῶ
1802 4962 1936 5034 ὁμιλογιίν
2019 5020 2020 5035 ἰ

343 5044 374 5098 τὸ
393 5038 457 5098 sicea
482 5044 555 5097 πάλιν
576 5043 618 5096 τοι
641 5043 693 5097 Orba
712 5044 787 5114 λόγον
802 5048 833 5116 τῇ
848 5043 933 5115 φύσει,
947 5045 989 5097 καὶ
1002 5048 1033 5116 τῇ
1047 5044 1116 5116 οὐσίᾳ
1165 5045 1200 5107 ὡς
1222 5045 1283 5119 προς
1305 5046 1331 5099 ir
1346 5045 1420 5118 ἅμρω
1434 5039 1576 5101 arausici
1598 5046 1730 5118 πρόσωπον
1742 5038 1786 5098 τοῦ
1815 5045 1885 5115 υἱοῦ,
1898 5044 1937 5098 ui

344 5128 404 5198 ὅπερ
419 5125 480 5181 ἐστί.
498 5125 613 5198 dunipast<
626 5125 652 5177 at
672 5124 723 5179 tort
737 5124 800 5196 τομὴ
817 5125 936 5196 διαμπὰξ,
955 5126 995 5179 rai
1010 5125 1043 5179 δι’
1057 5126 1116 5181 ὅλου
1167 5128 1381 5201 plerissimus,
1397 5128 1656 5201 supremitate-sav,
1671 5128 1706 5191 ὣς
1719 5127 1849 5200 &raim
1862 5133 1937 5183 sota·
2019 5130 2020 5199 l

343 5207 376 5262 τὰ
395 5208 542 5280 ὑποκείμενα
559 5208 690 5279 τέμνουσα,
713 5207 755 5260 καὶ
780 5206 837 5278 ἰδίᾳ,
860 5210 901 5260 καὶ
916 5207 962 5260 ἀνὰ
977 5210 1050 5280 μέρος
1063 5207 1116 5262 καθ’
1165 5211 1306 5284 ammas.
2019 5202 2020 5219 ³

345 5290 419 5347 taur&
431 5291 569 5364 ὑφεστῶτα,
582 5290 622 5343 καὶ
636 5289 751 5359 ἀλλήλων
765 5291 936 5363 κεχωρισμένα
949 5288 1052 5346 τιθεῖσα.

373 5460 384 5506 i
399 5460 463 5509 Rust.
478 5466 494 5508 l.
503 5459 532 5505 lt
543 5460 628 5506 stet·
640 5458 655 5502 il
665 5458 727 5504 Tem.
741 5458 776 5503 ed.
784 5458 889 5504 init-8
902 5458 953 5506 Leo.
968 5470 1011 5504 scr.
1021 5470 1063 5504 rur
1075 5459 1102 5505 ds
1115 5459 1197 5515 Qttadr.
1211 5470 1231 5504 c.
1242 5459 1322 5505 11⁹⁴
1335 5459 1400 5509 Tem.
1409 5459 1440 5505 ΙΙΙ
1452 5458 1509 5506 attt
