4078 6168
142 2758 251 2802 Latinitas

157 2811 239 2856 Patavii

867 316 1072 386 ELENCHUS
1091 315 1302 380 THERIACAE

1111 456 1172 545 Vfliq
1186 467 1271 548 q'UOd
1295 463 1387 529 vitm
1407 464 1460 528 Vix
1486 460 1597 549 pomi
1611 462 1742 528 minim&
1764 460 1879 527 'ruma'

1111 577 1201 622 num.

428 674 634 760 reru
673 679 926 762 crau
1109 653 1880 824 uum

1110 855 1197 914 voce,
1208 838 1348 899 Graecam
1370 836 1467 912 magis
1480 835 1637 912 adhibeat,
1653 841 1770 906 οὖσιῶδις
1786 853 1793 894 :
1809 838 1881 894 tum

318 940 428 1004 Imeita
440 940 646 1007 deLatiaitate
676 945 817 1009 biems
834 947 1041 1031 repatriatio.
1110 929 1298 1082 militiam
1318 929 1467 1081 (Ῐῧῗξῑθῗθῒν
1482 927 1772 1080 mawfffliam
1795 943 1880 1030 32³⁰

337 1101 358 1162 l.
377 1103 415 1162 In
428 1102 494 1183 ipso
521 1104 593 1167 libri
606 1107 795 1186 aditugrave
806 1104 931 1170 Pataris
946 1108 1063 1171 crimen
1110 1038 1634 1192 deltiisr’atiririmirsirarpaiioiairatiis
1659 1036 1736 1171 iiiii
1754 1036 1882 1190 [insimilif

296 1192 449 1272 objicitur,
465 1197 565 1258 Latini
592 1200 742 1260 sermonis
770 1201 935 1280 elegantia.
953 1202 1063 1264 Merito
1112 1206 1184 1267 rito.
1202 1206 1374 1283 sperato,
1390 1208 1434 1266 mi
1447 1204 1543 1265 homo
1560 1223 1567 1263 :
1584 1201 1718 1264 nimium
1740 1202 1881 1263 curiosus

294 1283 327 1346 id
341 1287 478 1365 quidem.
494 1290 573 1351 Nom
595 1291 718 1353 nullum
740 1294 829 1373 operi
847 1298 912 1355 tam
937 1294 1063 1374 illepide
1111 1313 1155 1371 es,
1166 1302 1197 1359 et
1210 1298 1350 1359 abundas
1373 1296 1448 1358 otia
1465 1295 1545 1357 Nam
1557 1296 1585 1355 si
1596 1301 1676 1356 esset
1697 1294 1781 1373 quod
1807 1311 1879 1369 oge-

294 1379 393 1457 magis
406 1383 596 1460 congruebat
619 1385 799 1462 exordium,
814 1404 909 1465 Qum
937 1387 1064 1467 querele
1111 1407 1173 1465 res,
1187 1390 1226 1451 ad
1241 1391 1365 1450 minuta
1385 1389 1454 1460 ista
1470 1393 1502 1448 et
1522 1387 1614 1448 exilia
1635 1404 1700 1448 non
1713 1385 1878 1447 descende.

294 1468 332 1530 de
347 1470 446 1531 nitore
461 1474 606 1536 orationis
619 1483 650 1537 et
663 1478 829 1539 munditia.
845 1478 925 1553 Quid
944 1476 1062 1541 iae-ias?
1111 1499 1170 1544 res.
1186 1480 1265 1556 Quid
1280 1480 1364 1561 quod
1383 1479 1492 1540 inillis
1517 1474 1661 1539 notandis
1688 1496 1753 1539 non
1776 1477 1883 1538 minus

294 1561 377 1623 Sica
395 1566 501 1643 pueris
521 1564 683 1629 insuevere
710 1568 838 1630 litterati
862 1570 1005 1632 homines
1028 1572 1062 1634 in
1110 1570 1273 1648 theologias
1287 1580 1317 1634 te
1331 1571 1454 1648 rudem,
1477 1587 1572 1650 quam
1592 1568 1803 1648 grammatices
1830 1568 1884 1631 de·

294 1653 403 1716 Gallia.
420 1656 469 1717 Tu
489 1675 574 1735 vero,
598 1660 752 1735 Vincenti,
778 1661 926 1723 ridiculus
948 1680 991 1736 es,
1007 1665 1062 1742 qui
1112 1664 1284 1726 monstras?
1297 1672 1422 1735 Οὒσιῶδες
1436 1663 1520 1744 apud
1539 1664 1658 1725 Graecos
1670 1663 1761 1724 latiam
1786 1666 1882 1742 patet,

294 1764 389 1824 qnam
400 1748 457 1809 tihi
471 1767 637 1827 personam
655 1753 846 1832 imposueras
872 1755 1060 1836 Arausieani,
1112 1775 1207 1838 quam
1238 1758 1321 1836 apud
1345 1756 1478 1828 latinos,
1509 1754 1670 1816 essentiale.
1700 1755 1911 1816 observarit·

294 1836 326 1897 id
347 1846 392 1900 est
417 1842 499 1920 apud
523 1862 581 1904 nas
607 1846 684 1920 nati,
712 1852 743 1907 et
763 1847 885 1908 edueati
911 1849 1060 1911 hominis.
1112 1849 1325 1910 hoePeiavius
1343 1849 1377 1909 in
1401 1846 1621 1927 septimolibra
1642 1845 1676 1907 de
1703 1842 1880 1908 Trinitate¹.

293 1930 360 1990 iam
395 1934 475 1995 male
510 1936 637 2012 gessisti.
664 1936 742 1998 Nam
767 1956 805 1999 er
827 1939 908 2018 stylo
941 1946 973 2001 te
1007 1946 1061 2003 tua
1113 1940 1193 2001 Nam
1216 1936 1262 2001 illi
1276 1943 1391 2008 οὐσιῶδες
1404 1937 1437 1999 id
1459 1938 1627 2018 appellant,
1651 1938 1736 2016 quod
1757 1954 1821 1997 non
1842 1955 1884 1997 ex

294 2029 377 2104 ὥσνινρ
390 2031 416 2087 tu
430 2035 585 2110 βοστρύχων,
604 2029 707 2090 statim
732 2033 932 2111 peregrinum
956 2034 1061 2111 prodi·
1112 2034 1253 2105 essentia,
1269 2050 1335 2093 non
1355 2037 1460 2092 mmen
1482 2048 1521 2092 ex
1542 2030 1697 2092 arridente
1720 2030 1882 2091 mevenit.

295 2114 375 2176 disti.
392 2118 478 2180 Adeo
498 2125 545 2180 est
568 2138 633 2182 non
659 2122 861 2184 inconcinnus
875 2124 980 2202 mado,
1008 2126 1062 2188 sed
1112 2124 1163 2185 Sic
1175 2125 1344 2205 personalis
1364 2122 1534 2202 proprietas
1546 2123 1581 2183 in
1601 2124 1667 2184 Deo
1681 2140 1746 2183 nan
1772 2127 1818 2184 est
1836 2141 1884 2182 es·

295 2206 419 2269 odiosus
433 2206 537 2287 etiam,
549 2230 585 2273 ae
592 2222 753 2294 peraratas
763 2220 881 2281 nautea,
893 2218 953 2278 Sed
967 2236 1062 2297 quem
1111 2215 1316 2292 seatt'alis,est
1342 2222 1448 2277 tamen
1462 2223 1592 2292 οὖσιώδης,
1618 2214 1702 2294 quod
1723 2210 1882 2277 subruati-

295 2302 459 2362 aceusandi
479 2304 632 2366 rationem
646 2324 711 2385 pree
734 2306 873 2384 scierat,
892 2311 1065 2378 tanrenin-¹
1111 2324 1180 2369 ram
1199 2309 1355 2389 appellare
1376 2304 1485 2388 possis.
1506 2308 1557 2368 Sic
1579 2304 1715 2368 Isidorus
1729 2302 1885 2366 pslmista

295 2395 389 2452 terast
400 2394 490 2456 scire.
516 2398 683 2459 uIteaM.
707 2398 800 2460 Tullii
814 2418 867 2462 ore
880 2402 993 2478 pandet
1006 2404 1062 2464 Pe-
1112 2396 1196 2480 quod
1226 2400 1391 2482 Apostolus
1417 2399 1553 2476 scribit²,
1588 2399 1622 2459 in
1647 2398 1766 2460 Christe
1791 2397 1884 2458 habi-

294 2483 406 2560 tavius,
430 2487 544 2567 inquit,
564 2495 599 2550 ut
624 2495 729 2552 mutus
752 2509 817 2553 esse
844 2493 942 2568 malit,
966 2513 1061 2575 quam
1110 2498 1178 2554 iare
1201 2511 1329 2555 omnem
1350 2492 1578 2572 plenitudinem
1607 2490 1778 2552 divinitatis
1795 2518 1885 2570 sapa-

295 2576 468 2656 qnidquam
489 2581 574 2660 quod
598 2581 649 2644 ille
676 2601 741 2644 non
765 2585 888 2663 preivit
911 2586 1057 2666 eloqui.»
1110 2600 1194 2661 ταῶς,
1210 2584 1244 2646 iat
1266 2594 1309 2647 est
1343 2583 1555 2666 corporaliter,
1593 2578 1677 2644 idem
1699 2601 1763 2643 esse
1778 2587 1880 2662 putat,

295 2666 358 2729 Etsi
371 2666 430 2730 hoe
449 2689 513 2733 nan
535 2691 685 2753 maguum
712 2678 873 2756 peccatum
892 2676 993 2738 foret:
1009 2685 1060 2740 ta-
1111 2682 1203 2757 atque
1217 2678 1353 2751 abactae,
1368 2676 1451 2757 quad
1465 2692 1530 2737 non
1552 2681 1617 2736 tam
1642 2674 1802 2737 commode
1815 2690 1885 2735 ver-

295 2778 369 2823 men
394 2768 440 2823 ast
458 2763 582 2827 falsum
598 2767 647 2827 Tu
669 2782 744 2829 vero
757 2768 806 2829 tel
828 2775 975 2831 nentrum
1005 2788 1062 2833 ure
1109 2775 1156 2831 tas
1176 2769 1369 2832 eaertialiter
1383 2784 1479 2848 quam
1503 2766 1691 2844 substantive,
1706 2770 1742 2828 ut
1766 2766 1881 2827 intelli·

124 2864 272 2961 aarumqa
295 2872 401 2932 quam,
416 2857 466 2917 vel
479 2858 663 2921 alterutrum
677 2879 742 2922 non
764 2860 873 2937 legisti.
891 2862 945 2924 [iic
969 2864 1057 2937 mibi,
1110 2867 1201 2940 gutur
1212 2862 1356 2923 divinitas
1370 2861 1405 2921 in
1419 2861 1536 2921 Christo
1556 2877 1621 2920 nan
1637 2859 1809 2921 seeundum
1833 2876 1884 2919 ae·

142 2918 242 2962 vincenti

138 2972 258 3017 rtndieeta.

294 2944 396 3008 vidisti
417 2950 501 3028 apud
521 2951 659 3013 Tullium
687 2951 848 3015 Trinitatis
865 2973 991 3032 nomen,
1007 2962 1062 3017 aut
1110 2955 1225 3032 cidens,
1249 2972 1284 3014 ae
1305 2958 1520 3014 transeuntem
1545 2957 1679 3032 ἐνέργειαν,
1695 2957 1730 3012 ut
1751 2950 1785 3011 in
1804 2949 1883 3010 Pro-

295 3037 522 3114 laearrtatioms,
536 3045 733 3120 autessentiae,
744 3046 913 3126 personalis
919 3049 1060 3129 proprie·
1110 3047 1222 3126 phetis,
1237 3042 1396 3123 resedisse,
1412 3044 1465 3107 sed
1479 3045 1652 3105 seeundum
1666 3040 1882 3119 substantiam,

294 3130 366 3191 tatis
381 3148 389 3192 ε
405 3132 620 3195 attributorum
633 3134 694 3197 Det
702 3135 717 3198 7
730 3136 896 3200 Relatiram
905 3139 981 3201 item
990 3159 1061 3221 pro-
1110 3136 1143 3200 id
1157 3145 1202 3200 est
1215 3145 1362 3201 ὑπόστασιν.
1897 3210 1902 3217 ,

291 3223 447 3303 prietatem
461 3226 538 3286 dixit
559 3226 724 3307 aliquando
739 3229 854 3306 Cicero,
880 3231 930 3292 vel
952 3232 1060 3294 scisi-
1150 3232 1207 3292 Ill.
1220 3232 1262 3291 De
1275 3229 1427 3290 exstantia
1446 3228 1530 3308 quod
1557 3233 1591 3288 tu
1616 3227 1752 3297 vellices.
1772 3225 1883 3288 inscite

294 3321 400 3376 tentem
418 3317 449 3377 in
461 3317 558 3378 tribus
575 3324 705 3399 personis
719 3320 813 3382 Deam
830 3322 902 3395 ‚vel
922 3323 1057 3404 Patrem,
1109 3324 1195 3385 facis.
1207 3311 1490 3401 Negaserstaatiam
1500 3320 1670 3393 aliudesse,
1688 3337 1782 3399 quam
1796 3318 1883 3398 quod

292 3402 411 3469 Filiam
429 3414 457 3470 et
470 3400 622 3490 Spiritum
639 3410 797 3474 sanatam?
820 3412 913 3494 Atqui
923 3432 980 3478 nee
994 3434 1061 3479 mu·
1111 3415 1236 3491 eminet,
1251 3418 1287 3474 ut
1300 3413 1333 3473 in
1346 3410 1474 3487 vitibus,
1494 3408 1611 3490 eapita3
1628 3406 1721 3490 idque
1734 3428 1773 3472 er
1790 3400 1884 3470 Coita-

291 3503 342 3559 tus
362 3518 427 3562 esse
453 3501 552 3563 voluit
575 3503 610 3562 in
633 3504 733 3565 tribus
757 3505 850 3566 umis
877 3507 1060 3586 dogmatum
1109 3502 1202 3570 mella
1222 3504 1413 3567 banstullsse
1438 3504 1602 3565 Patavium
1623 3496 1663 3564 ad
1690 3503 1736 3564 rai
1761 3501 1883 3581 signiti-

292 3610 421 3654 suorum
435 3595 599 3668 Petavius;
616 3601 647 3656 et
659 3596 725 3657 hac
745 3597 970 3681 innumeraque
983 3602 1061 3664 dixit
1110 3600 1243 3660 eandam
1263 3596 1458 3658 existentiam
1475 3596 1607 3656 asseris:
1624 3595 1685 3656 hoe
1698 3601 1744 3656 est
1755 3601 1879 3676 νπαρχὴν,

293 3683 365 3759 alia,
382 3704 452 3764 quae
478 3692 525 3759 tu,
551 3686 625 3760 seio,
653 3705 817 3768 nunqnam
844 3691 878 3751 in
904 3692 1061 3754 Ciceronis
1109 3709 1181 3753 eum
1194 3697 1317 3771 ὑπεροχὴν
1332 3690 1435 3771 potius
1450 3687 1599 3762 designet.

292 3777 378 3838 libris
391 3778 542 3839 invenies.
558 3779 712 3853 Quorsum
725 3780 822 3857 igitur
835 3780 983 3846 attinebat
995 3790 1060 3846 tam
1149 3784 1181 3845 Si
1194 3788 1226 3842 to
1241 3780 1377 3849 aliunde,
1399 3796 1495 3859 quam
1509 3796 1548 3840 ex
1562 3776 1720 3858 Oalepino,
1735 3776 1878 3857 proprie·

291 3869 500 3932 inverecunda
509 3870 691 3951 hyperbole,
709 3872 770 3933 nisi
779 3878 814 3933 ut
826 3875 975 3936 credonis
997 3892 1061 3939 sar-
1107 3881 1204 3937 tatem
1216 3875 1304 3934 istius
1317 3869 1460 3933 vocabuli
1478 3869 1643 3947 didicisses,
1666 3886 1732 3931 non
1748 3875 1781 3930 te
1798 3869 1879 3930 adso

292 3962 346 4023 des
372 3964 590 4045 qualicumque
623 3964 682 4026 boo
713 3965 868 4028 schemate
901 3984 1061 4032 commen·
1107 3967 1312 4029 deridendum
1337 3964 1501 4045 preberes.
1519 3963 1609 4024 Nune
1637 3962 1787 4041 quoniam
1800 3962 1873 4022 bac-

292 4055 404 4115 dares?
1110 4057 1398 4136 tenusinCalepino
1406 4054 1557 4134 reperisti,
1568 4050 1682 4135 putasti
1693 4050 1879 4115 satis‘eausas

230 4160 237 4173 ·
334 4146 372 4207 lI.
390 4144 500 4207 Sermo
521 4152 568 4208 est
595 4141 711 4211 Petavii
735 4162 801 4209 nan
823 4149 905 4211 male
927 4151 1056 4229 Latinis;
1108 4148 1317 4214 tehaberead
1332 4146 1567 4209 obtrectandum
1588 4144 1723 4207 Petavio.

292 4238 345 4299 sed
374 4254 437 4299 ran
456 4238 626 4314 efferimus,
647 4256 706 4300 nee
729 4241 848 4302 cenosa
869 4244 1056 4323 perpolitust
1148 4241 1241 4323 Atqui
1261 4246 1419 4302 auctorem
1439 4238 1490 4300 ille
1500 4238 1678 4299 nominarat
1693 4236 1844 4312 Vigilinm
1852 4232 1877 4312 ⁸,

292 4348 350 4391 nee
362 4332 402 4392 ad
413 4331 561 4393 Prisciani
578 4331 716 4409 regulos,
730 4338 785 4393 aut
810 4334 964 4396 Ciceronis
987 4355 1058 4398 nor·
1108 4336 1256 4397 disertum
1268 4336 1300 4393 et
1311 4331 1469 4393 eruditum
1480 4329 1660 4404 theologum
1670 4350 1678 4401 3
1690 4329 1745 4408 qui
1759 4337 1879 4391 exstare

292 4439 387 4498 mam,
412 4424 458 4484 uti
484 4424 620 4500 ungaris,
640 4424 809 4486 admodum
829 4432 962 4488 exactus.
985 4428 1019 4488 ld
1033 4430 1058 4488 si
1107 4426 1181 4487 tiam
1196 4443 1253 4504 pro
1265 4442 1302 4485 eo
1313 4422 1454 4501 sumpsit,
1475 4420 1559 4500 quod
1573 4418 1760 4481 existentiam
1780 4421 1876 4498 vulgo

293 4520 381 4589 esset,
396 4515 541 4594 pauciora
553 4532 647 4596 quam
656 4516 897 4589 baetenasieeit
914 4514 947 4578 in
957 4519 1058 4580 lucem
1106 4522 1299 4597 nuncupant.
1316 4514 1366 4575 Sic
1388 4512 1474 4574 enim
1487 4511 1632 4592 inprime
1658 4508 1797 4572 adsersus
1812 4508 1878 4572 Ec·

292 4606 445 4667 edidisset.
461 4607 531 4667 Non
544 4608 628 4668 enim
655 4613 721 4669 tam
744 4609 831 4670 iuesse
860 4609 986 4686 defungi
1012 4630 1060 4672 so
1107 4596 1239 4692 sperent.
1264 4629 1280 4666 a
1306 4607 1383 4680 Ouia
1407 4604 1580 4666 seeundum
1600 4604 1684 4676 istas,
1701 4604 1757 4683 qui
1779 4619 1877 4664 unam

291 4698 368 4771 lent,
379 4698 433 4778 qui
446 4698 528 4760 bane
545 4699 603 4760 sibi
618 4701 810 4774 servitutem,
829 4703 893 4762 imo
907 4707 972 4763 tam
990 4721 1060 4764 eru-
1106 4699 1322 4763 tantummodo
1344 4697 1533 4759 eontendunt
1554 4713 1619 4757 esse
1640 4700 1800 4771 naturam;
1822 4701 1878 4756 eut

292 4789 435 4851 ciabilem
448 4808 632 4865 erumnam,
657 4796 693 4851 ut
710 4792 770 4853 hoe
789 4793 918 4855 minime
934 4794 1057 4855 Cicero·
1106 4793 1203 4856 Verbi
1217 4795 1336 4852 mutae
1349 4795 1394 4850 est
1417 4789 1449 4849 in
1468 4804 1609 4863 earnem,
1625 4795 1659 4848 ut
1676 4786 1765 4847 fieret
1791 4806 1874 4863 una,

292 4881 423 4942 nianum
448 4882 584 4959 habeas,
612 4878 803 4959 indixerunt,
833 4900 911 4963 quos
934 4902 1058 4947 neeesse
1107 4884 1275 4947 auteernis
1294 4883 1328 4942 ln
1351 4878 1453 4942 Verbo
1481 4882 1665 4959 eonsumpta
1686 4884 1744 4957 est,
1760 4884 1796 4939 ut
1818 4894 1876 4940 ex·

292 4979 338 5036 est
350 4973 489 5035 babitare
500 4975 534 5035 in
547 4975 607 5035 hoc
620 4974 733 5049 studio,
750 4975 919 5039 etintentis
932 4977 966 5038 in
988 4996 1059 5039 eam
1106 4977 1251 5039 stantiam
1273 4975 1322 5048 sni
1344 4988 1401 5053 per
1425 4972 1474 5032 sui
1494 4971 1694 5032 abolitionem
1718 4971 1877 5038 amittens.

292 5085 401 5129 euram
418 5065 541 5140 animis,
558 5067 728 5128 identidem
741 5067 898 5141 insistere;
912 5070 1059 5132 utivoces
1107 5070 1237 5131 omnino
1252 5084 1317 5145 esse
1336 5083 1401 5126 non
1426 5063 1561 5145 possit.»
1580 5063 1660 5137 Quin
1682 5063 1775 5124 etiam
1795 5062 1879 5125 Hila-

291 5159 428 5239 singulas
450 5158 624 5233 excutiant,
651 5163 682 5219 et
703 5159 897 5234 examinent;
922 5180 962 5222 ne
983 5162 1059 5241 quid
1107 5163 1172 5223 rins
1189 5161 1347 5221 Nicaeum
1368 5155 1554 5237 Symbolum
1570 5155 1679 5216 Latine
1698 5160 1822 5216 vertens
1844 5152 1878 5215 in

291 5250 540 5332 imprudentibus
552 5247 691 5330 obrepat,
705 5251 755 5312 vel
775 5254 880 5313 minus
899 5252 1055 5330 Latinum,
1106 5253 1186 5315 libro
1200 5249 1234 5312 de
1250 5244 1391 5331 Synadts,
1407 5246 1491 5327 quod
1516 5247 1620 5308 Graece
1634 5244 1678 5307 lta
1691 5246 1876 5327 conceptum

316 5466 328 5510 l
344 5464 397 5522 Gap.
408 5477 439 5511 rr.
447 5464 519 5510 t.-s
530 5463 576 5510 lib.
590 5463 627 5518 w,
639 5475 673 5520 sp.
686 5464 807 5509 carru-8
819 5463 881 5510 lom.
893 5464 913 5510 ll
924 5466 997 5522 meat
1009 5466 1083 5513 iberi.
1094 5464 1111 5510 l,
1121 5466 1140 5512 l.
1152 5475 1172 5508 e.
1188 5474 1231 5509 1.-
1243 5466 1257 5506 l
1270 5461 1337 5518 lell.
1349 5462 1365 5506 1.
1376 5460 1395 5514 1,
1405 5466 1422 5506 t.
1434 5459 1461 5505 lv
1472 5459 1528 5504 etit
1537 5461 1597 5515 patr.
1606 5456 1649 5504 ael.
1658 5458 1708 5503 sse.
