4136 6178
349 316 391 377 aa
866 278 1429 380 ruminorroanunocnarnu

391 482 459 544 Hoc
472 479 588 543 amoris
601 478 714 543 affeetu
728 496 793 541 non
806 496 839 541 se
852 479 956 560 ipsum
968 480 1064 543 homo
1077 481 1122 542 sic
1170 484 1263 566 longe
1275 485 1344 547 illos
1356 484 1512 560 aberrare,
1536 500 1572 546 ac
1585 482 1682 564 decipi
1696 498 1788 565 supra
1801 482 1935 545 demon·

350 573 463 653 diligit,
484 579 520 634 ιιι
544 576 690 635 ιιιιιιιιιιιι
714 589 813 648 suam,
836 590 970 654 quaeque
984 574 1025 634 ad
1042 574 1123 636 hanc
1170 578 1358 640 stravimus:
1395 595 1467 639 cum
1494 577 1533 638 de
1564 576 1619 637 tali
1645 576 1756 638 affectu
1789 576 1936 656 loquutur

351 666 519 747 pertinent,
533 664 754 727 tantummodo
774 671 901 745 apsent,
929 683 966 727 ac
987 667 1122 727 naturali
1171 671 1376 746 Augustinus,
1395 670 1449 750 qui
1461 689 1500 731 ex
1515 668 1663 745 natrrrali,
1678 670 1865 741 utbaurans,
1878 667 1937 729 sed

351 760 465 823 insew
478 759 584 832 modo,
599 764 629 821 et
643 757 850 838 propensione
863 758 981 820 feratur
994 777 1002 818 ε
1017 758 1122 837 cujus-
1170 762 1315 841 originali
1330 763 1401 825 labe
1424 767 1570 843 corrupta
1595 760 1699 823 indole
1711 759 1933 840 proficiscitur:

353 852 525 915 modiinest
533 850 763 913 amorinomni
772 849 981 913 animantium
990 868 1121 930 genere:
1171 870 1237 916 non
1263 861 1368 918 autem
1391 857 1430 918 de
1453 872 1501 931 eo,
1524 855 1579 933 qui
1599 852 1721 927 enfide,
1746 850 1937 932 etpeculiari

352 947 402 1009 cni
420 945 509 1007 «hoc
522 951 726 1007 catenatum
744 942 910 1021 tributum,
925 942 1120 1012 deuicerat
1171 946 1321 1010 instinctu
1351 948 1490 1010 vocantis
1522 964 1597 1016 nos,
1632 951 1664 1007 et
1695 946 1736 1007 ad
1759 943 1937 1006 uberiorem

352 1044 389 1101 nt
401 1055 453 1113 so,
469 1037 576 1115 vitam,
591 1054 765 1117 corpusque
777 1041 912 1112 tueatur,
929 1035 1123 1116 declinetque
1170 1041 1304 1121 gratiam
1316 1038 1517 1122 praeparantis
1530 1039 1584 1101 liei
1596 1038 1722 1118 spiritus
1733 1037 1873 1099 eflicitur.

353 1150 402 1208 aa,
422 1148 494 1210 qna
516 1130 546 1192 ei
565 1129 707 1191 nocitura
733 1128 913 1205 rideantur,
936 1128 1120 1208 omniaque,
1212 1133 1262 1194 Vl.
1286 1133 1347 1195 Sed
1360 1140 1397 1195 ut
1409 1133 1502 1214 paulo
1514 1131 1682 1194 remaltius
1694 1135 1842 1213 repetam,
1856 1132 1939 1190 etat

1999 1148 2047 1204 Duri

353 1237 509 1304 quaesunt
522 1222 562 1283 ad
581 1221 751 1283 uiuendum
774 1221 956 1298 necessaria,
972 1221 1122 1301 inquirat,
1172 1224 1207 1285 in
1216 1224 1381 1287 asserendo
1389 1225 1639 1304 sibi‚htercsique
1650 1240 1714 1284 snos
1723 1220 1939 1285 conuamtlro-
1964 1204 2047 1301 „ffl

354 1321 500 1396 etparct3
515 1319 551 1376 ιιι
563 1319 699 1395 pastum,
715 1319 751 1375 ut
764 1312 904 1387 latibula,
918 1319 954 1374 ut
968 1314 1029 1375 alia
1042 1313 1124 1392 ejus-
1172 1317 1264 1379 licam
1286 1318 1381 1380 fldem
1400 1316 1586 1397 Augustino,
1602 1315 1741 1377 iraudem
1754 1319 1842 1377 scete
1853 1313 1939 1374 illius

354 1410 426 1474 dem
438 1408 571 1489 generis.
587 1406 730 1468 »Verum
743 1404 787 1467 ita
799 1423 832 1467 ae
846 1405 960 1486 diligit,
973 1412 1125 1485 tanquam
1173 1428 1209 1470 ae
1224 1409 1331 1471 dolum
1339 1409 1541 1491 patefaciam
1557 1409 1627 1470 sciri
1635 1424 1758 1470 necesso
1770 1412 1826 1481 est,
1839 1404 1941 1486 dupli·

353 1501 472 1580 aliquid
485 1498 651 1580 superioris
664 1498 794 1573 ordinis,
808 1504 840 1560 et
851 1504 973 1560 naturae
986 1505 1122 1578 coptum,
1173 1519 1242 1564 cem
1256 1520 1321 1565 esse
1339 1503 1550 1564 humanarum
1572 1502 1728 1564 actionum
1742 1499 1886 1575 radicem,
1903 1502 1942 1559 ut

353 1593 626 1671 conditionemque
647 1596 808 1671 prestans.
835 1592 916 1652 Nam
938 1609 971 1653 se
995 1598 1124 1654 eatenus
1173 1612 1213 1656 ex
1236 1597 1382 1676 Apostolo
1415 1595 1506 1657 docet
1534 1595 1722 1675 Augustinus
1744 1594 1778 1654 in
1804 1592 1883 1653 libro
1905 1589 1943 1653 de

353 1691 448 1756 amnt,
468 1690 579 1747 noant
591 1684 631 1745 ad
644 1683 740 1744 finem
755 1684 941 1760 naturalem,
954 1701 992 1745 ao
1005 1683 1124 1746 bonum
1176 1686 1292 1762 Gratia,
1310 1697 1337 1750 et
1351 1688 1444 1750 libero
1463 1686 1590 1749 arbitrio
1599 1685 1622 1763 ⁸,
1637 1685 1735 1766 cupite
1747 1702 1831 1763 mur,
1846 1703 1942 1766 quem

352 1779 522 1860 quodpiam
533 1776 789 1849 innatisviribus,
805 1776 988 1838 ethumana
1003 1794 1126 1857 compa·
1172 1781 1278 1842 locum
1313 1780 1472 1862 superius,
1500 1780 1599 1860 rapite
1620 1779 1730 1859 quinto
1754 1777 1826 1839 libri
1849 1778 1945 1857 hujus

352 1872 488 1935 randum
501 1869 653 1932 industria
660 1869 712 1931 rel
720 1869 749 1930 ei
759 1871 948 1931 conuminm
961 1869 1125 1931 uitandum
1174 1874 1401 1955 omeripsimus.
1417 1875 1484 1948 Quo
1498 1872 1622 1953 quidem
1641 1872 1676 1933 in
1698 1871 1767 1933 loco
1779 1869 1944 1950 Pelagium

352 1966 472 2028 malum
499 1963 663 2043 dirigitur:
690 1961 744 2023 sed
766 1969 804 2024 ut
828 1962 868 2024 ad
894 1979 1070 2039 summum,
1094 1967 1126 2023 et
1174 1969 1208 2029 in
1222 1967 1304 2029 libro
1326 1967 1428 2048 primo
1455 1965 1490 2028 de
1517 1964 1607 2027 litem
1628 1963 1755 2026 arbitrtu
1780 1963 1945 2025 docentem

353 2064 467 2120 natura
480 2056 617 2138 qualibet
628 2061 730 2133 creata
742 2055 940 2134 praestantius
952 2055 1124 2134 adipisecn-
1175 2061 1292 2123 habere
1307 2078 1364 2121 nos
1377 2058 1613 2140 possibilitatem
1629 2056 1704 2118 boni
1718 2062 1749 2118 et
1760 2056 1836 2118 mcii
1848 2074 1867 2118 a
1880 2058 1946 2118 Deo

353 2152 442 2225 dum,
464 2155 497 2212 et
519 2149 690 2211 fruendum
716 2147 848 2222 bonum,
877 2147 938 2210 hoc
951 2149 1122 2223 acilinum,
1175 2155 1310 2233 insitam,
1336 2154 1423 2215 velut
1441 2153 1577 2214 radicem
1595 2149 1880 2229 insularumque
1893 2148 1946 2211 rel

236 2312 239 2317 ,
353 2244 509 2312 refertum
527 2243 579 2305 rel
605 2242 643 2303 ed
664 2241 884 2303 declinandum
909 2240 993 2320 quod
1013 2241 1044 2302 ei
1068 2241 1125 2301 fini
1174 2246 1315 2320 virtutes,
1330 2246 1380 2308 vel
1394 2243 1627 2326 vitiaprofemt,
1654 2242 1713 2303 hoe
1741 2246 1787 2303 cst
1810 2241 1946 2302 liberum

353 2336 535 2398 adversatur
556 2335 686 2396 malum.
719 2334 815 2412 Cujus
845 2334 1025 2413 utriusque,
1051 2331 1128 2394 boni
1173 2335 1778 2416 arbitriumzboc,inquam,scribentem
1786 2334 1945 2414 Pelagium

352 2427 478 2503 acilium,
500 2445 536 2489 ac
553 2425 627 2487 mali
654 2426 811 2505 cogniti03
840 2431 909 2487 tum
928 2426 1011 2486 illius
1030 2443 1125 2505 appe·
1173 2432 1374 2512 reprehendit
1391 2430 1596 2510 Augustinus,
1612 2427 1696 2507 quod
1708 2445 1773 2488 non
1786 2427 1825 2487 sit
1836 2427 1947 2487 eadem

352 2519 451 2594 tendi,
466 2520 562 2599 hujus
573 2517 746 2581 declinandi
762 2517 908 2597 impetus,
928 2525 958 2579 et
985 2517 1122 2593 elluatus,
1174 2525 1263 2585 mdix
1284 2524 1441 2585 honorum
1452 2529 1484 2584 et
1495 2522 1648 2584 malcrum
1662 2540 1669 2581 ε
1684 2520 1738 2582 sed
1749 2520 1863 2581 horum
1874 2519 1946 2599 qui·

354 2631 419 2675 ”⁰11
446 2630 486 2675 01
503 2611 650 2686 naturali,
673 2615 704 2672 θῑ
727 2610 875 2690 *Nilum1
897 2615 997 2672 malie
1019 2617 1125 2672 110⁸tr0
1174 2617 1247 2679 dem
1273 2616 1361 2677 radix
1383 2616 1423 2677 sit
1446 2615 1606 2694 cupiditas,
1632 2618 1668 2675 ut
1695 2612 1739 2675 ait
1764 2611 1945 2692 Apostolus;

352 2705 502 2778 menda,
548 2709 579 2766 θῑ
621 2703 721 2765 insitis
764 2720 783 2763 a
823 2708 935 2764 natura
975 2703 1126 2783 presidiis
1176 2708 1430 2778 bonorumvero,
1443 2708 1563 2770 raritas.
1579 2705 1785 2781 Quamobrem
1796 2702 1949 2784 quidquid

354 2796 500 2858 oriuntur
516 2816 524 2873 ;
546 2796 599 2858 sed
624 2795 843 2858 excellentiora
858 2795 993 2876 quadam
1006 2812 1046 2856 ex
1058 2796 1126 2859 luce
1175 2819 1216 2864 er
1232 2803 1360 2863 cantate
1373 2820 1440 2863 non
1454 2801 1574 2877 oritur,
1596 2801 1621 2861 si
1640 2798 1764 2879 quidem
1778 2795 1898 2873 moult,
1910 2804 1948 2857 ut

353 2889 443 2963 fidei,
473 2908 511 2951 ec
537 2888 635 2950 divini
654 2888 824 2950 instructus
850 2887 988 2950 motione
1014 2904 1125 2968 prove·
1175 2901 1298 2970 vocant,
1325 2894 1471 2975 qualitate
1484 2897 1637 2968 censetur,
1659 2892 1691 2952 id
1719 2888 1948 2970 excupiditate

352 2981 458 3044 aiunt.
1176 2987 1339 3068 provenit:
1355 2993 1391 3047 nt
1403 2987 1595 3067 Augustinus
1614 2984 1677 3045 illio
1696 2983 1813 3045 statuit.
1838 2980 1897 3056 Qui
1920 2981 1948 3042 si

393 3075 433 3136 V.
458 3075 538 3136 Hine
559 3073 685 3136 evidens
713 3081 770 3150 cst,
794 3074 976 3154 hujusmodi
989 3089 1129 3136 amorem
1176 3079 1456 3141 cars'tctisnomine
1469 3096 1538 3141 eam
1552 3076 1712 3158 significat,
1728 3091 1821 3155 quam
1833 3072 1947 3153 nuperi

355 3183 421 3227 non
444 3183 510 3227 osse
529 3166 791 3245 vituperandum,
831 3184 889 3228 nee
929 3166 1128 3246 inquinatum
1176 3170 1370 3250 dogmatistas
1409 3170 1553 3249 fingunt,
1594 3185 1716 3241 veram,
1760 3166 1948 3247 proprieque

354 3258 472 3340 pocomi
485 3257 549 3320 ulla
565 3258 687 3319 macula
700 3258 961 3336 3sedhonestnm,
977 3259 1128 3321 etlauda·
1176 3263 1291 3324 batam
1316 3264 1372 3324 Dei
1384 3262 1600 3337 dilectionem
1622 3276 1745 3323 caumm
1758 3276 1846 3320 suam
1868 3257 1949 3319 obti-

354 3350 471 3412 bilcm:
498 3351 588 3430 cujus
614 3351 756 3413 videlicet
794 3352 885 3412 radix
912 3357 958 3413 est
985 3358 1015 3413 et
1040 3353 1127 3432 origo
1176 3360 1263 3417 nent.
1276 3350 1948 3434 Hoeenimsaquctur,nullamaliameristi

355 3447 473 3520 saneta
488 3451 655 3524 auctorque
677 3445 777 3519 Dens,
793 3450 824 3505 et
836 3445 903 3524 ejus
916 3444 1051 3525 spiritus.
1066 3445 1129 3506 Nee
1178 3466 1244 3511 ease
1268 3448 1412 3528 gratiam,
1442 3454 1650 3528 preterquam
1678 3443 1848 3507 istiusmodi
1872 3442 1950 3503 eari-

1997 1311 2047 1355 tlom

2004 1362 2047 1409 redi

357 3536 442 3596 enim
452 3535 582 3597 sicinae
590 3536 693 3616 ipsum
703 3536 847 3598 eotendit
859 3555 964 3598 amore
974 3542 1125 3618 peccator,
1178 3546 1285 3602 tatem.
1303 3542 1471 3602 Nemeum
1490 3538 1685 3602 sinechristi
1698 3538 1796 3618 gratia
1822 3535 1948 3597 nullum
2046 3574 2047 3599 t

356 3633 413 3689 ant
426 3628 511 3707 quod
523 3627 642 3689 malum
662 3628 778 3690 sihiest
791 3630 833 3688 ita
850 3629 974 3706 metuit,
984 3645 1020 3690 ac
1033 3629 1123 3709 fugit,
1177 3631 1296 3694 bonnm
1319 3634 1359 3693 sit
1378 3650 1470 3713 opus,
1497 3632 1707 3693 Christianum
1725 3630 1846 3700 sutem,
1862 3626 1948 3688 etad
2046 3624 2048 3655 l

356 3727 393 3782 ut
405 3739 438 3782 se
451 3719 509 3782 sibi
518 3726 669 3800 tanquam
677 3721 773 3783 finem
782 3721 928 3783 ultimum
935 3723 1129 3802 propositum
1173 3723 1427 3803 justificationem
1446 3725 1617 3804 pertinens,
1630 3741 1753 3785 necesse
1766 3721 1825 3784 erit
1838 3738 1944 3794 omne,

354 3812 485 3890 habeat3
501 3813 611 3875 autvel
619 3813 722 3890 tacite,
734 3814 784 3876 vel
793 3813 896 3894 palam
904 3816 968 3875 Deo
974 3813 1126 3894 praeferat.
1177 3816 1259 3897 quod
1275 3835 1340 3878 non
1354 3835 1392 3879 cx
1416 3835 1501 3893 vern,
1525 3816 1713 3896 proprieque
1726 3816 1807 3877 dieta
1820 3813 1946 3875 oarimte

357 3904 418 3967 Sed
444 3923 502 3967 nec
523 3904 650 3967 habitus
664 3906 707 3967 sic
723 3913 781 3982 est,
809 3910 845 3966 nt
857 3906 919 3967 nisi
931 3905 1010 3966 tanti
1030 3906 1129 3987 adipi·
1176 3909 1320 3990 pullulat,
1336 3908 1505 3971 admalum
1528 3908 1665 3970 fructum
1678 3908 1842 3989 pertinere,
1866 3922 1946 3985 quo·

356 3996 463 4059 scendi
477 3997 553 4059 boni
567 4015 635 4078 spes
649 4004 727 4060 emet
741 3988 871 4077 objecta,
886 3998 936 4060 vel
948 3997 1128 4079 sempiterni
1176 4002 1261 4063 nium
1276 4018 1314 4062 ex
1336 4000 1501 4080 eupiditate
1526 4000 1748 4080 proficiscitur:
1762 4014 1835 4061 cnm
1858 3996 1947 4058 nulla

356 4088 431 4150 muli
442 4107 478 4150 ao
491 4090 635 4170 supplicii
648 4096 751 4152 metus
765 4091 903 4167 instaret,
914 4090 1048 4152 libenter
1061 4108 1129 4170 pec
1177 4095 1260 4156 inter
1269 4094 1376 4155 ambas
1382 4092 1560 4169 alias,relut
1569 4093 1682 4156 media.
1690 4092 1779 4154 radix
1786 4088 1947 4169 interiecta

356 4185 461 4241 catum
483 4178 669 4244 admitteret.
698 4183 769 4243 Non
791 4181 929 4244 enimde
943 4182 1003 4243 hoo
1015 4200 1128 4262 genere
1176 4184 1225 4248 sit.

356 4272 486 4342 amoris,
502 4271 553 4335 vol
566 4272 687 4337 timoris
699 4270 751 4335 hic
765 4273 885 4352 agitur:
906 4275 990 4353 aqui
1009 4276 1129 4354 cogitur
1217 4279 1289 4339 Vll.
1306 4276 1365 4340 Sed
1380 4274 1516 4338 multum
1530 4276 1569 4338 ab
1582 4274 1726 4351 veriute,
1741 4280 1773 4336 et
1780 4272 1946 4352 Augustini

353 4364 821 4447 inoperababerequodlicet²3
836 4384 907 4428 cum
919 4366 1129 4429 aliudhabcat
1176 4368 1330 4432 sententia
1342 4367 1493 4432 recedunt
1505 4370 1559 4449 qui
1583 4369 1627 4429 sio
1650 4367 1819 4447 disputant.
1844 4366 1945 4446 Atque

357 4458 779 4539 involuntatctquamallet,
793 4459 1018 4540 siliariposset,
1034 4456 1127 4522 licere
1177 4469 1214 4523 ut
1233 4462 1429 4542 intelligant,
1455 4478 1549 4541 quam
1577 4476 1688 4541 parum
1717 4460 1751 4520 in
1778 4458 1945 4539 Augustini

357 4550 442 4628 quod
455 4550 693 4614 nonlicettnut
705 4552 750 4613 ait
762 4551 1128 4632 Augustinnsrquihanc
1176 4555 1358 4617 auctoritate
1383 4553 1518 4634 praesidii
1536 4552 1682 4629 habeant,
1710 4556 1820 4613 testem
1840 4551 1945 4631 ipsum

358 4640 486 4716 servilis,
501 4648 532 4704 et
544 4642 660 4722 impuri
673 4644 972 4721 timoris‚nmorisve
986 4645 1126 4725 proprie·
1176 4646 1319 4708 dabimus
1347 4645 1573 4726 Augustinum,
1596 4661 1661 4707 esse
1687 4661 1782 4725 opere
1804 4643 1944 4723 quedam

357 4736 456 4793 tatem
486 4733 601 4795 crebris
635 4735 795 4797 sententiis
822 4735 966 4799 inrideat.
1009 4736 1128 4810 Quibus
1176 4737 1269 4817 bona,
1294 4756 1365 4818 quse
1393 4737 1512 4799 catali
1539 4737 1664 4799 eariute
1690 4753 1756 4797 non
1780 4736 1942 4797 oriuntur:

358 4822 603 4886 Armacanornm
626 4826 712 4889 notio
733 4826 946 4890 fraudulenter
969 4827 1125 4906 abutitur,
1176 4846 1278 4910 neque
1302 4830 1335 4891 id
1357 4847 1451 4891 omne
1475 4834 1635 4909 peccatum
1653 4844 1728 4897 esse,
1741 4826 1945 4908 qnodexilla

359 4916 436 4977 dum
460 4916 550 4978 extis
564 4918 705 4998 imperite
719 4919 845 5000 colligit,
861 4920 985 4981 nullum
1002 4921 1128 5000 penitus
1175 4922 1306 4983 minime
1321 4921 1530 5002 proficiscitur.
1548 4920 1673 4983 Etenim
1683 4920 1760 4982 fides
1777 4921 1842 5001 ipsa
1864 4936 1944 4999 opus

358 5024 598 5089 numquam
607 5011 1124 5093 concupiscentioevoeanttheolugi3
1175 5015 1332 5095 quoddam
1359 5020 1416 5091 est,
1444 5018 1480 5076 ut
1505 5012 1645 5075 christus
1671 5013 1768 5075 docet.
1799 5012 1861 5073 Hoc
1886 5016 1941 5087 est,

358 5117 417 5163 neo
446 5101 592 5165 timorem
625 5102 735 5165 codem
769 5122 808 5166 ex
839 5103 923 5166 fonte
945 5110 1127 5167 manantem
1175 5100 1305 5186 inquiat,
1335 5124 1409 5186 opas
1434 5104 1502 5181 liei,
1526 5105 1943 5185 cacuminantem

359 5210 526 5273 agnoscere
538 5200 680 5258 mactum
696 5197 918 5277 Augustinnm,
943 5197 1003 5258 nisi
1020 5197 1074 5278 qui
1087 5198 1127 5259 sit
1174 5197 1255 5261 misit
1270 5197 1331 5261 iile.
1348 5199 1443 5279 idque
1461 5196 1653 5280 Augustinus
1666 5197 1700 5258 in
1712 5196 1792 5259 libro
1805 5195 1842 5258 de
1853 5194 1942 5258 Proe-

359 5285 418 5348 hac
432 5287 628 5367 perversitate
641 5286 787 5368 vitiatus,
810 5294 841 5350 et
853 5289 994 5368 inlectus.
1012 5291 1050 5350 ln
1063 5307 1125 5370 quo
1175 5287 1367 5353 destinatione
1390 5299 1560 5354 martorum
1578 5287 1742 5371 explicat⁸,
1763 5293 1794 5351 et
1807 5288 1940 5368 Chryso·

388 5490 399 5533 l
414 5487 462 5536 ut.
473 5488 610 5544 ludite*
620 5489 635 5533 ι
645 5489 703 5544 tur.
716 5489 732 5535 t.
743 5489 770 5535 da
779 5489 831 5545 spir
843 5492 865 5536 ιι
882 5490 917 5537 nt.
930 5502 950 5536 c.
958 5498 1066 5536 mira·
1078 5491 1093 5536 a
1105 5489 1163 5548 Aug.
1176 5491 1192 5538 l.
1203 5488 1231 5537 ds
1242 5493 1280 5545 dr.
1296 5490 1348 5539 tta
1360 5504 1380 5537 c.
1393 5493 1504 5539 autad
1516 5494 1579 5539 mss
1591 5489 1711 5545 run-t
1723 5489 1776 5547 cap.
1788 5499 1828 5534 ιιι.
