3994 6164
307 284 367 345 208
812 282 1136 346 THEOLOGIGORUM
1160 282 1377 346 eocharitas

307 471 402 533 quam
421 458 527 516 tamen
545 459 614 535 post
632 472 731 517 annos
749 454 813 517 fere
832 460 957 517 centum
971 457 1002 516 et
1024 452 1073 515 vi-
1124 451 1354 515 Antiochenam
1363 452 1542 535 episcopum
1555 452 1711 534 scriptam,
1727 449 1904 531 qraaTheo·

306 546 397 625 giuti,
421 546 593 627 imperante
612 547 787 610 lastiniano
798 593 807 623 ,
820 548 919 608 vitare
936 565 1001 608 non
1017 563 1072 625 po·
1124 544 1236 606 dorum
1258 546 1416 627 predicat,
1431 553 1462 608 et
1476 565 1530 608 eos
1544 546 1656 626 arguit,
1678 562 1714 606 ac
1729 547 1827 622 negat
1840 559 1904 602 au-

307 637 390 698 tuit:
409 638 455 698 uti
476 638 575 718 capite
605 655 668 701 xuu
690 639 870 702 referemus.
895 640 941 700 De
967 635 1075 718 cyrilti
1123 635 1251 699 diendos
1275 657 1352 715 esse,
1378 639 1433 720 qui
1448 639 1583 707 ,collecta
1609 637 1750 719 quaedam
1777 633 1905 695 illiuse

307 730 540 792 veroadversus
561 731 650 793 iham
670 731 757 793 editis
775 731 872 807 libris,
893 747 1022 811 agemus
1040 729 1075 790 in
1123 726 1209 789 libris
1239 730 1373 811 capitula
1413 730 1685 805 circumferebant,
1719 733 1751 790 et
1777 726 1903 787 horum

307 820 386 882 libro
398 821 518 901 quinto,
535 840 606 883 cum
623 823 662 884 de
677 823 887 885 enuntiatione
908 823 967 883 ista
980 821 1075 882 disse-
1123 820 1355 884 damnationem
1367 828 1548 903 extorquere
1559 821 1735 885 studebant.
1750 817 1904 880 Recitata

307 931 412 975 remus
428 934 435 976 :
452 916 538 976 Unus
551 933 589 976 ac
606 914 755 979 Trinitas
774 913 947 996 cucifixus,
963 922 989 975 ct
999 932 1075 975 mor·
1123 919 1170 974 est
1183 913 1314 992 epistola
1335 915 1393 975 ista
1413 916 1446 977 in
1463 915 1572 996 quinta
1585 913 1703 995 synodo
1729 909 1902 974 collatione

308 1011 377 1067 tuus
390 1014 442 1069 eat.
1123 1004 1264 1084 quintet
1294 1005 1356 1067 Sed
1369 1007 1571 1086 tanquamab
1597 1007 1763 1085 impostore
1788 1002 1901 1081 aliquo

137 1116 206 1163 sora
229 1116 284 1162 un·
348 1099 400 1161 IV.
415 1100 505 1160 Nunc
522 1098 599 1160 illud
613 1097 835 1180 inquirendum
849 1103 910 1175 est,
925 1114 1076 1160 verumne
1124 1096 1264 1170 conficta,
1280 1098 1384 1160 statim
1397 1099 1521 1179 explosa
1541 1105 1598 1161 est.
1613 1096 1823 1160 Nihilominus
1838 1095 1900 1156 Fa·

138 1171 282 1269 ,mm
307 1191 347 1252 sit
357 1190 441 1271 quod
449 1190 488 1252 de
501 1190 654 1253 Theodori
663 1191 876 1253 laudatoribus
884 1191 924 1252 ab
932 1190 1075 1252 Facundo
1125 1190 1298 1252 cundusad
1322 1191 1477 1253 Theodori
1490 1209 1614 1254 causam
1637 1186 1899 1261 sublevandam⁸,

147 1276 272 1375 Μξξζῗῆ·
307 1284 467 1363 proditum
480 1302 555 1353 esse,
583 1284 689 1364 capitis
705 1283 800 1363 hujus
813 1283 902 1345 initia
916 1282 990 1344 dixi.
1006 1283 1076 1344 Non
1126 1283 1302 1371 testimonio
1317 1283 1399 1346 illius
1413 1283 1652 1345 multumutitur
1669 1303 1676 1343 :
1693 1282 1814 1344 etalias
1828 1298 1903 1360 ger·

307 1376 391 1438 enim
405 1376 476 1438 satis
487 1381 622 1437 attentus
632 1377 665 1437 in
678 1376 739 1438 illis
752 1376 982 1438 considerandis
992 1373 1075 1436 fuit:
1125 1393 1252 1437 manam
1278 1375 1387 1455 cyrilli
1414 1376 1551 1455 ejusdem
1578 1374 1739 1457 epistolam
1765 1371 1904 1433 alteram

306 1469 361 1531 sed
374 1487 478 1532 errore
503 1468 687 1529 translatitio
702 1469 806 1550 lapsus
827 1474 881 1531 est.
906 1468 1027 1529 Primus
1044 1466 1077 1528 in
1125 1469 1257 1548 pessime
1270 1468 1503 1546 interpretando
1517 1468 1673 1549 depravat.

307 1561 446 1623 medium
466 1560 647 1641 producitur
672 1560 837 1640 Gregorius
855 1559 1075 1637 Nazianzenus,
1167 1561 1301 1621 Tantum
1314 1578 1389 1622 uero
1412 1561 1508 1632 abest,
1524 1567 1560 1621 ut
1586 1559 1721 1641 cyrillus
1741 1554 1905 1619 Theodori

306 1653 434 1733 ejusque
447 1652 647 1733 proferuntur
660 1653 794 1730 epistolae
818 1653 889 1714 dire
906 1672 913 1713 :
929 1652 1015 1732 prior
1027 1650 1077 1711 in·
1126 1652 1249 1732 scripta,
1266 1659 1297 1714 et
1310 1652 1432 1715 decreta
1446 1652 1632 1733 probauerit,
1647 1657 1683 1712 ut
1702 1669 1740 1713 ea
1752 1667 1839 1729 soepe
1850 1665 1902 1710 re·

306 1750 354 1806 ter
378 1743 518 1826 Gregorii
536 1743 680 1825 epistolas
702 1745 914 1807 ducentesima
932 1743 1079 1805 vicesima
1127 1743 1294 1823 dmguerit,
1310 1750 1341 1806 et
1354 1745 1454 1807 abens
1467 1744 1559 1806 atide
1571 1744 1726 1806 Catholica
1735 1740 1902 1821 judicarit,

307 1837 434 1919 ponitur
454 1862 462 1899 a
481 1837 643 1918 posterior,
659 1838 847 1916 octogesima
869 1840 989 1898 octava.
1016 1834 1077 1897 Sed
1127 1854 1163 1898 ac
1175 1837 1308 1899 Nestorii
1320 1838 1431 1899 haeresi
1445 1843 1666 1912 consentanea3
1680 1836 1730 1899 cui
1744 1840 1777 1899 et
1790 1839 1905 1896 auctor

306 1933 418 1991 neutra
431 1930 470 1991 ad
489 1929 686 1990 Theodorum
706 1930 960 2010 Mopsuestenum
981 1926 1078 2007 perti·
1126 1928 1250 1989 errandi
1272 1927 1377 1991 fuerit.
1404 1930 1538 1991 Tametsi
1564 1931 1735 2012 prudenter
1761 1927 1905 2008 cyrillus

305 2030 369 2085 net.
386 2022 466 2087 Sunt
487 2022 571 2101 apud
595 2021 780 2101 Gregorium
799 2021 934 2103 epistoloe
958 2020 1076 2098 decem,
1125 2019 1168 2081 ita
1177 2021 1319 2082 damnari
1332 2021 1485 2083 Theodori
1501 2022 1617 2084 nefaria
1631 2022 1777 2102 dogmata
1785 2019 1903 2094 voluit,

305 2114 345 2176 ab
363 2116 414 2193 81,
429 2116 467 2177 ad
488 2117 538 2189 90,
561 2132 631 2195 quaa
657 2116 760 2176 Gracc
788 2116 943 2197 Anonymo
967 2112 1076 2174 inscm'·
1126 2116 1162 2172 ut
1177 2112 1260 2174 illius
1280 2112 1346 2192 jam
1370 2115 1432 2174 vita
1454 2113 1553 2176 functi
1566 2113 1690 2175 nomini
1703 2118 1903 2194 parceretur,

303 2205 422 2269 buntur
451 2227 459 2268 ι
488 2207 598 2268 Latine
626 2205 772 2268 Theodoro
803 2206 950 2288 Tyanerui
974 2225 982 2266 ε
999 2207 1077 2268 ltem
1125 2205 1295 2283 quodcum
1309 2210 1373 2267 toto
1385 2205 1509 2268 Oriente
1522 2206 1642 2268 celebre
1656 2212 1745 2280 esset,
1761 2224 1800 2268 ac
1814 2204 1905 2266 mul·

303 2299 372 2360 aliae
394 2304 468 2361 sunt
493 2304 638 2379 quatuor,
666 2318 686 2360 a
706 2301 777 2376 219,
806 2299 846 2360 ad
867 2300 938 2371 222,
962 2298 1077 2378 quihus
1125 2302 1174 2358 tos
1187 2302 1218 2359 ct
1231 2298 1433 2360 admiratores
1458 2298 1604 2373 haberet,
1623 2299 1797 2361 uerendum
1821 2302 1904 2374 erat,

304 2392 457 2454 Theodori
476 2409 592 2454 nomen
619 2391 865 2473 superscribitur.
885 2391 1076 2470 hcdenique
1126 2407 1166 2451 ne
1191 2390 1389 2452 damnatione
1415 2390 1498 2454 illius
1525 2391 1647 2467 ademi,
1685 2392 1725 2454 ab
1753 2390 1906 2453 Ecclesia

304 2499 399 2544 ccxxv
420 2486 537 2559 craece,
556 2483 726 2563 Latineque
749 2482 904 2544 Theodori
931 2484 1075 2562 Tyancn·
1125 2482 1346 2545 communione
1373 2482 1574 2547 discederent.

302 2575 343 2635 sis
366 2575 566 2656 inscriptione
595 2580 733 2636 notatur.
765 2575 827 2636 Sed
857 2591 966 2635 earum
988 2574 1076 2636 nulla
1165 2576 1218 2636 VI.
1236 2574 1363 2655 Scripsit
1373 2576 1433 2638 hac
1447 2576 1486 2637 dc
1501 2594 1535 2637 re
1549 2594 1613 2637 non
1627 2593 1724 2638 unam
1734 2575 1905 2656 epistolam

302 2666 553 2746 Mopsuestenum
575 2666 702 2741 indicat,
728 2666 780 2728 sed
803 2668 1010 2747 Tyanensem.
1039 2666 1076 2727 ln
1126 2665 1275 2745 cyrillns;
1292 2666 1429 2729 velutad
1450 2668 1597 2730 Proclum
1616 2668 1904 2749 Constantinopoli·

301 2759 411 2838 quinta
442 2759 572 2840 synodo,
602 2758 765 2820 collatione
795 2758 917 2838 quitata,
945 2759 980 2819 in
1011 2776 1076 2837 qua
1124 2762 1235 2819 tanum
1262 2759 1457 2840 episcopum,
1486 2778 1557 2840 que
1578 2760 1611 2821 in
1639 2760 1747 2841 quinta
1775 2763 1904 2842 synodo

301 2852 454 2914 Theodori
474 2871 567 2915 eausa
578 2851 778 2931 disceptatur,
791 2869 846 2912 sex
859 2851 998 2930 Gregorii
1012 2851 1074 2910 Na·
1123 2851 1245 2930 prolata
1264 2849 1340 2926 est⁸,
1362 2852 1527 2931 Graeceque
1554 2852 1636 2914 inter
1666 2871 1761 2933 opera
1789 2853 1905 2934 cyrilli

301 2942 1076 3025 zianzeniapistoloereferuntur,quasadMopsues·
1125 2942 1218 3004 edita.
1243 2944 1282 3004 ln
1300 2961 1338 3004 ea
1359 2949 1505 3023 questum
1529 2944 1613 3023 apud
1640 2963 1672 3006 se
1699 2963 1755 3025 per
1780 2945 1904 3008 litteras

304 3043 411 3097 uuum
422 3036 549 3117 scriptas
563 3054 629 3097 esse
648 3035 822 3097 defensores
841 3035 936 3114 hujus
958 3052 1074 3096 assere-
1124 3034 1281 3097 loannem
1296 3035 1525 3098 Antiochorum
1547 3036 1654 3098 scribit
1672 3037 1711 3098 de
1724 3036 1901 3115 nonnullis,

302 3127 391 3204 hant,
401 3146 471 3207 qua
485 3134 559 3191 sunt
566 3128 647 3188 inter
654 3127 794 3207 Gregorii
803 3126 947 3207 epistolas
958 3128 1009 3203 89,
1022 3127 1073 3204 90,
1125 3125 1181 3206 qui
1195 3126 1495 3207 constantinopolim
1519 3128 1558 3190 ad
1575 3127 1797 3205 imperatorem
1820 3148 1902 3209 pro-

304 3220 355 3296 8l,
370 3222 441 3296 219,
454 3221 504 3294 88,
521 3226 552 3281 et
569 3220 642 3282 225.
663 3220 782 3281 Verum
801 3219 976 3299 Euphrates
997 3219 1076 3298 'lya-
1124 3215 1195 3279 fecti
1209 3218 1372 3298 petierant,
1388 3224 1424 3279 ut
1446 3219 1599 3280 Theodori
1618 3219 1690 3282 libri
1709 3221 1901 3283 damnaren-

304 3311 408 3373 nensis
421 3310 595 3392 episcopus,
610 3310 741 3392 quitum
753 3311 911 3385 intererat,
926 3310 966 3371 ad
978 3311 1077 3371 Theo·
1123 3313 1175 3370 tur
1192 3329 1199 3370 :
1216 3310 1299 3390 quod
1323 3310 1350 3371 si
1370 3309 1468 3386 tieret,
1484 3311 1594 3391 ingens
1618 3330 1657 3373 ex
1678 3331 1715 3374 eo
1744 3313 1902 3375 damnum

304 3403 417 3464 dorum
452 3405 646 3484 Tyanensem
680 3421 745 3465 esse
780 3404 918 3484 scriptas,
945 3420 1009 3464 non
1035 3401 1077 3462 ad
1124 3408 1310 3482 erupturum
1323 3401 1439 3479 dicere,
1456 3410 1583 3484 propter
1596 3404 1808 3467 incredibilem
1822 3424 1901 3468 auc·

305 3495 572 3575 Mopsuestenum,
593 3496 683 3558 certis
706 3496 897 3577 argumentis
919 3493 1073 3574 probavit,
1122 3492 1281 3556 toritatem
1295 3493 1352 3555 viri
1365 3495 1399 3554 in
1414 3494 1549 3556 Ecclesia
1559 3496 1709 3577 singulari
1721 3514 1794 3559 cum
1803 3497 1902 3561 laude

305 3586 393 3666 cnjus
411 3588 564 3667 judicium
590 3588 728 3668 synodus
753 3593 858 3649 secuta
888 3593 945 3648 est.
975 3587 1076 3660 Quare
1124 3586 1248 3662 versati,
1263 3592 1294 3647 et
1306 3586 1339 3647 in
1354 3586 1421 3666 eJus
1434 3588 1655 3651 communione
1672 3588 1819 3651 defuncti.
1835 3590 1900 3652 Ne·

305 3678 442 3740 multum
463 3679 641 3742 hallucinati
661 3686 733 3741 suut
748 3679 902 3741 Theodori
916 3679 1076 3756 Mopsues-
1126 3696 1187 3758 que
1200 3696 1274 3740 vero
1293 3696 1407 3757 negare
1422 3696 1454 3740 sc
1468 3679 1511 3740 ait
1535 3680 1653 3760 cyrilli,
1673 3681 1778 3762 «quin
1790 3681 1901 3763 aliqua

306 3772 382 3847 teni,
396 3790 432 3832 ao
453 3771 550 3833 trium
577 3771 784 3851 capitulorum
810 3770 944 3852 patroni,
967 3775 998 3831 et
1019 3769 1076 3851 qui
1125 3771 1158 3830 in
1181 3770 1336 3832 Theodori
1348 3770 1437 3831 libris
1453 3770 1655 3834 inveniantur
1667 3773 1784 3835 nefarie
1802 3773 1898 3853 dicta,

306 3878 388 3925 unias
400 3864 515 3937 horum
527 3862 597 3941 tou,
614 3864 777 3927 Facundus
791 3862 1033 3924 Hermionensis.
1125 3867 1156 3922 ct
1168 3862 1275 3924 nimiae
1289 3861 1381 3942 plena
1393 3862 1604 3943 blasphemiae,
1620 3865 1659 3927 de
1672 3883 1735 3945 quo
1747 3864 1829 3927 nulli
1841 3865 1901 3928 du·

345 3958 383 4018 V.
406 3957 494 4018 ldem
529 3957 563 4018 in
593 3957 713 4019 loaune
734 3957 954 4036 chrysostomo
989 3972 1076 4016 error
1124 3952 1346 4015 biumsitrecta
1357 3954 1600 4032 sapientium.»
1617 3956 1743 4019 Addidit
1754 3957 1897 4038 insuper,

306 4045 437 4110 istorum
455 4049 514 4110 fuit
530 4069 538 4110 ε
554 4050 641 4129 ciuus
654 4049 814 4129 epistolam
824 4048 864 4109 ad
877 4046 1076 4108 Theodorum
1124 4042 1158 4105 in
1178 4044 1332 4125 Ephesina
1354 4046 1474 4125 synodo
1495 4048 1686 4128 propositam
1705 4047 1799 4110 fuisse
1822 4048 1899 4113 fidei

308 4141 560 4221 Mopsuestenum
589 4140 750 4202 Facundus
775 4138 892 4213 attulit,
921 4138 959 4199 de
983 4138 1075 4200 exilio
1125 4137 1350 4215 expositionem
1366 4137 1424 4198 sub
1437 4137 1520 4199 itlius
1542 4140 1680 4218 nomine,
1696 4159 1767 4222 qua
1779 4140 1898 4203 ibidem

308 4233 453 4314 scriptam
470 4252 477 4294 ε
493 4234 527 4294 in
540 4251 602 4313 qua
617 4233 708 4295 valde
729 4232 891 4294 hominem
907 4230 1073 4292 collaudat.
1126 4227 1273 4290 damnata
1286 4230 1336 4304 sit,
1357 4230 1445 4291 nulla
1467 4231 1601 4293 auctoris
1621 4232 1700 4295 tacta
1719 4233 1896 4309 mentionc,

309 4324 353 4386 Ea
366 4324 506 4387 estinter
529 4324 738 4405 Chrysostcmi
760 4323 1076 4405 epistolasox11,quoe
1126 4338 1199 4382 cum
1231 4321 1364 4383 Nestorii
1391 4321 1521 4403 impiam
1552 4324 1706 4388 redoleret
1737 4325 1895 4388 heresim.

308 4422 422 4498 θεοδότῳ
436 4426 632 4505 νοηθεοδώρῳ
646 4415 827 4477 incditione
842 4413 960 4476 Savillii
968 4413 1077 4475 inscri-
1125 4414 1200 4475 Haec
1220 4413 1408 4475 illavidetur
1435 4433 1500 4477 esse
1526 4415 1600 4477 fidei
1624 4416 1785 4497 expositio,
1799 4435 1899 4497 quam

220 4508 233 4539 ⁰
259 4579 266 4595 ι
309 4505 404 4569 bitur.
433 4510 469 4570 ln
491 4512 558 4573 haec
582 4508 711 4589 epistola
742 4507 858 4569 Cilicia
884 4507 1077 4568 mentionem
1127 4505 1284 4567 Charisius
1308 4505 1470 4586 presbyter
1505 4508 1725 4589 Philadelphiae
1753 4509 1899 4572 Patribus

310 4596 471 4662 Facundus
499 4600 618 4664 invenit
644 4618 684 4662 ex
708 4604 853 4680 corrupto
880 4597 1075 4676 exemplari:
1127 4596 1897 4682 ohtuht⁸,Nert0riiemissa1tisacceptam,quail-

308 4689 391 4750 unde
406 4692 658 4772 Mopsuestenum
682 4691 880 4753 Theodorum
900 4689 1075 4751 somniavit.
1126 4690 1187 4751 lius
1207 4690 1352 4752 haeresim
1365 4691 1471 4770 spirat.
1485 4692 1617 4772 cyrillus
1635 4711 1729 4774 porro
1742 4693 1899 4755 Theodori

309 4781 353 4842 lle
364 4799 426 4860 quo
440 4784 474 4845 P.
488 4783 672 4846 Sirmondus
684 4782 718 4843 in
730 4784 811 4844 notis
823 4783 864 4844 ad
873 4779 1075 4844 Facundum¹.
1127 4782 1326 4845 damnatione
1339 4783 1603 4863 supersedendum
1622 4786 1785 4860 existimat,
1801 4785 1896 4868 pacis,

350 4873 1080 4956 Rursuscyrilliepistolamsupposititiam'lheo·
1128 4880 1159 4936 et
1171 4874 1288 4936 dissidii
1301 4874 1418 4937 vitandi
1431 4875 1541 4955 gratia

309 4963 378 5026 dori
403 4972 649 5048 propugnatores
671 4967 830 5047 iactabant
855 4967 896 5029 ad
922 4968 1080 5029 Josnnem
1169 4967 1210 5029 at
1234 4968 1371 5029 loannes
1395 4968 1606 5032 Antiochenus
1630 4977 1814 5049 congregata
1844 4991 1896 5053 sy·

346 5163 368 5204 a
386 5148 480 5206 cran.
504 5147 534 5205 in
548 5163 592 5219 sp.
614 5146 657 5205 ad
675 5152 758 5205 Prot.
773 5145 831 5202 Ὅτι
857 5145 899 5220 ptr
913 5145 961 5219 γὰρ
981 5143 1006 5199 ἓν
1028 5147 1079 5208 τοῖς
1128 5144 1234 5220 ἀκράτου
1247 5147 1355 5221 γέμοντα
1365 5147 1510 5223 δυσφημίας,
1523 5147 1603 5207 cibari
1617 5157 1667 5206 τῶν
1680 5150 1712 5207 τὰ
1725 5150 1785 5225 ὀρθὰ
1798 5157 1896 5227 φρονεῖν

311 5233 475 5306 συντάγμασιν
486 5230 560 5287 acccc
570 5230 712 5305 εὑρίσκομέν
727 5249 782 5286 τινα
795 5228 1028 5301 ἰκτόποςεῐρημὲνα,
1038 5228 1079 5282 καὶ
1128 5227 1247 5284 εἰωθότων
1262 5225 1408 5303 ἂμφὶὅολον.

337 5373 396 5419 aaa
419 5375 470 5422 nar.
489 5375 528 5422 su
544 5360 696 5422 raaia-‘s
708 5374 771 5420 roa.
785 5373 813 5417 ru
831 5371 966 5420 ccam-a
977 5371 1035 5419 ua.
1049 5371 1074 5418 ιν
1096 5377 1119 5417 a
1141 5371 1185 5418 ννι
1198 5383 1247 5431 aa.
1261 5383 1284 5420 a
1296 5379 1319 5421 a
1339 5374 1392 5422 cru
1416 5386 1510 5434 aaa·
1524 5376 1539 5423 t
1551 5376 1628 5426 cauit
1640 5389 1663 5432 a.
1679 5385 1731 5427 aa.
1746 5379 1774 5427 ιν
1782 5380 1896 5429 ocar-

310 5435 325 5479 a
337 5437 360 5482 lu
370 5436 436 5482 cour.
446 5435 527 5494 Epiros.
538 5449 562 5495 p.
575 5437 652 5494 ll,aot.
666 5448 697 5482 νι.
