4136 6178
328 257 367 315 64
844 242 1170 309 Tuaotoatcottuu
1192 245 1412 307 DCGMATUM

329 435 399 496 quas
414 415 453 476 ab
473 434 510 477 eo
528 419 729 476 removentur
744 430 857 492 genere
875 411 994 491 gratiae,
1011 406 1096 486 quod
1145 407 1213 484 ejus
1234 408 1428 489 interpretati
1441 417 1530 485 sunt3
1554 412 1604 472 vel
1624 411 1699 472 istos
1713 412 1752 472 ad
1765 412 1907 474 hemum

329 507 492 568 Armacani
506 508 608 568 solum
621 524 686 567 esse
700 504 823 585 proprie
844 504 963 564 dietum
979 518 1017 560 ex
1031 500 1095 560 Au·
1145 516 1234 558 stram
1254 499 1462 561 roborandam
1482 501 1566 562 illius
1593 504 1771 565 aucmntate
1797 505 1910 565 abusos

328 599 446 677 gustini
460 599 617 660 sententiis
635 602 827 657 asseverant:
845 601 881 655 ut
902 594 935 654 in
948 591 1095 666 secundo,
1145 607 1221 666 esse,
1246 592 1272 651 si
1299 591 1326 652 is
1345 593 1380 652 in
1399 600 1482 654 recte
1504 595 1663 656 sentiendo
1686 603 1828 657 consuas
1851 595 1909 656 sihi

328 691 468 751 actardo
482 689 581 770 capite
594 688 766 750 docuimus.
1144 637 1262 743 hierit:
1278 685 1346 762 quis
1370 703 1435 745 non
1453 686 1604 765 posterius
1625 687 1684 748 hoe
1701 693 1859 767 praeoptet,
1874 706 1911 748 ac

369 783 405 842 ll.
424 781 535 842 Necad
549 780 863 841 sublevandosnovos
883 775 1094 873 dogmatistae,
1144 781 1305 851 praeponat
1324 776 1423 849 alteri,
1448 776 1598 857 facileque
1619 779 1671 841 det
1693 780 1767 840 istos
1782 779 1910 840 nihilad

328 874 409 934 etab
423 871 577 933 consortio
592 871 838 951 semipelagianos
859 868 933 929 iacis
955 844 1095 929 eximen-
1144 866 1309 942 Augustini
1336 870 1552 930 tractationem
1574 877 1687 949 prater
1725 877 1909 978 occupatum

328 965 383 1025 dos
405 965 494 1042 juvat
519 964 607 1039 illud,
633 963 717 1043 quod
743 963 903 1023 interdum
936 961 1095 1022 caritatem
1145 957 1547 1037 studiopsrtiumanimum,
1561 963 1765 1024 severitatis
1756 962 1909 1024 inscitiam

328 1055 443 1117 istam¹
447 1104 455 1131 ,
484 1056 534 1116 cui
554 1055 610 1115 soli
636 1055 743 1133 gratiae
763 1054 873 1115 Christi
895 1050 1094 1126 medicinalis,
1144 1049 1303 1110 attulisse?
1316 1053 1400 1130 quod
1422 1068 1479 1128 ego
1501 1054 1631 1133 planum
1644 1073 1679 1116 aa
1698 1056 1905 1135 perspicuum,

328 1165 444 1208 nornen
464 1147 649 1219 inscribunt,
664 1164 729 1206 non
748 1145 900 1224 ejusmodi
914 1162 979 1206 esse
989 1143 1096 1203 dicunt
1144 1141 1192 1201 uti
1211 1160 1312 1221 spero,
1339 1144 1484 1226 deinceps
1504 1146 1650 1207 omnibus
1668 1147 1798 1223 faciam3
1824 1156 1909 1209 certa

328 1259 386 1320 que
400 1258 487 1320 saper
501 1238 599 1298 omnio
612 1236 751 1317 diligitur
760 1236 855 1312 Deus·
873 1237 926 1297 sed
945 1253 1095 1296 nonnun-
1143 1233 1340 1311 potissimum
1377 1239 1551 1315 notatione,
1584 1239 1908 1320 animadversioneque

328 1349 425 1410 quam
437 1335 575 1403 tenuem,
601 1334 631 1390 et
653 1328 871 1408 simpliciorem
891 1345 967 1400 esse,
983 1344 1049 1407 quoe
1063 1329 1096 1385 ia
1143 1325 1303 1403 tradenda,
1324 1346 1386 1406 qua
1408 1329 1536 1408 quidem
1552 1331 1591 1391 ad
1613 1332 1774 1410 Augustini
1794 1332 1906 1393 intelli·

330 1421 716 1503 infcriorioffectuloereat.
728 1420 873 1481 Nihilhoc
876 1418 1097 1498 ,inquamillos
1143 1417 1282 1494 gentiam
1293 1437 1359 1479 non
1369 1420 1437 1481 utili
1448 1426 1583 1497 ιιιιιιιιιιι,
1596 1423 1650 1484 sed
1663 1424 1757 1485 etism
1766 1441 1906 1486 nemau-

330 1516 463 1593 adjuvat.
466 1515 545 1574 Nam
559 1513 817 1614 qualemcumque
830 1513 915 1574 hrrnc
926 1510 1098 1573 dilectionis
1144 1507 1201 1582 ria,
1216 1508 1357 1571 ltmditus
1370 1511 1416 1572 illi
1424 1518 1602 1574 cantarunt

330 1602 509 1679 allectums
500 1602 683 1679 inquosolo
702 1600 828 1681 proprie
846 1601 961 1662 dietam
984 1599 1097 1661 Christi
1185 1601 1244 1660 ΙΙΙ.
1269 1602 1396 1677 Eorum,
1423 1604 1476 1684 qui
1503 1605 1537 1666 in
1565 1607 1769 1685 oppugnanda
1796 1607 1907 1668 Christi
1975 1616 2055 1658 rauce

329 1694 462 1775 gratiam
473 1694 674 1768 constituunt,
685 1697 827 1754 asserunt
840 1709 910 1753 eam
921 1709 987 1752 esse
1000 1691 1098 1752 cbari-
1144 1693 1244 1769 gratia
1264 1694 1480 1756 adversantem
1498 1696 1557 1757 sibi
1576 1698 1659 1758 nacti
1678 1704 1751 1760 sunt
1762 1700 1906 1778 Augusti·
1947 1669 2055 1765 “ciffi

330 1792 437 1858 utem,
457 1802 549 1866 «qua
562 1803 645 1853 vere,
661 1784 789 1860 sincere,
806 1789 837 1844 et
857 1785 962 1862 gratis,
978 1782 1096 1844 exani·
1145 1799 1224 1843 num
1227 1785 1366 1864 ,duplex
1378 1805 1477 1866 genus
1497 1789 1625 1849 omnino
1638 1789 1721 1850 brit:
1739 1791 1906 1870 Pelagiani,
1948 1776 2055 1830 “m

330 1896 394 1953 mo,
410 1884 538 1958 propter
554 1878 699 1957 seipsum,
728 1875 845 1936 nullius
862 1880 1022 1953 creaturae,
1043 1875 1098 1936 sed
1146 1880 1176 1935 et
1189 1893 1243 1953 qur
1235 1875 1470 1954 Massilienses,
1492 1899 1528 1941 ac
1549 1880 1787 1961 semipelagiani
1804 1888 1910 1962 postea

329 1971 426 2051 ipsius
448 1970 544 2031 solius
563 1969 679 2029 intuitu
698 1967 837 2047 diligitur
845 1968 972 2029 Dens.»
1004 1968 1096 2046 Atqui
1144 1967 1340 2029 roeatisunt.
1357 1969 1417 2031 Sed
1435 1989 1507 2032 cum
1525 1971 1681 2051 prioribus
1700 1973 1865 2053 andqrdus,
1879 1979 1911 2035 et

330 2062 434 2142 plures
446 2060 616 2123 voluntatis
629 2060 791 2137 motiones,
806 2078 884 2139 quas
898 2059 937 2120 ad
949 2058 1099 2137 justifica·
1146 2057 1336 2135 diuturnius,
1348 2062 1487 2142 adeoque
1500 2065 1686 2144 pertinacius
1695 2070 1850 2127 sedamen
1857 2065 1911 2126 ille

330 2154 450 2215 tionem
462 2152 664 2214 obtinendam
684 2151 822 2231 synodus
839 2150 1018 2212 Tridentina
1039 2149 1099 2211 dis·
1147 2152 1304 2229 suscepit:
1321 2171 1394 2213 eum
1406 2154 1627 2233 posterioribus
1644 2175 1730 2234 vero,
1744 2157 1912 2218 inclinante

329 2245 486 2326 positiones
514 2245 666 2320 nominat,
691 2243 836 2304 allectum
851 2242 941 2303 illum
958 2242 1099 2323 perlectae
1142 2241 1210 2319 jam
1222 2249 1312 2305 aetate
1328 2245 1423 2324 erepit
1436 2246 1613 2326 confligere,
1628 2266 1701 2309 cum
1718 2250 1910 2328 aPmspcro,

331 2337 502 2398 dilectionis
516 2335 714 2411 antecedunt,
728 2341 758 2396 et
768 2335 886 2395 eaedem
897 2334 1099 2395 nihilominus
1147 2337 1179 2395 et
1192 2334 1308 2396 Hilario
1319 2336 1359 2397 de
1371 2336 1499 2399 suborta
1511 2339 1637 2400 haeresis
1648 2339 1819 2419 Pelagianae
1831 2359 1913 2401 nova

331 2429 500 2490 adversm
523 2426 639 2488 Christi
667 2426 811 2505 gratiam,
837 2433 868 2487 et
889 2426 1004 2486 auxilia
1030 2444 1100 2507 pro·
1146 2425 1200 2485 illa
1213 2428 1382 2507 propagine
1395 2436 1474 2491 esset
1490 2431 1677 2492 admonitus.
1693 2432 1759 2505 Quo
1772 2437 1913 2511 tempore

331 2521 399 2601 prie
413 2521 493 2582 dicta
509 2519 681 2600 pertinent,
703 2518 749 2578 uti
772 2536 866 2599 supra
879 2518 1100 2580 demonstravi·
1147 2516 1245 2578 libros
1258 2517 1450 2582 elucubravit
1469 2522 1566 2616 duos;
1582 2540 1682 2584 unum
1695 2521 1730 2583 de
1753 2518 1912 2584 Prusae·-

332 2612 437 2674 mus'.
1147 2610 1266 2671 notione
1273 2609 1461 2689 Sanctorum,
1476 2569 1620 2691 slterhm,
1635 2613 1670 2675 de
1688 2613 1761 2676 douo
1779 2614 1913 2676 Perseve-

371 2705 490 2765 Deinde
503 2702 644 2783 quamvis
657 2708 845 2764 Armacanus
862 2701 1012 2776 igniculos
1025 2702 1100 2763 istos
1148 2701 1279 2763 romioe:
1302 2702 1415 2783 quibus
1442 2723 1478 2766 ea
1500 2707 1679 2785 complexus
1702 2712 1759 2783 est,
1782 2724 1852 2784 quae
1872 2706 1915 2766 ad

332 2796 499 2868 inchoatae,
535 2794 667 2855 necdum
699 2792 840 2873 periectas
868 2792 1074 2854 dilectionis
1065 2813 1100 2854 ιιι
1151 2790 1414 2873 Semipelagianos
1446 2796 1520 2857 istos
1548 2798 1672 2877 proprie
1707 2797 1913 2878 pertinebant.

332 2905 459 2949 censum
470 2886 583 2948 referat
595 2884 785 2946 medicinalis
805 2885 911 2964 gratita
931 2885 1054 2952 Christi,
1071 2892 1101 2946 et
1149 2883 1293 2960 Igiturut
1305 2893 1394 2948 eraut
1409 2889 1540 2950 duanam
1554 2888 1679 2950 illarum
1693 2890 1837 2969 dogmata
1855 2888 1918 2949 iac·

334 2985 503 3059 utcumque
515 2978 583 3039 aliis
598 2978 632 3037 in
648 2977 725 3038 loeis
742 2977 780 3037 de
791 2995 864 3053 vera
878 2976 988 3036 Christi
1000 2978 1100 3056 gratia
1149 2974 1281 3054 tionum,
1306 2984 1338 3039 et
1357 2979 1519 3061 principia,
1545 2981 1658 3059 quibus
1684 2980 1914 3055 innitebantur3

334 3071 489 3150 loquatur,
516 3076 547 3131 et
573 3067 703 3143 seutiat;
721 3072 845 3129 tenetur
867 3075 971 3129 tamen
989 3069 1023 3128 iu
1042 3071 1101 3131 boc
1148 3066 1192 3131 ita
1218 3086 1288 3147 qua
1316 3069 1465 3132 adversus
1495 3072 1635 3152 singulos
1663 3073 1849 3152 disputavit,
1875 3072 1918 3132 ad

334 3163 412 3242 ipso,
425 3161 509 3241 quod
531 3178 627 3241 quam
647 3159 774 3221 unicam
787 3160 876 3221 docet
893 3178 957 3221 esse
970 3161 1101 3239 gratiam
1150 3176 1260 3220 eorum
1276 3176 1371 3223 usum
1391 3167 1566 3243 temperare
1593 3163 1731 3240 studuit;
1760 3170 1791 3225 et
1810 3163 1919 3242 gratiae

335 3254 461 3331 Christi,
473 3259 503 3314 et
516 3270 658 3333 quamex
672 3250 836 3330 Augustini
850 3251 939 3312 dictis
952 3252 1100 3314 informa·
1150 3250 1271 3320 Christi,
1300 3253 1338 3314 de
1362 3271 1424 3332 qua
1444 3255 1698 3331 contendebatur,
1724 3255 1917 3335 qualitatem,

202 3360 249 3401 rcus
334 3363 379 3414 re,
393 3364 429 3405 ac
442 3344 573 3424 probare
587 3344 704 3418 studet;
720 3362 759 3404 ex
778 3342 838 3402 illis
850 3343 923 3422 ipsis
936 3344 1100 3424 Augustini
1151 3340 1357 3414 efficientiam,
1373 3364 1409 3406 ac
1421 3346 1641 3425 proprietatem
1654 3346 1920 3408 constituitPela-

179 3423 185 3453 '
210 3423 234 3454 ⁰¹
206 3422 298 3562 ‘osu‘
336 3436 493 3498 sententiis
508 3436 576 3497 talis
594 3454 631 3497 ea
653 3435 823 3508 conficitur,
849 3441 880 3495 et
896 3435 1007 3513 existit,
1031 3455 1100 3516 quae
1149 3434 1219 3512 gius
1242 3435 1351 3514 gratiae
1368 3437 1578 3517 Christique
1600 3438 1726 3518 quidem
1739 3438 1862 3519 proprie
1875 3438 1922 3501 sic

335 3547 399 3589 non
413 3529 511 3605 rudis,
528 3534 559 3590 et
572 3528 716 3588 inchoata
740 3526 789 3601 sit,
814 3526 996 3606 primusque
1015 3530 1101 3590 velut
1149 3528 1288 3597 vocatur,
1318 3525 1529 3587 necessitatem
1548 3526 1697 3605 funditus,
1721 3532 1752 3589 et
1777 3527 1922 3589 universe

334 3627 463 3681 conatus
490 3624 521 3680 et
548 3620 681 3698 impetus
714 3619 899 3697 emergentis
926 3637 964 3679 ex
984 3622 1101 3699 peccati
1150 3615 1292 3691 sustulit;
1307 3635 1445 3679 asserens
1458 3619 1574 3698 absque
1587 3619 1639 3679 illa
1651 3637 1741 3699 posse
1759 3618 1922 3680 hominem

333 3718 416 3773 statu
427 3710 604 3773 voluntatis:
621 3710 896 3772 sedrobustaetad
907 3712 1099 3790 operandum
1151 3724 1216 3767 nou
1229 3709 1366 3770 converti
1379 3709 1481 3771 solum
1503 3711 1543 3771 ad
1562 3712 1677 3786 Deum3
1698 3710 1922 3773 verumetiam

334 3805 451 3880 efficax,
474 3811 505 3865 et
528 3809 638 3883 vegeta
658 3803 742 3864 illius
767 3802 922 3883 impulsio.
946 3803 1045 3876 Quam
1066 3804 1100 3864 in
1151 3798 1320 3877 perlectum
1344 3805 1409 3862 tam
1435 3802 1584 3875 honestae,
1614 3820 1710 3882 quam
1739 3801 1921 3864 sumnam

333 3895 487 3976 plerisque
516 3895 615 3957 citatis
646 3913 685 3957 cr
712 3894 883 3974 Augustino
917 3895 1100 3957 testimoniis
1150 3890 1365 3970 attestatum,
1389 3892 1527 3973 adeoque
1545 3895 1766 3974 sempiternam
1786 3893 1921 3955 saluum

334 3988 482 4067 appellari
505 3988 640 4049 vidimus
653 3985 752 4068 fidere,
769 4005 835 4067 que
850 4005 905 4067 per
925 3984 1100 4050 charitatem
1149 3982 1275 4062 adipisci
1292 3985 1432 4045 :unicui
1446 3991 1515 4045 tum
1535 3986 1574 4047 ad
1591 3986 1681 4065 regni
1699 3984 1827 4047 coelestis
1840 3983 1921 4045 obti-

333 4087 488 4158 operctur3
506 4080 556 4140 vel
573 4077 759 4140 dilectionem
776 4079 875 4150 illam,
901 4096 967 4159 que
987 4079 1100 4160 estple-
1150 4076 1287 4136 nondam
1314 4076 1463 4155 gloriam,
1489 4077 1603 4138 Christi
1630 4077 1740 4138 notitia
1779 4076 1920 4138 absolute

334 4168 438 4231 eitodo
451 4169 532 4250 lepis.
548 4169 729 4249 Cujusmodi
742 4188 817 4232 sane
830 4188 895 4230 non
911 4170 1100 4251 quicumque
1149 4167 1319 4228 necessaria
1341 4167 1385 4227 illi
1407 4168 1472 4229 viss
1492 4168 1555 4229 sit:
1584 4175 1653 4230 tum
1674 4170 1714 4230 ad
1736 4169 1821 4231 idem
1839 4167 1919 4229 illud

333 4267 378 4324 est
391 4261 542 4323 charitatis
555 4261 691 4337 affectus,
716 4280 775 4325 nec
794 4264 953 4341 exiguum,
969 4270 1000 4323 et
1013 4264 1101 4342 quasi
1149 4258 1394 4337 assequendum,
1419 4260 1540 4339 reliqua
1566 4259 1669 4321 omnis
1696 4259 1794 4339 gratia
1818 4258 1919 4338 magis

332 4354 554 4416 adumbratum
578 4354 770 4415 medicinalis
795 4353 902 4434 gratiae
930 4353 1100 4416 lineamen-
1149 4351 1243 4424 utilis,
1259 4368 1353 4430 quam
1362 4351 1544 4412 necessaria.
1556 4351 1765 4431 HancPelagii
1774 4350 1918 4412 heresim

332 4453 425 4508 tum:
451 4447 504 4507 sed
531 4452 672 4507 maturus
700 4445 768 4525 J'am
790 4452 822 4507 et
843 4445 969 4507 adultus
991 4447 1100 4526 gratiae
1147 4443 1252 4517 fuisse,
1268 4442 1354 4504 testis
1368 4442 1480 4522 estqui
1501 4442 1533 4503 id
1552 4442 1669 4522 ubique
1686 4441 1833 4522 predicat
1853 4442 1917 4503 Au-

332 4538 447 4616 vigor;
474 4538 528 4618 qui
558 4537 657 4617 plenis
683 4552 719 4599 ac
748 4538 890 4618 perfectis
914 4537 1032 4598 viribus
1059 4539 1100 4599 ad
1149 4535 1299 4613 gostinus.
1323 4535 1364 4595 Ut
1383 4551 1454 4602 eum
1472 4534 1505 4593 in
1519 4534 1648 4613 epistola
1665 4550 1753 4611 xorv,
1773 4550 1916 4597 «novam

332 4629 488 4707 agendum
498 4628 657 4690 hominem
668 4629 1100 4707 instruat,utadobservanda
1148 4627 1327 4705 quamdam,
1357 4626 1412 4701 ait,
1441 4625 1586 4686 haeresim
1620 4625 1780 4687 inimicam
1806 4624 1916 4704 gratiae

332 4720 388 4780 liei
401 4725 564 4799 precepta,
584 4725 615 4780 et
628 4722 805 4800 exequenda
825 4722 978 4783 virtutum
999 4720 1100 4782 obicis
1149 4718 1263 4779 Christi
1274 4722 1381 4779 contra
1395 4717 1564 4779 Ecclesiam
1579 4716 1694 4777 Christi
1701 4716 1809 4778 conari
1821 4734 1914 4777 exur-

332 4812 533 4873 convalescat.
1148 4827 1232 4889 gere,
1255 4808 1421 4870 hominum
1442 4808 1569 4887 scilicet,
1583 4809 1639 4889 qui
1651 4813 1776 4869 tantum
1798 4807 1915 4869 audent

373 4901 582 4977 Quamobrem
605 4920 678 4964 cum
699 4902 883 4965 alterutrum
905 4904 1020 4965 horum
1046 4921 1100 4964 ne·
1146 4898 1322 4961 infirmitati
1344 4900 1491 4960 humana
1521 4897 1660 4960 tribuere
1687 4899 1857 4979 potestatis,
1879 4902 1916 4958 ut

332 5013 415 5057 cesse
437 4995 500 5070 sit;
522 4993 572 5055 vel
593 4994 796 5057 absurdisime
818 4995 857 5058 de
873 4995 984 5057 Christi
1002 4994 1100 5075 gratia
1147 4992 1207 5053 hoc
1236 4992 1337 5053 solum
1357 4991 1398 5053 ad
1432 4991 1487 5052 Dei
1512 4990 1642 5071 gratiam
1669 4990 1826 5070 pertinere
1839 5007 1915 5051 eon·

332 5086 496 5166 scripsisse,
520 5104 556 5147 ac
570 5085 628 5147 sibi
649 5087 707 5167 ipsi
730 5088 938 5149 contradicere
958 5091 1099 5148 sanetum
1148 5084 1305 5161 tendant,
1341 5082 1425 5164 quod
1451 5100 1524 5144 eum
1558 5082 1656 5144 libero
1691 5080 1845 5158 arbitrio,
1885 5086 1917 5143 et

332 5178 553 5259 Augustinum,
568 5177 593 5239 si
607 5179 868 5241 Armacanibona
884 5178 946 5244 tide
960 5183 1100 5240 mentam
1150 5194 1213 5238 non
1253 5174 1400 5255 peccandi
1440 5173 1642 5255 possibilitate
1674 5173 1768 5237 mesti
1792 5188 1914 5250 sumus,

360 5379 369 5426 l
386 5380 438 5426 tide
448 5391 498 5437 sup.
509 5393 528 5425 e.
542 5389 557 5425 ι.
568 5381 703 5439 parsu-t
715 5381 789 5437 Capu
801 5387 823 5425 ot
835 5391 869 5427 ru·
