4078 6162
330 310 390 372 dit
833 304 1158 371 rumwetecuutt
1182 306 1400 371 uosutwtt

161 489 184 535 st
195 498 240 532 un·
251 491 309 549 seer
332 483 441 541 contra
452 483 573 539 natnroe
591 477 685 538 unius
697 475 873 557 compositae
888 475 1099 552 molitionem,
1149 476 1263 538 mentis
1274 476 1447 556 compositi,
1462 493 1533 556 quia
1546 492 1611 537 non
1621 475 1722 546 aliter,
1736 493 1824 557 quam
1833 495 1892 541 mu.

161 547 309 652 sufficis·
334 588 372 633 ax
381 573 581 650 antiquorum
590 569 719 649 placitis,
728 575 820 649 atque
830 574 986 630 exnatura
994 585 1101 631 rerum
1148 573 1224 645 tata,
1238 569 1428 637 convenirmt
1439 567 1474 629 in
1485 568 1568 628 illius
1580 568 1834 648 compositionem,
1847 588 1894 634 nee

163 656 309 749 ,ξῗξῆξζξω
333 665 401 744 ipsa
417 663 460 724 sic
478 662 654 722 instruitur.
672 661 817 723 Perfecta
832 660 904 724 duae
919 679 970 722 res
997 666 1028 722 et
1040 680 1101 722 na·
1150 677 1260 722 eorum
1274 660 1435 740 quippiam
1449 678 1513 722 esse
1526 660 1640 720 dicitur
1651 660 1775 721 tertium
1784 661 1895 725 illudex

164 763 298 812 misatur.
336 764 429 830 turae,
452 753 486 815 in
505 754 701 815 uniustertiae
710 753 1012 833 coagmentationem
1025 773 1101 815 con-
1150 752 1217 814 istis
1241 751 1421 813 conflatum.
1444 753 1521 831 {Non
1543 751 1627 813 enim
1647 752 1768 830 lignum
1787 762 1895 816 vocatas

333 846 440 909 venire
453 851 625 925 nequeunt,
639 846 699 906 nisi
711 844 977 907 insemutstionis
986 845 1102 925 ahquid
1152 844 1246 922 ignis,
1263 848 1318 904 aut
1330 862 1395 918 aer,
1418 848 1473 905 aut
1490 861 1582 923 aquia,
1603 849 1665 904 aut
1677 849 1759 906 tarra
1770 844 1895 926 denique.

335 939 482 1019 capiant:
507 937 591 1017 quod
617 936 836 998 inclementis
859 938 1007 1013 cerritum,
1032 955 1103 1016 quae
1157 936 1226 996 aAt
1243 935 1276 996 in
1296 936 1472 1012 Salvatore,
1506 936 1608 1016 pergit
1627 935 1699 1010 iile,
1724 946 1791 1017 tion
1805 938 1842 999 ita
1858 955 1897 1000 res

335 1031 427 1093 mista
448 1029 592 1102 invicem,
618 1034 650 1089 et
668 1029 833 1089 immutata
852 1028 947 1089 unius
966 1029 1104 1108 corporis
1152 1027 1247 1089 habet
1259 1048 1266 1088 :
1280 1046 1391 1090 verum
1405 1034 1525 1089 natura
1539 1028 1760 1101 conversionis,
1774 1035 1898 1090 armata

239 1148 243 1155 ·
335 1128 490 1197 naturam,
507 1138 544 1183 ae
557 1120 762 1182 substantiam
777 1121 980 1181 constituunt.
1000 1121 1044 1181 Ac
1064 1138 1104 1181 ne
1152 1119 1247 1181 tionis
1274 1126 1415 1200 expertes
1438 1124 1633 1189 manserunt.
1662 1126 1694 1181 et
1718 1119 1897 1181 indissolubili

335 1215 389 1276 ills
400 1214 538 1294 quidem,
550 1230 619 1290 quae
629 1210 808 1291 imperfecta
817 1217 900 1286 sunt,
911 1217 942 1272 et
949 1212 1106 1273 naturales
1153 1210 1295 1272 unitione
1310 1216 1524 1274 convenerunt
1533 1211 1568 1272 in
1581 1212 1677 1272 unius
1689 1210 1898 1290 hypostasium

335 1306 431 1368 totim
452 1305 626 1384 ouJ'uspiam
648 1308 762 1382 partes,
785 1303 853 1364 sine
875 1303 979 1382 aliqua
1001 1308 1105 1364 muta-
1154 1301 1351 1364 solutionem.
1367 1305 1499 1364 Etnunc
1507 1308 1565 1380 est,
1576 1308 1607 1365 et
1619 1303 1734 1364 dicitur
1742 1309 1898 1364 naturarum

336 1398 434 1470 tione,
457 1397 492 1456 in
510 1396 592 1456 illius
605 1395 705 1456 tartiae
718 1400 838 1457 natura
852 1394 1105 1473 compositionem
1154 1395 1300 1473 quetimt
1313 1396 1348 1455 in
1361 1412 1463 1456 unmn
1472 1395 1730 1469 consociaturum,
1744 1394 1899 1455 mutationis

335 1486 478 1563 veniunt,
493 1486 682 1565 intereaque
696 1486 884 1565 jungvmtnr.
1156 1504 1275 1566 expers.
1301 1487 1347 1549 Ob
1369 1487 1402 1548 id
1424 1486 1579 1567 perfectus
1600 1488 1695 1562 Deus,
1719 1491 1750 1547 ct
1769 1486 1898 1566 periectas

378 1579 465 1641 Utin
478 1578 616 1639 hominis
629 1583 795 1654 structura,
809 1597 879 1657 quae
892 1577 929 1637 fit
943 1595 982 1638 ex
1003 1577 1107 1638 anima
1155 1580 1250 1640 homo
1263 1578 1347 1639 idem
1360 1584 1416 1655 est,
1432 1597 1468 1640 ac
1480 1576 1624 1640 dicisum.
1639 1599 1657 1636 ο

336 1676 368 1733 et
382 1687 521 1749 corpore,
537 1670 597 1730 hoc
611 1673 658 1730 est
671 1669 801 1730 materis
813 1675 844 1729 et
857 1668 968 1742 forma,
984 1669 1107 1729 tametsi
1196 1671 1240 1731 lie
1260 1689 1323 1750 quo
1345 1671 1441 1732 etiam
1463 1671 1657 1732 Ferrnndum
1680 1670 1836 1731 diaconum
1852 1687 1898 1730 aa·

337 1762 532 1841 sempiternce
553 1762 746 1840 sintpertus,
768 1766 800 1821 et
820 1760 1019 1840 incorrupta,
1040 1778 1108 1820 mu·
1156 1762 1223 1823 dire
1235 1767 1359 1842 prestat
1377 1762 1481 1842 docteff,
1503 1767 1536 1822 et
1552 1762 1667 1823 diserte
1680 1761 1870 1841 disputantem
1880 1760 1898 1822 ¹.

336 1854 463 1916 tationis
472 1860 576 1914 tamen
585 1854 618 1913 in
628 1853 758 1913 materia
766 1852 911 1913 nonnihil
920 1852 1105 1928 intervenit;
1161 1854 1331 1915 «Carnem
1358 1855 1474 1934 quippe
1496 1853 1703 1932 suscipiendo,
1724 1854 1776 1921 ait,
1797 1858 1900 1913 nuans

337 1964 408 2025 quoe
429 1946 468 2007 ad
485 1945 619 2007 formam
637 1944 852 2023 excipiendam
873 1944 963 2005 certis
978 1944 1107 2023 qualita-
1156 1946 1317 2022 adunavit,
1333 1963 1398 2006 non
1411 1962 1579 2026 personam
1593 1945 1773 2025 duplicavit.
1792 1944 1901 2004 Naturae

335 2039 419 2099 tibus
436 2043 639 2118 preparatur,
664 2042 695 2097 et
716 2035 945 2115 quodammodo
965 2034 1104 2114 fingitur,
1157 2038 1249 2118 plane
1259 2037 1419 2113 adunavit,
1431 2037 1499 2099 sine
1508 2037 1692 2098 contusione
1699 2041 1899 2116 permenam

336 2148 373 2191 eo
394 2129 574 2190 mutationis
596 2146 722 2208 genere,
742 2127 826 2206 quod
844 2134 990 2204 ἀλλοίωσιν,
1012 2128 1107 2207 vulgo
1156 2136 1188 2191 et
1201 2129 1235 2190 in
1248 2129 1361 2191 scedula
1370 2147 1598 2209 permansuras.
1613 2129 1756 2191 Sicenim
1767 2128 1899 2204 aduoarit,

336 2221 540 2283 alterationem
555 2221 731 2282 nominant.
1157 2226 1195 2282 ut
1207 2239 1265 2283 nec
1282 2222 1427 2283 divinitas
1446 2222 1480 2283 in
1497 2223 1728 2283 humanitatem
1743 2226 1901 2295 maturata,

376 2314 418 2375 At
429 2331 503 2373 vero
516 2318 637 2374 natruae
648 2313 708 2373 illac
720 2312 801 2388 duee,
816 2330 855 2373 ex
868 2311 981 2391 quihus
996 2311 1110 2373 Christi
1158 2331 1217 2375 nec
1228 2313 1408 2374 humanitas
1421 2332 1441 2373 a
1453 2313 1614 2375 divinitate
1626 2312 1849 2386 absorberetur3
1861 2310 1902 2372 sed

337 2422 469 2487 persona
497 2403 672 2480 conflatur,
708 2402 850 2483 perfecta
884 2408 977 2476 sunt,
1008 2421 1110 2483 neque
1161 2411 1293 2485 utraque
1306 2410 1420 2466 natura
1437 2405 1602 2466 incolumis
1626 2404 1784 2472 custodita,
1804 2399 1902 2462 susor-

338 2497 475 2578 partium
504 2496 571 2557 loco
593 2494 709 2557 censeri
734 2500 873 2575 possunt.
908 2515 923 2553 ο
958 2495 1107 2565 Christus,
1159 2497 1236 2558 ficiis
1260 2502 1411 2575 uteretur,
1440 2497 1504 2557 suis
1527 2496 1677 2574 operibns
1693 2496 1900 2574 ‘agnosceretuu

338 2589 441 2668 iuquit
454 2588 645 2666 Augustinus
657 2585 679 2660 ¹,
696 2604 760 2646 uua
772 2602 905 2666 persona
918 2591 965 2646 est
978 2587 1110 2660 gemine
1160 2588 1223 2649 suis
1235 2588 1417 2649 nominibus
1430 2592 1592 2649 vocaretur
1605 2608 1613 2649 :
1634 2592 1836 2648 verumtamen
1846 2603 1901 2664 per·

339 2680 530 2753 substantia,
553 2679 626 2758 quia
645 2682 677 2738 et
696 2679 788 2753 Deus,
810 2677 957 2738 ethome
978 2683 1031 2738 est.
1049 2678 1111 2738 Nec
1159 2679 1244 2741 sonis
1269 2681 1403 2760 propriis
1424 2699 1490 2741 non
1515 2680 1769 2759 distingueretur.
1790 2678 1850 2738 Non
1869 2675 1903 2735 sic

338 2777 445 2833 tamen
465 2773 546 2832 Deus
565 2788 638 2850 pars
651 2768 745 2848 hujus
758 2786 898 2849 personae
913 2768 974 2828 dici
989 2775 1108 2848 potest:
1160 2773 1244 2833 enim
1264 2773 1408 2833 adunate
1427 2778 1500 2833 sunt
1519 2772 1590 2833 duee
1614 2770 1800 2845 saihstantiae,
1818 2767 1903 2828 divim

339 2863 479 2942 alioquin
490 2862 586 2924 Filius
596 2861 654 2923 Dei
664 2861 754 2933 Deus,
767 2864 934 2937 antequam
943 2859 1113 2940 susciperet
1160 2864 1275 2925 scilicet
1289 2872 1320 2924 et
1333 2864 1492 2939 humana3
1508 2866 1546 2924 ut
1562 2864 1655 2925 fieret
1667 2881 1732 2924 nna
1743 2859 1901 2933 substantia;

339 2954 472 3016 formam
491 2953 582 3027 servi,
603 2971 669 3014 non
689 2956 757 3014 erat
777 2955 869 3023 totus,
886 2954 917 3011 et
930 2950 1027 3011 crevit
1040 2970 1112 3013 cum
1161 2955 1215 3016 sed
1229 2959 1265 3015 ut
1277 2955 1461 3016 essetunius
1474 2962 1730 3034 personre,atque
1743 2952 1835 3026 exeis,
1846 2949 1902 3011 etin

340 3046 436 3107 homo
456 3045 609 3106 divinitati
630 3045 696 3123 ejus
715 3042 855 3104 accessit.
870 3062 886 3100 r
903 3042 998 3120 Atqui
1011 3042 1112 3105 mulio
1161 3046 1207 3108 eis
1235 3064 1317 3107 unus
1346 3064 1468 3127 semper
1494 3046 1643 3108 existeret
1666 3046 1806 3107 Christus
1832 3040 1903 3103 Absit

340 3137 373 3198 id
386 3135 592 3198 verosimilius
604 3135 703 3197 videri
714 3138 827 3214 posset,
843 3152 983 3211 personae
998 3134 1113 3196 Christi
1161 3139 1248 3199 enim
1263 3144 1298 3199 ut
1314 3139 1391 3201 dum
1412 3157 1510 3200 unam
1529 3138 1612 3218 cogit
1634 3139 1746 3200 veritas
1764 3135 1902 3216 practicae

341 3234 462 3309 partem
483 3246 548 3289 esse
563 3228 673 3304 Deum,
688 3244 784 3306 quam
799 3231 929 3287 naturae
953 3227 1032 3288 Nam
1045 3245 1113 3307 per·
1161 3247 1339 3310 personam,
1353 3230 1431 3291 duas
1439 3231 1609 3292 audeamus
1621 3246 1736 3306 negare
1747 3233 1867 3289 neutras.
1875 3222 1902 3282 Si

341 3337 462 3393 sonum,
484 3326 520 3382 ut
538 3320 631 3400 paulo
651 3325 723 3381 ante
737 3318 877 3394 memini,
893 3318 992 3381 Graeei
1004 3320 1114 3380 Patres
1162 3322 1246 3383 enim
1264 3328 1384 3383 creator
1400 3321 1500 3384 factus
1520 3327 1567 3383 est
1586 3327 1739 3397 creatum,
1756 3316 1902 3380 suatum

242 3405 247 3413 ’
341 3413 405 3476 iere
425 3422 551 3490 σύνθετον,
573 3412 607 3473 id
627 3419 671 3473 est
689 3410 874 3491 compositam
896 3428 961 3472 esse
984 3410 1109 3473 dicunt:
1160 3410 1278 3473 factum
1300 3420 1346 3474 est
1365 3432 1448 3489 caro,
1466 3414 1492 3474 si
1511 3415 1593 3474 Deus
1604 3413 1715 3474 hehitu
1727 3409 1903 3472 inventusest

341 3506 381 3567 de
408 3523 471 3584 quo
493 3509 616 3584 postea,
641 3509 787 3565 naturam
810 3521 885 3564 vero
911 3504 1113 3583 compositam
1162 3505 1313 3581 uthomo,
1325 3523 1384 3566 nec
1392 3511 1512 3567 creator
1521 3504 1632 3576 creari,
1643 3503 1902 3566 necVerhumcam

273 3640 278 3649 ·
342 3614 437 3658 nemo
460 3596 610 3657 hactenus
631 3596 686 3674 qui
709 3596 825 3656 diceret
844 3600 891 3656 est
912 3594 1038 3656 illorum
1059 3613 1112 3656 re·
1161 3595 1242 3672 fieri,
1257 3614 1314 3658 nec
1328 3598 1413 3658 Dens
1427 3615 1493 3658 esse
1506 3596 1714 3677 potuithomo
1727 3588 1903 3655 unadtatu
1989 3626 1990 3629 =

342 3693 460 3770 pertus.
476 3688 546 3749 Non
559 3692 659 3767 potest
672 3687 767 3766 igitur
779 3704 852 3767 pars
865 3687 1015 3767 appellari
1028 3705 1112 3748 com-
1162 3688 1354 3767 susceptione
1375 3693 1515 3764 naturae;
1541 3694 1572 3749 et
1593 3687 1621 3749 si
1644 3687 1740 3748 altera
1760 3687 1903 3746 mineum
1989 3674 1990 3685 ’

343 3783 449 3842 munis
463 3780 558 3841 ullius
567 3780 601 3839 in
612 3779 731 3840 Christo
745 3783 866 3840 naturae
878 3779 970 3839 Deus.
985 3779 1047 3840 Sed
1056 3796 1114 3840 nec
1162 3786 1318 3860 suscepta,
1341 3780 1412 3841 dna
1438 3787 1512 3841 sunt
1538 3778 1676 3859 proiecto
1702 3783 1832 3850 natura,
1852 3787 1903 3833 mu

343 3872 438 3934 homo
452 3876 572 3951 potest:
587 3870 641 3949 qui
655 3875 688 3931 et
697 3870 764 3949 ipse
776 3856 928 3949 perfectus
941 3874 997 3945 est,
1012 3888 1114 3949 neque
1162 3889 1237 3932 una.
1252 3893 1268 3930 ο

343 3981 442 4044 perse
453 3981 489 4024 ac
498 3968 611 4024 nature
619 3980 675 4023 sua
683 3962 717 4023 id
726 3961 868 4040 requirit,
876 3967 911 4021 ut
921 3979 993 4022 cum
1002 3962 1112 4037 altero,
1202 3964 1241 4025 X.
1263 3964 1343 4024 Hinc
1361 3962 1489 4024 tertium
1508 3963 1610 4025 existit
1629 3967 1847 4043 argumentum,
1863 3951 1903 4015 vel
1919 3944 1990 4051 ⁸³22*

344 4055 461 4116 nedum
472 4071 545 4115 cum
558 4056 621 4115 lico
634 4052 823 4115 substantive
836 4069 1004 4130 connexus,
1020 4058 1114 4133 atque
1162 4056 1358 4135 superiorum
1375 4055 1478 4136 potius
1491 4057 1649 4135 appendix
1666 4058 1805 4121 duorum,
1819 4063 1903 4125 0¹⁸1>
1919 4058 1990 4152 wip}

344 4153 446 4227 aptus,
460 4164 559 4207 unam
572 4145 685 4207 efficiat
697 4144 912 4205 substantiam.
1162 4146 1326 4227 pellatione
1341 4147 1409 4226 ipsa
1422 4147 1608 4208 deductum:
1621 4143 1902 4227 quotcmuustm
1928 4124 1978 4206 ”ie

384 4238 439 4299 IX.
462 4237 624 4317 Eleganter
641 4237 736 4315 hrrjus
753 4235 819 4296 vim
838 4236 1115 4311 argumentationis
1164 4240 1328 4318 separatim
1345 4239 1452 4314 homo,
1472 4238 1523 4299 vel
1535 4240 1616 4299 Deus
1630 4240 1759 4312 dicitur;
1772 4242 1834 4296 tum
1843 4246 1901 4291 cor
1927 4218 1990 4320 ff}

345 4330 492 4410 explanat
509 4330 650 4390 cruditus
673 4346 708 4395 ac
729 4327 842 4407 politus
857 4327 997 4406 scriptor,
1013 4328 1114 4389 Theo·
1160 4329 1296 4408 junctim
1310 4331 1392 4390 Deus
1403 4335 1434 4390 et
1446 4329 1555 4406 homo,
1570 4331 1655 4409 quod
1668 4329 1799 4411 profecto
1812 4321 1855 4384 rel
1871 4317 1902 4377 ab

345 4420 453 4482 manus
466 4421 500 4481 in
520 4419 726 4501 disputatione
748 4424 853 4480 eontra
874 4418 1024 4480 Armenes.
1045 4439 1060 4476 a
1081 4419 1114 4480 Si
1163 4420 1408 4501 pervicacissimo
1426 4439 1562 4500 qnoque,
1586 4422 1642 4500 qui
1664 4422 1787 4501 quidem
1798 4409 1902 4496 pudoris

346 4525 503 4587 naturam,
519 4513 573 4587 ait,
592 4529 690 4572 unam
702 4510 779 4571 diois
791 4509 1006 4589 compositam,
1017 4516 1117 4570 muta·
1164 4529 1238 4573 cum
1257 4515 1377 4573 ratione
1397 4512 1542 4572 nonnihil
1560 4512 1686 4589 habeat,
1709 4507 1902 4573 murmurem

346 4605 478 4676 tionem,
499 4608 531 4665 et
547 4603 763 4665 confusionem
782 4601 903 4663 inducis
920 4607 1114 4678 naturarum,
1165 4604 1311 4683 exprimit
1332 4609 1515 4665 naturarum
1538 4605 1691 4680 duarnm3
1713 4618 1802 4663 arnam
1817 4600 1901 4658 cirtem

230 4771 233 4778 .
349 4714 388 4758 ex
403 4696 515 4774 quibus
532 4714 597 4756 una
611 4700 658 4755 est
671 4694 841 4772 composita
853 4693 932 4754 iacta
945 4700 1056 4755 natura
1068 4704 1113 4756 α.»
1165 4712 1279 4774 negare
1299 4696 1390 4774 cogit.
1416 4696 1485 4758 Non
1506 4695 1590 4756 enim
1608 4695 1747 4756 Christus
1767 4688 1902 4752 homnem

350 4787 464 4849 Probet
475 4788 535 4849 hoc
548 4786 690 4867 deinceps
701 4785 842 4865 exemplo
857 4785 995 4862 corporis
1008 4804 1047 4848 ex
1059 4786 1119 4848 ele-
1165 4785 1305 4848 absolute
1323 4804 1355 4847 se
1373 4786 1506 4848 diceret:
1521 4804 1588 4848 non
1601 4789 1682 4848 Deus
1694 4786 1766 4848 item
1779 4782 1809 4842 in
1820 4773 1902 4852 Sidi·

383 4991 404 5032 a
421 4975 525 5032 Tarax.
542 4978 609 5029 tom.
625 4971 807 5029 illiciter.
827 4970 858 5026 Ei
875 4973 933 5044 μίαν
947 4972 1016 5044 φύσιν
1031 4973 1113 5028 ciris·
1162 4972 1216 5028 καθ’
1230 4973 1316 5028 ἕνωσιν
1331 4972 1496 5029 ἀδιάσπαστον
1515 4972 1548 5038 εἰς
1564 4975 1622 5046 μιᾶς
1635 4970 1802 5045 συμπλήρωσιν
1813 4956 1901 5018 im·

345 5077 389 5114 τον
407 5059 495 5132 λέγεις,
509 5056 612 5130 τροπὴν,
627 5057 669 5109 καὶ
689 5056 805 5129 σύγχυσιν
820 5053 922 5129 εἰσάγεις
940 5061 990 5110 τῶν
1008 5055 1112 5128 φύσεων,
1163 5076 1234 5119 esaie.
1250 5057 1291 5110 καὶ
1303 5062 1345 5110 νῦν
1360 5058 1401 5111 καὶ
1418 5057 1480 5121 ἔστι,
1497 5057 1538 5110 καὶ
1553 5057 1661 5129 λέγεται,
1676 5054 1762 5120 ἑκάστη
1774 5055 1819 5105 τῶν
1831 5041 1900 5098 aad·

347 5140 371 5204 ἔξ
384 5137 420 5196 ὧν
433 5141 449 5210 ἡ
461 5142 506 5215 pia
514 5140 626 5203 σύνθετος
639 5138 734 5212 ἐγένετο
743 5139 820 5211 φύσις.
1161 5140 1255 5194 toarni
1267 5140 1360 5211 φύσεων
1372 5139 1551 5213 ἄμετάὸλητος,
1559 5139 1598 5193 ut
1611 5140 1701 5202 τέλειος
1711 5135 1770 5199 θεὸς,
1779 5130 1816 5185 et
1826 5125 1901 5196 liiii*

383 5227 400 5282 d
418 5223 489 5281 ibit.
512 5223 573 5278 ‘Exi
582 5222 609 5277 δὲ
624 5226 668 5278 τοῦ
679 5225 788 5295 σωτῆρος
801 5221 944 5296 rigettus.
960 5220 1025 5275 ἀλλὰ
1042 5240 1114 5294 μεμε·
1162 5241 1207 5285 τος
1221 5222 1366 5285 desisteret
1379 5222 1441 5291 ἔστι,
1453 5224 1494 5276 καὶ
1503 5222 1610 5296 λέγεται.

346 5309 446 5378 timu
462 5308 487 5362 ai
500 5307 581 5378 φύσεις
589 5306 714 5379 ἄτρεπτον,
723 5305 763 5360 καὶ
773 5304 947 5371 ἀναλλοίωτον,
955 5302 1113 5360 συνελθοῦσαι

374 5453 384 5496 t
401 5453 458 5506 Aug.
470 5450 556 5496 littori
573 5451 631 5496 Ισσ.
644 5461 664 5494 e.
675 5449 747 5495 ιμ’
760 5448 786 5493 1ο
797 5458 833 5505 ep.
843 5447 872 5492 od
885 5449 934 5496 Ser.
948 5453 964 5492 t.
979 5447 1076 5495 metit.
