3994 6164
336 296 394 357 les
848 294 1176 358 THEOLOGlCORUM
1196 295 1413 358 DOGMATUM

334 463 462 543 phorus.
491 462 531 522 nt
555 459 687 541 cyrillus
713 461 903 523 Dorotheum
923 462 1101 541 episcopum
1152 462 1224 523 terii
1250 461 1469 536 (theudonem,
1497 478 1534 521 ac
1558 457 1754 521 simultatem
1779 458 1907 523 incurrit.

337 558 443 615 contra
467 553 630 634 Deiparam
655 553 842 615 declamasse
875 554 1033 631 primum,
1068 555 1103 614 in
1153 554 1256 616 Refert
1276 554 1370 615 ctiam
1404 550 1574 632 Cyrillus⁸,
1603 568 1679 612 cum
1707 551 1860 612 Nestorius
1881 555 1910 613 in

338 644 473 726 epistolis
487 645 591 721 refert,
606 649 637 706 ct
651 646 846 707 «anathema
860 648 889 707 ci
900 647 1025 723 dixisse,
1049 645 1104 725 qui
1153 646 1286 708 Ecclesia
1298 645 1395 725 impia
1401 645 1547 724 quadam
1561 648 1591 703 et
1603 643 1784 705 execranda
1796 644 1911 720 garriret

338 738 370 799 S.
400 738 528 798 Mariam
556 736 720 817 Deiparam
740 740 975 800 nominaretm
1006 739 1104 812 Quem
1153 743 1262 799 contra
1283 737 1394 799 Christi
1408 735 1614 811 divinitatem,
1630 734 1749 796 laicum
1761 737 1910 813 quemdam

338 829 464 909 quidem
487 830 689 906 Dorotheum,
712 831 744 891 in
762 830 892 910 epistola
912 828 952 890 ad
970 828 1103 894 celesti-
1154 827 1294 891 emedia
1315 828 1409 889 turha
1435 832 1551 907 quanta
1577 831 1705 906 poterat
1730 827 1910 889 contentione

338 940 421 998 uum,
434 928 570 1002 quaestus
585 941 677 984 causa
690 923 838 984 assentari
848 922 984 997 solitum,
999 941 1035 982 ec
1046 922 1105 982 lin·
1153 922 1237 983 uocis
1258 921 1462 983 exclamasse:
1492 920 1668 981 «Verbum
1689 918 1830 981 divinum
1852 925 1913 981 ante

338 1031 402 1093 gua
419 1021 600 1095 promptum
619 1014 723 1088 fuisso,
744 1015 827 1076 idem
846 1015 980 1095 cyrillus
1000 1015 1105 1075 ohser—
1154 1014 1551 1093 saeculagcnitumaPatre,
1562 1011 1912 1093 alteramsubiissegeue

337 1103 414 1167 vat¹.
430 1107 468 1167 Et
481 1106 514 1167 in
535 1113 645 1168 octava
667 1106 797 1183 epistola
814 1107 958 1169 meminit
975 1110 1105 1167 Anasta·
1154 1107 1309 1168 rationem
1318 1106 1491 1168 secundum
1503 1122 1643 1178 caruem,
1660 1108 1693 1165 ct
1709 1122 1748 1167 ex
1760 1105 1909 1166 munere.»

339 1199 375 1259 sii
388 1198 570 1279 presbyteri,
582 1217 675 1278 quern
683 1198 1104 1273 Nestoriilautoremindicat,
1156 1199 1224 1273 Quo
1238 1199 1354 1275 audito,
1371 1198 1496 1259 varium
1507 1215 1544 1258 ac
1559 1198 1730 1258 dissonum
1741 1197 1912 1258 inconcione

339 1295 371 1351 et
383 1291 423 1351 ab
435 1309 471 1352 eo
494 1309 526 1352 sc
549 1291 737 1352 calumniose
759 1293 937 1353 traductum
955 1291 1106 1371 queritur.
1155 1309 1300 1352 murmur
1326 1295 1471 1351 exortum
1497 1307 1583 1366 csse,
1619 1289 1691 1350 aliis
1704 1288 1911 1363 laudantibus,

338 1382 420 1443 Fieri
433 1387 543 1463 potest,
559 1383 790 1463 utahutroque
809 1383 915 1463 impiae
928 1383 1109 1444 temeritatis
1156 1383 1225 1444 aliis
1248 1383 1463 1445 trementibus.
1488 1382 1670 1443 Nestorium
1695 1400 1771 1443 vero
1793 1380 1912 1442 acribilc

338 1474 416 1535 illud
436 1475 593 1555 specimen
607 1476 726 1537 editum
747 1475 932 1546 interitura
951 1477 1107 1556 episcope,
1157 1476 1322 1555 percitum,
1343 1481 1450 1537 ronna
1470 1475 1733 1554 intempestivum
1746 1474 1913 1535 monitorem

340 1567 437 1628 altero
465 1570 654 1647 presbytera.
685 1569 911 1648 Theophanes,
940 1587 979 1629 ex
1012 1585 1109 1646 eoque
1157 1567 1298 1648 linguam
1311 1587 1400 1630 suam
1409 1568 1575 1630 exacuisse.
1591 1567 1655 1630 Sed
1663 1566 1736 1627 laici
1744 1565 1911 1646 illiuspiam,
1971 1590 1972 1603 ¹

341 1658 634 1741 Cedrenusnarrant
647 1661 823 1722 Nestorium
832 1660 990 1721 homiliam
1004 1677 1111 1740 quam·
1159 1666 1190 1721 et
1214 1661 1400 1723 Catholicam
1423 1659 1695 1741 prescriptionem
1716 1657 1851 1738 pluribus
1862 1657 1912 1718 ibi·

341 1751 414 1812 dam
427 1751 465 1813 de
479 1752 541 1813 fide
559 1752 724 1831 legendam
738 1753 778 1813 ad
792 1752 945 1833 populum
965 1751 1109 1831 syncello
1160 1754 1231 1814 dem
1245 1754 1409 1815 confirmat
1427 1753 1573 1833 Cyrillus,
1594 1769 1695 1833 quam
1708 1756 1740 1812 et
1759 1751 1815 1811 hac
1827 1748 1913 1828 Vigilii

341 1844 539 1920 suodedisso,
556 1846 590 1906 in
604 1864 665 1925 qua
678 1845 773 1907 verba
790 1846 844 1906 illa
857 1844 1109 1922 continebantur,
1159 1847 1313 1908 mutantia
1347 1845 1547 1908 corroborare
1581 1861 1750 1925 possumm
1782 1861 1819 1904 ex
1847 1841 1912 1902 libro

341 1955 376 1998 ac
403 1937 541 2018 primum
565 1938 707 1998 omnium
740 1937 910 1999 Eusebium
944 1936 1109 2016 quemdam
1160 1939 1295 2001 secundo
1321 1947 1427 2000 contra
1453 1936 1636 2020 Eutychen:
1673 1963 1687 1990 ι
1713 1938 1835 1998 Certum
1858 1938 1910 2007 est,

340 2028 544 2110 imperatricis
562 2030 778 2092 scholasticum
788 2029 1011 2109 blasphemiam
1028 2029 1110 2089 illam
1160 2031 1272 2111 inquit,
1289 2030 1457 2093 Dominum
1466 2031 1483 2092 J
1486 2048 1574 2091 esum
1589 2029 1753 2092 Christum
1764 2026 1913 2090 secundum

278 2188 281 2195 ,
340 2122 488 2201 arguisse.
499 2122 1006 2196 Quemadmodumetllnastasium
1015 2123 1109 2183 Euse-
1162 2123 1353 2185 catholicam
1366 2124 1471 2201 fidem,
1483 2130 1514 2185 et
1523 2122 1911 2203 praeconiaScripturarum,

340 2213 411 2274 hius
430 2214 507 2275 alter
521 2214 654 2294 Dorylaei
667 2215 826 2295 episcopus
839 2215 1002 2288 accusavit,
1018 2214 1044 2275 is
1058 2212 1111 2293 qui
1162 2216 1239 2277 duas
1252 2215 1367 2279 habere
1381 2216 1568 2291 nativitates,
1588 2233 1690 2276 unam
1703 2215 1742 2276 de
1760 2214 1843 2273 Patre
1860 2210 1912 2271 sinc

342 2305 503 2385 Eutychen
526 2305 637 2386 viginti
663 2307 783 2368 circiter
809 2313 879 2387 post
905 2307 995 2368 annis
1022 2325 1111 2368 reum
1161 2314 1313 2390 tempore,
1334 2310 1464 2371 alteram
1485 2308 1523 2369 de
1541 2313 1644 2369 matre
1666 2308 1734 2368 sine
1754 2306 1870 2376 semiue,
1888 2304 1913 2360 et

341 2399 518 2479 postulavit.
1161 2403 1274 2463 harum
1299 2402 1497 2463 nativitatum
1519 2405 1689 2480 utramque
1717 2414 1822 2479 gerens
1833 2401 1911 2456 nalu-

382 2492 438 2553 VI.
458 2492 614 2553 Ceterum
644 2491 698 2553 illa
730 2510 791 2552 vox
824 2490 918 2552 simul
947 2496 1040 2571 atque
1065 2495 1112 2552 est
1162 2513 1241 2571 ram,
1257 2493 1316 2555 Dei
1333 2493 1459 2571 scilicet,
1483 2494 1597 2573 quade
1617 2495 1713 2554 Patre
1727 2488 1912 2560 murata

343 2580 459 2659 audita,
473 2601 603 2662 magnos
609 2583 643 2643 in
656 2583 773 2664 populo
784 2583 945 2660 clamores,
956 2584 1114 2644 actumul-
1162 2587 1307 2655 hominis,
1325 2606 1388 2666 qua
1402 2592 1449 2648 est
1462 2586 1501 2647 de
1515 2591 1617 2647 matre
1634 2583 1823 2666 progenitas,
1834 2594 1910 2651 unua

343 2680 393 2736 tus
407 2675 559 2737 excitavit.
585 2674 746 2737 Nestorius
768 2693 841 2737 vero
865 2676 942 2737 adeo
957 2676 1114 2737 temerita-
1162 2679 1308 2760 idemque
1321 2681 1402 2740 Deus
1416 2687 1447 2740 et
1463 2679 1559 2739 homo
1576 2683 1625 2738 cst
1638 2676 1785 2739 Christtm
1804 2669 1912 2735 Gemina

344 2772 407 2828 tem
424 2767 527 2845 istam,
547 2768 803 2848 impietatemque
823 2786 888 2828 non
910 2769 1064 2848 repressit,
1079 2774 1115 2828 ut
1163 2772 1249 2833 enim
1272 2772 1417 2833 nativitas
1443 2771 1602 2850 geminam
1628 2770 1686 2831 uni
1712 2767 1825 2829 Christo
1843 2759 1912 2821 dedii
1971 2760 1972 2775 ¹

345 2860 439 2922 etiam
452 2861 603 2934 laudaret,
626 2861 716 2940 eique
740 2861 972 2940 suffragaretur.
993 2862 1072 2921 Nam
1084 2866 1115 2922 ct
1164 2871 1321 2938 naturam,
1338 2865 1414 2925 dum
1426 2863 1570 2942 quilleus
1578 2867 1626 2924 est
1638 2863 1678 2924 de
1692 2860 1790 2931 Patre,
1805 2855 1876 2918 idem
1888 2854 1912 2911 et

344 2953 475 3015 subinde
489 2952 710 3027 Dorotheum¹,
735 2959 803 3034 post
822 2971 998 3014 sermonem
1011 2953 1112 3022 illum,
1163 2957 1259 3017 homo
1273 2962 1320 3017 est
1332 2956 1370 3017 dc
1385 2961 1496 3017 matre.
1512 2976 1528 3013 υ

345 3046 385 3106 ad
400 3046 620 3126 mysteriorum
643 3045 899 3106 communionem
915 3046 1067 3121 adhibuit,
1087 3052 1117 3106 et
1205 3049 1289 3111 Inter
1301 3049 1369 3109 haec
1382 3047 1515 3109 Nestorii
1533 3046 1674 3108 homiliae
1686 3041 1797 3124 passim
1812 3034 1910 3112 disits·

346 3139 412 3218 ipse
433 3138 611 3218 frequenter
633 3139 672 3199 ad
685 3137 838 3218 populum
856 3138 952 3198 verba
969 3137 1113 3215 faciens³,
1165 3138 1241 3217 sse',
1280 3144 1315 3201 ut
1349 3144 1421 3201 sunt
1450 3140 1595 3200 homines
1630 3150 1783 3199 novarum
1812 3138 1909 3223 rerum,

345 3230 455 3292 eadem
474 3230 665 3311 predicavit,
687 3230 842 3310 plerisque
862 3231 1116 3292 communionem
1165 3232 1302 3295 maxime
1324 3232 1364 3293 ad
1382 3232 1565 3312 religionem
1578 3228 1801 3312 spectantium,
1814 3214 1910 3296 cupidi,

346 3321 428 3383 illius
446 3323 645 3397 evitantibus,
665 3340 700 3383 ac
730 3323 835 3384 statim
862 3328 897 3383 ut
922 3324 1114 3398 Anastasius,
1166 3325 1382 3406 inAEgyptum
1396 3325 1613 3406 perlataesunt,
1627 3311 1909 3411 acplerosqueleres

348 3414 560 3476 Dorotheusre
571 3414 693 3495 publice
715 3415 767 3475 illa
778 3416 916 3495 jactavit,
932 3415 971 3475 ab
985 3416 1119 3477 Ecclesia
1167 3423 1198 3479 et
1211 3418 1366 3497 simplices
1376 3418 1410 3478 in
1427 3435 1576 3491 errorem,
1592 3423 1648 3477 aut
1668 3419 1750 3477 certe
1769 3403 1910 3504 dubitant

348 3506 503 3586 digressis.
519 3507 652 3588 Cyrillus
666 3512 760 3584 certe,
779 3508 833 3586 qui
846 3508 914 3569 hac
929 3508 968 3568 ad
979 3507 1115 3569 Caelesti·
1167 3528 1241 3571 nem
1270 3510 1474 3590 impulerunt.
1504 3508 1621 3583 Quibus
1646 3504 1774 3579 auditis,
1801 3489 1910 3575 Cynllttt

348 3618 427 3661 num
448 3598 569 3676 scribit,
590 3599 741 3676 affirmat,
770 3620 785 3657 a
806 3599 1117 3679 Constantinopolita-
1167 3602 1365 3664 Alexandriae
1397 3602 1513 3682 praesul
1552 3601 1716 3681 epistolam
1748 3586 1855 3669 scriptit
1881 3576 1911 3639 “d

349 3708 427 3752 num
452 3691 605 3771 populum
631 3691 838 3766 universum,
867 3696 979 3770 praeter
1002 3710 1117 3770 paucos
1167 3695 1330 3775 AEgyptios
1343 3695 1512 3756 monachos
1524 3692 1548 3771 ⁸,
1562 3712 1626 3772 qua
1641 3692 1711 3754 illos
1723 3689 1824 3750 contnt
1834 3675 1910 3757 pestr-

347 3784 442 3858 leves,
457 3801 493 3845 ac
506 3801 603 3845 vanos
621 3783 775 3862 homines,
788 3789 819 3843 et
832 3783 965 3844 Nestorii
978 3790 1116 3845 assenta·
1168 3787 1284 3848 lentem
1312 3787 1459 3849 haeresim
1492 3785 1684 3867 praemunire
1716 3780 1836 3842 conatut
1852 3767 1910 3870 ‚tiit

349 3882 475 3951 torcs‚a
496 3876 717 3937 communione
741 3876 808 3954 ejus
832 3874 1034 3952 abstinuisse,
1061 3895 1120 3938 nec
1168 3879 1256 3941 nulla
1269 3879 1403 3940 auctoris
1426 3879 1505 3940 iacta
1519 3880 1690 3940 mentione.
1712 3868 1806 3949 Hujus
1817 3860 1909 3941 Θ1111)·

349 3987 413 4030 nou
434 3969 621 4031 Monasteria
633 3968 749 4039 omnia,
775 3973 929 4028 eteorum
947 3968 1119 4030 archimen·
1168 3972 1208 4034 lae
1222 3972 1374 4033 nonnulla
1395 3971 1698 4051 Constantinopolim
1715 3955 1910 4037 exemplariter·

350 4060 470 4122 datast.
479 4086 493 4115 a
506 4061 682 4127 Quinetiam
697 4060 822 4122 Procius
835 4060 889 4140 qui
902 4066 1008 4140 postea
1021 4061 1119 4122 Cons-
1168 4070 1334 4126 venerunt.
1351 4064 1471 4139 Quibus
1490 4063 1577 4125 lectis
1590 4060 1764 4142 complures
1775 4052 1807 4112 in
1819 4039 1909 4136 Caih⁰j

349 4152 642 4232 tantinopolitanam
659 4153 764 4215 sedcun
782 4152 916 4225 obtinuit
924 4154 947 4226 ³,
966 4154 1066 4233 Cyzici
1080 4153 1119 4215 ab
1169 4157 1228 4220 lica
1247 4157 1309 4219 fide
1332 4155 1507 4219 confirmati
1530 4162 1604 4217 sunt
1625 4162 1719 4234 atque
1740 4140 1818 4209 haud
1839 4144 1910 4240 11111

352 4244 489 4307 Sisinnio
516 4244 696 4322 designatus
715 4245 874 4326 episcopus
897 4246 950 4307 sed
973 4246 1121 4326 apopulo
1169 4253 1335 4333 principes,
1352 4258 1383 4311 et
1392 4250 1594 4330 magistratus
1606 4246 1727 4328 scriptis
1740 4239 1778 4303 ad
1786 4225 1910 4313 Ciffflum
1971 4248 1972 4323 J

351 4338 491 4418 rejectus,
506 4343 538 4399 et
549 4337 817 4419 Constantinopoli
826 4345 894 4399 tum
907 4338 1033 4418 degens,
1049 4358 1121 4413 cum
1170 4341 1292 4416 litteris,
1308 4343 1337 4403 ei
1351 4342 1464 4421 gratias
1476 4347 1618 4420 egerunt.
1971 4352 1972 4421 j

352 4430 513 4493 Dominica
539 4431 674 4510 quadam
708 4431 759 4493 die
792 4431 974 4492 concionem
1005 4431 1122 4494 hahere
1211 4434 1258 4494 Ex
1269 4433 1318 4494 his
1330 4433 1480 4495 refellitur
1494 4433 1578 4513 quod
1596 4417 1806 4495 Proedestinati
1823 4411 1909 4474 aanor

351 4528 477 4601 rogatus
499 4528 578 4584 θεεθῖ
590 4530 742 4603 praesente
764 4521 933 4599 Nestoriot,
961 4541 1031 4584 eam
1045 4525 1124 4585 dixit
1172 4525 1206 4587 in
1219 4526 1404 4605 octogesima
1416 4545 1501 4587 nona
1513 4524 1638 4602 haeresi,
1653 4538 1722 4604 quaa
1736 4520 1779 4578 cst
1790 4506 1908 4571 Natali

354 4614 512 4675 homiliam
526 4614 561 4676 de
576 4614 714 4689 laudibus
729 4616 764 4678 B.
788 4616 928 4697 Virginis,
948 4635 1019 4696 quse
1034 4617 1123 4679 initio
1173 4618 1267 4679 rclert
1292 4639 1307 4678 a
1334 4617 1533 4680 Consuetudo
1561 4622 1617 4691 est,
1646 4612 1755 4693 inquit.
1784 4606 1815 4662 1¹*
1829 4599 1909 4691 ΜΨ
1971 4656 1972 4669 υ

194 4719 317 4777 aetram
355 4707 1121 4790 conciliiEphesinipraefixalegitur,inquoteortsoo
1173 4715 1340 4772 tractatum
1353 4728 1447 4771 suum
1462 4682 1908 4791 episeopusalexanhtnutmtt·

355 4798 489 4861 Mariam
500 4800 661 4880 Virginem
673 4802 856 4864 nominavit.
871 4803 918 4863 Ex
931 4803 1124 4882 quoinNee
1173 4807 1219 4864 tat
1247 4803 1287 4864 ad
1315 4801 1624 4882 Constantinopolim,
1653 4798 1707 4881 qui
1733 4789 1862 4854 reantur
1881 4782 1908 4828 ω

391 5006 412 5047 a
430 4991 496 5047 Ctn.
513 5005 556 5062 ep.
573 5005 611 5047 tl.
622 4985 672 5045 Tot
684 4987 761 5045 καλοῦ
772 4992 899 5065 Δωροθέου
914 4995 956 5046 τοῦ
970 4990 1124 5047 ’Euandros
1172 4994 1230 5055 τους
1243 4993 1320 5055 lauba
1333 4997 1377 5060 τῆς
1390 4992 1680 5057 Κωνπυυτιυυυπόλεως,
1698 4983 1758 5050 πλὴν
1776 4973 1853 5042 Otii‘tw
1865 4958 1908 5012 Β*

354 5080 465 5147 φανερῶς
477 5074 603 5147 λέγοντος·
623 5072 730 5147 ἀνάθεμα
744 5072 766 5128 εἴ
786 5094 822 5138 τις
836 5070 898 5129 εἶναι
910 5075 976 5148 λέγει
994 5074 1037 5143 τὴν
1052 5075 1124 5148 ἇχίαυ
1173 5076 1310 5149 φρατέρων,
1324 5078 1365 5129 καῖ
1380 5082 1430 5131 τῶν
1450 5077 1633 5131 κολακευόντων
1647 5071 1730 5136 αὐτὸν,
1740 5064 1769 5118 τὰ
1780 5057 1805 5113 bi
1813 5036 1910 5166 Q

358 5154 458 5232 Μαρίαν
473 5157 598 5225 ⁰²0²⁶½0V2
612 5157 733 5228 81111181·
749 5175 786 5214 111.
1175 5178 1215 5233 ρια
1228 5161 1316 5234 σχεδὸν
1331 5161 1436 5227 ἅπαντα,
1462 5160 1503 5213 καὶ
1523 5158 1547 5213 oi
1570 5159 1663 5214 τούτων
1688 5138 1901 5226 (1ρχιρθινδειτυιι,111

392 5241 409 5299 ὁ
428 5243 495 5300 Ctn.
511 5241 591 5313 epist.
607 5257 644 5297 11.
659 5240 735 5297 “licre
756 5241 797 5295 ml
812 5245 853 5296 υῦυ
869 5240 1049 5306 ἀπυσυνάυιτους
1063 5237 1126 5296 εἶναι
1174 5247 1218 5312 τῆς
1233 5244 1370 5316 συγκλήτου
1379 5243 1479 5307 πολλοὶ,
1492 5242 1520 5296 cit
1535 5243 1689 5315 συνάγονται.

382 5405 935 5464 1sp.a.-sayr.0p.v1.-asor.r.r11‚0.
949 5406 1067 5453 una-r
1081 5406 1136 5451 rara.
1150 5418 1199 5464 ap.
1214 5408 1343 5453 rma-s
1354 5408 1434 5464 nup.
1449 5407 1541 5452 cara.
1553 5405 1593 5452 rra.
1602 5405 1656 5459 nr,
1665 5413 1713 5458 ar.
1724 5401 1777 5440 mu
1786 5374 1905 5432 111111·

356 5468 371 5513 a
386 5468 434 5526 cyr.
443 5469 483 5515 rra.
495 5469 574 5517 ram.
585 5471 694 5517 rim-r
709 5470 758 5527 aa.
772 5469 897 5527 sara-a
910 5469 1061 5527 suparatur
1074 5470 1302 5527 taratantara
1315 5471 1393 5528 apua.
1408 5471 1474 5517 conc
1484 5469 1561 5517 arrasa
1576 5467 1699 5527 paruolae
1712 5455 1785 5520 pac
