<?xml version="1.0" encoding="UTF-8"?>
<!DOCTYPE html PUBLIC "-//W3C//DTD XHTML 1.0 Transitional//EN"
    "http://www.w3.org/TR/xhtml1/DTD/xhtml1-transitional.dtd">
<html xmlns="http://www.w3.org/1999/xhtml" xml:lang="en" lang="en">
 <head>
  <title>
</title>
<meta http-equiv="Content-Type" content="text/html;charset=utf-8" />
  <meta name='ocr-system' content='tesseract 3.04.00' />
  <meta name='ocr-capabilities' content='ocr_page ocr_carea ocr_par ocr_line ocrx_word'/>
</head>
<body>
  <div class='ocr_page' id='page_1' title='image "./dogmatatheologi00unkngoog/dogmatatheologi00unkngoog_0606.png"; bbox 0 0 4072 6164; ppageno 0'>
   <div class='ocr_carea' id='block_1_1' title="bbox 593 294 1769 373">
    <p class='ocr_par' dir='ltr' id='par_1_1' title="bbox 593 294 1769 373">
     <span class='ocr_line' id='line_1_1' title="bbox 593 294 1769 373; baseline 0 -17"><span class='ocrx_word' id='word_1_1' title='bbox 593 297 643 356; x_wconf 89' lang='lat' dir='ltr'><strong>DE</strong></span> <span class='ocrx_word' id='word_1_2' title='bbox 663 294 963 370; x_wconf 74' lang='lat' dir='ltr'><strong>INGARNATIONE,</strong></span> <span class='ocrx_word' id='word_1_3' title='bbox 984 295 1061 356; x_wconf 90' lang='lat' dir='ltr'><strong>LIB.</strong></span> <span class='ocrx_word' id='word_1_4' title='bbox 1084 297 1137 373; x_wconf 89' lang='lat' dir='ltr'><strong>IV,</strong></span> <span class='ocrx_word' id='word_1_5' title='bbox 1160 297 1243 359; x_wconf 75' lang='lat' dir='ltr'><strong>GAP.</strong></span> <span class='ocrx_word' id='word_1_6' title='bbox 1266 298 1349 358; x_wconf 87' lang='lat' dir='ltr'><strong>XVI.</strong></span> <span class='ocrx_word' id='word_1_7' title='bbox 1709 298 1769 356; x_wconf 74' lang='lat'><strong>573</strong></span> 
     </span>
    </p>
   </div>
   <div class='ocr_carea' id='block_1_2' title="bbox 17 459 1939 4867">
    <p class='ocr_par' dir='ltr' id='par_1_2' title="bbox 17 459 1939 4867">
     <span class='ocr_line' id='line_1_2' title="bbox 171 459 1770 542; baseline 0.002 -22"><span class='ocrx_word' id='word_1_8' title='bbox 171 467 317 540; x_wconf 74' lang='grc' dir='ltr'><strong>συνέχοντα</strong></span> <span class='ocrx_word' id='word_1_9' title='bbox 331 459 472 540; x_wconf 75' lang='lat' dir='ltr'><strong>mysterii</strong></span> <span class='ocrx_word' id='word_1_10' title='bbox 494 460 594 536; x_wconf 88' lang='lat' dir='ltr'><strong>istius,</strong></span> <span class='ocrx_word' id='word_1_11' title='bbox 610 463 669 522; x_wconf 90' lang='lat' dir='ltr'><strong>hoc</strong></span> <span class='ocrx_word' id='word_1_12' title='bbox 688 467 745 537; x_wconf 89' lang='lat' dir='ltr'><strong>est,</strong></span> <span class='ocrx_word' id='word_1_13' title='bbox 765 478 836 539; x_wconf 86' lang='lat' dir='ltr'><strong>quae</strong></span> <span class='ocrx_word' id='word_1_14' title='bbox 852 464 951 520; x_wconf 82' lang='lat' dir='ltr'><strong>tutam</strong></span> <span class='ocrx_word' id='word_1_15' title='bbox 1000 462 1125 540; x_wconf 89' lang='lat' dir='ltr'><strong>propria</strong></span> <span class='ocrx_word' id='word_1_16' title='bbox 1148 462 1220 523; x_wconf 88' lang='lat' dir='ltr'><strong>lacit</strong></span> <span class='ocrx_word' id='word_1_17' title='bbox 1241 480 1306 523; x_wconf 88' lang='lat' dir='ltr'><strong>esse</strong></span> <span class='ocrx_word' id='word_1_18' title='bbox 1329 463 1516 534; x_wconf 88' lang='lat' dir='ltr'><strong>communia,</strong></span> <span class='ocrx_word' id='word_1_19' title='bbox 1538 463 1621 541; x_wconf 87' lang='lat' dir='ltr'><strong>quod</strong></span> <span class='ocrx_word' id='word_1_20' title='bbox 1642 481 1770 542; x_wconf 88' lang='lat' dir='ltr'><strong>sequen-</strong></span> 
     </span>
     <span class='ocr_line' id='line_1_3' title="bbox 175 550 1770 635; baseline 0.004 -26"><span class='ocrx_word' id='word_1_21' title='bbox 175 550 277 628; x_wconf 88' lang='lat' dir='ltr'><strong>ipsius</strong></span> <span class='ocrx_word' id='word_1_22' title='bbox 289 552 444 612; x_wconf 88' lang='lat' dir='ltr'><strong>rationem</strong></span> <span class='ocrx_word' id='word_1_23' title='bbox 457 552 617 614; x_wconf 83' lang='lat' dir='ltr'><strong>continent</strong></span> <span class='ocrx_word' id='word_1_24' title='bbox 630 573 637 613; x_wconf 92' lang='lat'><strong>:</strong></span> <span class='ocrx_word' id='word_1_25' title='bbox 651 557 688 613; x_wconf 93' lang='lat' dir='ltr'><strong>ut</strong></span> <span class='ocrx_word' id='word_1_26' title='bbox 700 552 842 612; x_wconf 84' lang='lat' dir='ltr'><strong>observat</strong></span> <span class='ocrx_word' id='word_1_27' title='bbox 850 553 951 612; x_wconf 86' lang='lat' dir='ltr'><strong>Theo·</strong></span> <span class='ocrx_word' id='word_1_28' title='bbox 1000 553 1083 613; x_wconf 89' lang='lat' dir='ltr'><strong>tibus</strong></span> <span class='ocrx_word' id='word_1_29' title='bbox 1096 554 1198 615; x_wconf 83' lang='lat' dir='ltr'><strong>uerbis</strong></span> <span class='ocrx_word' id='word_1_30' title='bbox 1211 554 1354 634; x_wconf 85' lang='lat' dir='ltr'><strong>explicet,</strong></span> <span class='ocrx_word' id='word_1_31' title='bbox 1369 573 1439 634; x_wconf 72' lang='lat' dir='ltr'><strong>qua</strong></span> <span class='ocrx_word' id='word_1_32' title='bbox 1447 555 1514 632; x_wconf 86' lang='lat' dir='ltr'><strong>jam</strong></span> <span class='ocrx_word' id='word_1_33' title='bbox 1527 573 1622 634; x_wconf 89' lang='lat' dir='ltr'><strong>supra</strong></span> <span class='ocrx_word' id='word_1_34' title='bbox 1635 556 1770 635; x_wconf 89' lang='lat' dir='ltr'><strong>descrip-</strong></span> 
     </span>
     <span class='ocr_line' id='line_1_4' title="bbox 178 642 1131 723; baseline 0.005 -22"><span class='ocrx_word' id='word_1_35' title='bbox 178 642 278 703; x_wconf 88' lang='lat' dir='ltr'><strong>dorus</strong></span> <span class='ocrx_word' id='word_1_36' title='bbox 296 644 459 723; x_wconf 88' lang='lat' dir='ltr'><strong>presbyter</strong></span> <span class='ocrx_word' id='word_1_37' title='bbox 472 645 694 707; x_wconf 78' lang='lat' dir='ltr'><strong>Rhaethuensis</strong></span> <span class='ocrx_word' id='word_1_38' title='bbox 709 645 741 705; x_wconf 92' lang='lat' dir='ltr'><strong>in</strong></span> <span class='ocrx_word' id='word_1_39' title='bbox 759 644 840 704; x_wconf 92' lang='lat' dir='ltr'><strong>libro</strong></span> <span class='ocrx_word' id='word_1_40' title='bbox 853 642 889 703; x_wconf 82' lang='lat' dir='ltr'><strong>de</strong></span> <span class='ocrx_word' id='word_1_41' title='bbox 903 642 952 704; x_wconf 67' lang='lat' dir='ltr'><strong>Ire</strong></span> <span class='ocrx_word' id='word_1_42' title='bbox 1001 643 1131 706; x_wconf 68' lang='lat' dir='ltr'><strong>simus‘.</strong></span> 
     </span>
     <span class='ocr_line' id='line_1_5' title="bbox 180 733 1770 803; baseline 0.004 -11"><span class='ocrx_word' id='word_1_43' title='bbox 180 738 352 794; x_wconf 67' lang='lat' dir='ltr'><strong>cambone</strong></span> <span class='ocrx_word' id='word_1_44' title='bbox 362 733 384 796; x_wconf 84' lang='lat'><strong>¹:</strong></span> <span class='ocrx_word' id='word_1_45' title='bbox 401 736 588 798; x_wconf 88' lang='lat' dir='ltr'><strong>alterumest</strong></span> <span class='ocrx_word' id='word_1_46' title='bbox 597 744 779 799; x_wconf 86' lang='lat' dir='ltr'><strong>naturarum</strong></span> <span class='ocrx_word' id='word_1_47' title='bbox 789 753 950 803; x_wconf 84' lang='lat' dir='ltr'><strong>numerus,</strong></span> <span class='ocrx_word' id='word_1_48' title='bbox 1040 737 1128 797; x_wconf 89' lang='lat' dir='ltr'><strong>Idem</strong></span> <span class='ocrx_word' id='word_1_49' title='bbox 1140 738 1370 798; x_wconf 84' lang='lat' dir='ltr'><strong>communionis</strong></span> <span class='ocrx_word' id='word_1_50' title='bbox 1381 738 1464 799; x_wconf 89' lang='lat' dir='ltr'><strong>illius</strong></span> <span class='ocrx_word' id='word_1_51' title='bbox 1477 738 1594 799; x_wconf 84' lang='lat' dir='ltr'><strong>fructus</strong></span> <span class='ocrx_word' id='word_1_52' title='bbox 1605 757 1644 799; x_wconf 84' lang='lat' dir='ltr'><strong>cx</strong></span> <span class='ocrx_word' id='word_1_53' title='bbox 1657 738 1694 798; x_wconf 90' lang='lat' dir='ltr'><strong>iis</strong></span> <span class='ocrx_word' id='word_1_54' title='bbox 1705 740 1770 800; x_wconf 89' lang='lat' dir='ltr'><strong>col-</strong></span> 
     </span>
     <span class='ocr_line' id='line_1_6' title="bbox 181 824 1769 909; baseline 0.003 -23"><span class='ocrx_word' id='word_1_55' title='bbox 181 824 950 909; x_wconf 83' lang='lat' dir='ltr'><strong>etdillerentiasineullaconlusioneperseverans:</strong></span> <span class='ocrx_word' id='word_1_56' title='bbox 1000 827 1107 906; x_wconf 81' lang='lat' dir='ltr'><strong>ligitur</strong></span> <span class='ocrx_word' id='word_1_57' title='bbox 1120 848 1191 908; x_wconf 81' lang='lat' dir='ltr'><strong>quas</strong></span> <span class='ocrx_word' id='word_1_58' title='bbox 1213 830 1252 890; x_wconf 92' lang='lat' dir='ltr'><strong>de</strong></span> <span class='ocrx_word' id='word_1_59' title='bbox 1270 848 1382 890; x_wconf 85' lang='lat' dir='ltr'><strong>vocum</strong></span> <span class='ocrx_word' id='word_1_60' title='bbox 1403 830 1577 891; x_wconf 83' lang='lat' dir='ltr'><strong>differentia</strong></span> <span class='ocrx_word' id='word_1_61' title='bbox 1594 831 1712 890; x_wconf 80' lang='lat' dir='ltr'><strong>Christo</strong></span> <span class='ocrx_word' id='word_1_62' title='bbox 1734 835 1769 890; x_wconf 89' lang='lat' dir='ltr'><strong>in</strong></span> 
     </span>
     <span class='ocr_line' id='line_1_7' title="bbox 182 915 1769 1001; baseline 0.003 -25"><span class='ocrx_word' id='word_1_63' title='bbox 182 915 320 978; x_wconf 86' lang='lat' dir='ltr'><strong>alterum</strong></span> <span class='ocrx_word' id='word_1_64' title='bbox 333 921 513 982; x_wconf 87' lang='lat' dir='ltr'><strong>earumdem</strong></span> <span class='ocrx_word' id='word_1_65' title='bbox 526 928 710 982; x_wconf 90' lang='lat' dir='ltr'><strong>naturarum</strong></span> <span class='ocrx_word' id='word_1_66' title='bbox 723 920 906 996; x_wconf 85' lang='lat' dir='ltr'><strong>arctIssima,</strong></span> <span class='ocrx_word' id='word_1_67' title='bbox 921 923 952 980; x_wconf 90' lang='lat' dir='ltr'><strong>et</strong></span> <span class='ocrx_word' id='word_1_68' title='bbox 1000 920 1165 1001; x_wconf 87' lang='lat' dir='ltr'><strong>Scripturis</strong></span> <span class='ocrx_word' id='word_1_69' title='bbox 1187 922 1406 982; x_wconf 75' lang='lat' dir='ltr'><strong>attributorum</strong></span> <span class='ocrx_word' id='word_1_70' title='bbox 1431 940 1469 982; x_wconf 79' lang='lat' dir='ltr'><strong>cr</strong></span> <span class='ocrx_word' id='word_1_71' title='bbox 1484 922 1614 1001; x_wconf 85' lang='lat' dir='ltr'><strong>Cyrillo,</strong></span> <span class='ocrx_word' id='word_1_72' title='bbox 1640 921 1769 1000; x_wconf 89' lang='lat' dir='ltr'><strong>aliisque</strong></span> 
     </span>
     <span class='ocr_line' id='line_1_8' title="bbox 183 1010 1766 1093; baseline 0.004 -25"><span class='ocrx_word' id='word_1_73' title='bbox 183 1010 424 1087; x_wconf 83' lang='lat' dir='ltr'><strong>exquisitissima</strong></span> <span class='ocrx_word' id='word_1_74' title='bbox 454 1013 619 1093; x_wconf 77' lang='lat' dir='ltr'><strong>copulatio,</strong></span> <span class='ocrx_word' id='word_1_75' title='bbox 656 1032 717 1092; x_wconf 89' lang='lat' dir='ltr'><strong>qua</strong></span> <span class='ocrx_word' id='word_1_76' title='bbox 752 1030 834 1072; x_wconf 77' lang='lat' dir='ltr'><strong>rinus</strong></span> <span class='ocrx_word' id='word_1_77' title='bbox 860 1010 951 1071; x_wconf 84' lang='lat' dir='ltr'><strong>fitia</strong></span> <span class='ocrx_word' id='word_1_78' title='bbox 1001 1031 1094 1091; x_wconf 88' lang='lat' dir='ltr'><strong>supra</strong></span> <span class='ocrx_word' id='word_1_79' title='bbox 1105 1012 1296 1074; x_wconf 76' lang='lat' dir='ltr'><strong>retulimus⁸.</strong></span> <span class='ocrx_word' id='word_1_80' title='bbox 1312 1014 1432 1093; x_wconf 84' lang='lat' dir='ltr'><strong>Quippe</strong></span> <span class='ocrx_word' id='word_1_81' title='bbox 1445 1032 1536 1075; x_wconf 84' lang='lat' dir='ltr'><strong>voces</strong></span> <span class='ocrx_word' id='word_1_82' title='bbox 1551 1014 1613 1074; x_wconf 80' lang='lat' dir='ltr'><strong>illas</strong></span> <span class='ocrx_word' id='word_1_83' title='bbox 1626 1031 1766 1075; x_wconf 88' lang='lat' dir='ltr'><strong>commu·</strong></span> 
     </span>
     <span class='ocr_line' id='line_1_9' title="bbox 183 1100 1765 1182; baseline 0.003 -21"><span class='ocrx_word' id='word_1_84' title='bbox 183 1100 315 1176; x_wconf 88' lang='lat' dir='ltr'><strong>duabus,</strong></span> <span class='ocrx_word' id='word_1_85' title='bbox 347 1110 378 1164; x_wconf 91' lang='lat' dir='ltr'><strong>et</strong></span> <span class='ocrx_word' id='word_1_86' title='bbox 404 1123 442 1165; x_wconf 87' lang='lat' dir='ltr'><strong>ax</strong></span> <span class='ocrx_word' id='word_1_87' title='bbox 467 1106 586 1166; x_wconf 88' lang='lat' dir='ltr'><strong>duabus</strong></span> <span class='ocrx_word' id='word_1_88' title='bbox 612 1105 780 1166; x_wconf 78' lang='lat' dir='ltr'><strong>subsistens</strong></span> <span class='ocrx_word' id='word_1_89' title='bbox 803 1102 951 1164; x_wconf 83' lang='lat' dir='ltr'><strong>Dominus</strong></span> <span class='ocrx_word' id='word_1_90' title='bbox 1001 1105 1104 1165; x_wconf 89' lang='lat' dir='ltr'><strong>nionis</strong></span> <span class='ocrx_word' id='word_1_91' title='bbox 1117 1106 1298 1167; x_wconf 89' lang='lat' dir='ltr'><strong>idiomatum</strong></span> <span class='ocrx_word' id='word_1_92' title='bbox 1318 1107 1432 1167; x_wconf 89' lang='lat' dir='ltr'><strong>indices</strong></span> <span class='ocrx_word' id='word_1_93' title='bbox 1450 1111 1533 1182; x_wconf 90' lang='lat' dir='ltr'><strong>sunt,</strong></span> <span class='ocrx_word' id='word_1_94' title='bbox 1554 1111 1585 1166; x_wconf 89' lang='lat' dir='ltr'><strong>et</strong></span> <span class='ocrx_word' id='word_1_95' title='bbox 1604 1105 1765 1166; x_wconf 87' lang='lat' dir='ltr'><strong>ministrae.</strong></span> 
     </span>
     <span class='ocr_line' id='line_1_10' title="bbox 183 1193 1768 1278; baseline 0.001 -24"><span class='ocrx_word' id='word_1_96' title='bbox 183 1193 204 1254; x_wconf 89' lang='lat' dir='ltr'>J</span> <span class='ocrx_word' id='word_1_97' title='bbox 207 1211 276 1254; x_wconf 87' lang='lat' dir='ltr'><strong>esus</strong></span> <span class='ocrx_word' id='word_1_98' title='bbox 290 1195 442 1272; x_wconf 84' lang='lat' dir='ltr'><strong>ChrIstus,</strong></span> <span class='ocrx_word' id='word_1_99' title='bbox 464 1202 494 1257; x_wconf 88' lang='lat' dir='ltr'><strong>et</strong></span> <span class='ocrx_word' id='word_1_100' title='bbox 512 1216 575 1257; x_wconf 88' lang='lat' dir='ltr'><strong>una</strong></span> <span class='ocrx_word' id='word_1_101' title='bbox 594 1215 737 1277; x_wconf 87' lang='lat' dir='ltr'><strong>persona.</strong></span> <span class='ocrx_word' id='word_1_102' title='bbox 757 1197 805 1256; x_wconf 82' lang='lat' dir='ltr'><strong>Ex</strong></span> <span class='ocrx_word' id='word_1_103' title='bbox 819 1201 951 1274; x_wconf 87' lang='lat' dir='ltr'><strong>utroque</strong></span> <span class='ocrx_word' id='word_1_104' title='bbox 1001 1199 1041 1257; x_wconf 89' lang='lat' dir='ltr'><strong>At</strong></span> <span class='ocrx_word' id='word_1_105' title='bbox 1053 1216 1104 1258; x_wconf 89' lang='lat' dir='ltr'><strong>eas</strong></span> <span class='ocrx_word' id='word_1_106' title='bbox 1117 1199 1231 1278; x_wconf 87' lang='lat' dir='ltr'><strong>partim</strong></span> <span class='ocrx_word' id='word_1_107' title='bbox 1247 1198 1375 1277; x_wconf 77' lang='lat' dir='ltr'><strong>singulis</strong></span> <span class='ocrx_word' id='word_1_108' title='bbox 1392 1198 1511 1260; x_wconf 89' lang='lat' dir='ltr'><strong>naturis</strong></span> <span class='ocrx_word' id='word_1_109' title='bbox 1522 1204 1707 1278; x_wconf 89' lang='lat' dir='ltr'><strong>competere,</strong></span> <span class='ocrx_word' id='word_1_110' title='bbox 1722 1197 1768 1257; x_wconf 91' lang='lat' dir='ltr'><strong>illi</strong></span> 
     </span>
     <span class='ocr_line' id='line_1_11' title="bbox 183 1286 1767 1371; baseline 0.003 -26"><span class='ocrx_word' id='word_1_111' title='bbox 183 1304 279 1365; x_wconf 87' lang='lat' dir='ltr'><strong>porro</strong></span> <span class='ocrx_word' id='word_1_112' title='bbox 299 1286 472 1364; x_wconf 86' lang='lat' dir='ltr'><strong>efflorescit,</strong></span> <span class='ocrx_word' id='word_1_113' title='bbox 497 1295 527 1349; x_wconf 91' lang='lat' dir='ltr'><strong>et</strong></span> <span class='ocrx_word' id='word_1_114' title='bbox 548 1288 649 1350; x_wconf 82' lang='lat' dir='ltr'><strong>existit</strong></span> <span class='ocrx_word' id='word_1_115' title='bbox 662 1288 715 1348; x_wconf 93' lang='lat' dir='ltr'><strong>illa</strong></span> <span class='ocrx_word' id='word_1_116' title='bbox 728 1287 951 1367; x_wconf 88' lang='lat' dir='ltr'><strong>proprietatum</strong></span> <span class='ocrx_word' id='word_1_117' title='bbox 1000 1288 1058 1368; x_wconf 90' lang='lat' dir='ltr'><strong>ipsi</strong></span> <span class='ocrx_word' id='word_1_118' title='bbox 1074 1291 1204 1352; x_wconf 85' lang='lat' dir='ltr'><strong>docent:</strong></span> <span class='ocrx_word' id='word_1_119' title='bbox 1227 1291 1342 1371; x_wconf 87' lang='lat' dir='ltr'><strong>partim</strong></span> <span class='ocrx_word' id='word_1_120' title='bbox 1360 1309 1424 1352; x_wconf 87' lang='lat' dir='ltr'><strong>esse</strong></span> <span class='ocrx_word' id='word_1_121' title='bbox 1438 1308 1627 1352; x_wconf 84' lang='lat' dir='ltr'><strong>communes.</strong></span> <span class='ocrx_word' id='word_1_122' title='bbox 1645 1289 1767 1350; x_wconf 86' lang='lat' dir='ltr'><strong>Habent</strong></span> 
     </span>
     <span class='ocr_line' id='line_1_12' title="bbox 86 1379 1765 1461; baseline 0.003 -22"><span class='ocrx_word' id='word_1_123' title='bbox 86 1417 90 1428; x_wconf 56' lang='grc' dir='ltr'><strong><em>ι</em></strong></span> <span class='ocrx_word' id='word_1_124' title='bbox 109 1419 127 1428; x_wconf 75' lang='lat'><strong>··</strong></span> <span class='ocrx_word' id='word_1_125' title='bbox 146 1421 147 1430; x_wconf 37' lang='grc' dir='ltr'><strong>ο</strong></span> <span class='ocrx_word' id='word_1_126' title='bbox 183 1384 318 1449; x_wconf 69' lang='grc' dir='ltr'><strong>ἀντίδοσις.</strong></span> <span class='ocrx_word' id='word_1_127' title='bbox 338 1379 496 1459; x_wconf 82' lang='lat' dir='ltr'><strong>Siquidem</strong></span> <span class='ocrx_word' id='word_1_128' title='bbox 514 1387 698 1441; x_wconf 78' lang='lat' dir='ltr'><strong>neutrarum</strong></span> <span class='ocrx_word' id='word_1_129' title='bbox 717 1379 883 1439; x_wconf 82' lang='lat' dir='ltr'><strong>discrimen</strong></span> <span class='ocrx_word' id='word_1_130' title='bbox 901 1396 950 1439; x_wconf 89' lang='lat' dir='ltr'><strong>re·</strong></span> <span class='ocrx_word' id='word_1_131' title='bbox 1000 1380 1094 1458; x_wconf 83' lang='lat' dir='ltr'><strong>igitur</strong></span> <span class='ocrx_word' id='word_1_132' title='bbox 1107 1388 1302 1450; x_wconf 80' lang='lat' dir='ltr'><strong>naturarum,</strong></span> <span class='ocrx_word' id='word_1_133' title='bbox 1318 1387 1348 1443; x_wconf 89' lang='lat' dir='ltr'><strong>et</strong></span> <span class='ocrx_word' id='word_1_134' title='bbox 1364 1383 1558 1457; x_wconf 82' lang='lat' dir='ltr'><strong>discriminis,</strong></span> <span class='ocrx_word' id='word_1_135' title='bbox 1575 1387 1606 1442; x_wconf 93' lang='lat' dir='ltr'><strong>ct</strong></span> <span class='ocrx_word' id='word_1_136' title='bbox 1619 1382 1765 1461; x_wconf 79' lang='lat' dir='ltr'><strong>conJ&#39;unc·</strong></span> 
     </span>
     <span class='ocr_line' id='line_1_13' title="bbox 182 1470 1766 1554; baseline 0.003 -23"><span class='ocrx_word' id='word_1_137' title='bbox 182 1488 258 1532; x_wconf 83' lang='lat' dir='ltr'><strong>vera</strong></span> <span class='ocrx_word' id='word_1_138' title='bbox 274 1489 403 1533; x_wconf 87' lang='lat' dir='ltr'><strong>manere</strong></span> <span class='ocrx_word' id='word_1_139' title='bbox 425 1473 626 1549; x_wconf 86' lang='lat' dir='ltr'><strong>demonstrat,</strong></span> <span class='ocrx_word' id='word_1_140' title='bbox 650 1472 733 1552; x_wconf 91' lang='lat' dir='ltr'><strong>quod</strong></span> <span class='ocrx_word' id='word_1_141' title='bbox 759 1470 950 1549; x_wconf 83' lang='lat' dir='ltr'><strong>singularum</strong></span> <span class='ocrx_word' id='word_1_142' title='bbox 999 1472 1094 1533; x_wconf 89' lang='lat' dir='ltr'><strong>tionis</strong></span> <span class='ocrx_word' id='word_1_143' title='bbox 1105 1474 1189 1534; x_wconf 90' lang='lat' dir='ltr'><strong>haud</strong></span> <span class='ocrx_word' id='word_1_144' title='bbox 1201 1475 1363 1536; x_wconf 87' lang='lat' dir='ltr'><strong>obscuram</strong></span> <span class='ocrx_word' id='word_1_145' title='bbox 1376 1475 1642 1554; x_wconf 79' lang='lat' dir='ltr'><strong>significationem.</strong></span> <span class='ocrx_word' id='word_1_146' title='bbox 1660 1476 1695 1535; x_wconf 88' lang='lat' dir='ltr'><strong>In</strong></span> <span class='ocrx_word' id='word_1_147' title='bbox 1704 1494 1766 1554; x_wconf 93' lang='lat' dir='ltr'><strong>quo</strong></span> 
     </span>
     <span class='ocr_line' id='line_1_14' title="bbox 181 1563 1766 1647; baseline 0.003 -23"><span class='ocrx_word' id='word_1_148' title='bbox 181 1565 387 1643; x_wconf 84' lang='lat' dir='ltr'><strong>proprietates</strong></span> <span class='ocrx_word' id='word_1_149' title='bbox 400 1566 689 1626; x_wconf 88' lang='lat' dir='ltr'><strong>communicantur:</strong></span> <span class='ocrx_word' id='word_1_150' title='bbox 712 1582 783 1643; x_wconf 84' lang='lat' dir='ltr'><strong>quae</strong></span> <span class='ocrx_word' id='word_1_151' title='bbox 800 1581 858 1623; x_wconf 90' lang='lat' dir='ltr'><strong>uec</strong></span> <span class='ocrx_word' id='word_1_152' title='bbox 875 1563 950 1642; x_wconf 84' lang='lat' dir='ltr'><strong>ipsae</strong></span> <span class='ocrx_word' id='word_1_153' title='bbox 1000 1565 1076 1625; x_wconf 93' lang='lat' dir='ltr'><strong>illud</strong></span> <span class='ocrx_word' id='word_1_154' title='bbox 1090 1566 1197 1627; x_wconf 92' lang='lat' dir='ltr'><strong>crebro</strong></span> <span class='ocrx_word' id='word_1_155' title='bbox 1217 1568 1257 1627; x_wconf 92' lang='lat' dir='ltr'><strong>ab</strong></span> <span class='ocrx_word' id='word_1_156' title='bbox 1280 1568 1396 1647; x_wconf 84' lang='lat' dir='ltr'><strong>Cyrillo</strong></span> <span class='ocrx_word' id='word_1_157' title='bbox 1419 1569 1603 1647; x_wconf 88' lang='lat' dir='ltr'><strong>repetItum,</strong></span> <span class='ocrx_word' id='word_1_158' title='bbox 1629 1586 1664 1628; x_wconf 89' lang='lat' dir='ltr'><strong>ac</strong></span> <span class='ocrx_word' id='word_1_159' title='bbox 1685 1586 1766 1629; x_wconf 92' lang='lat' dir='ltr'><strong>com·</strong></span> 
     </span>
     <span class='ocr_line' id='line_1_15' title="bbox 180 1655 1766 1737; baseline 0.003 -21"><span class='ocrx_word' id='word_1_160' title='bbox 180 1655 275 1716; x_wconf 77' lang='lat' dir='ltr'><strong>salvae</strong></span> <span class='ocrx_word' id='word_1_161' title='bbox 296 1664 409 1733; x_wconf 87' lang='lat' dir='ltr'><strong>essent,</strong></span> <span class='ocrx_word' id='word_1_162' title='bbox 431 1658 489 1718; x_wconf 89' lang='lat' dir='ltr'><strong>uisi</strong></span> <span class='ocrx_word' id='word_1_163' title='bbox 510 1662 630 1717; x_wconf 87' lang='lat' dir='ltr'><strong>naturae</strong></span> <span class='ocrx_word' id='word_1_164' title='bbox 656 1657 785 1734; x_wconf 80' lang='lat' dir='ltr'><strong>integrm</strong></span> <span class='ocrx_word' id='word_1_165' title='bbox 809 1656 952 1716; x_wconf 77' lang='lat' dir='ltr'><strong>consiste</strong></span> <span class='ocrx_word' id='word_1_166' title='bbox 999 1657 1182 1718; x_wconf 85' lang='lat' dir='ltr'><strong>mandatum</strong></span> <span class='ocrx_word' id='word_1_167' title='bbox 1205 1660 1356 1720; x_wconf 87' lang='lat' dir='ltr'><strong>occurrit:</strong></span> <span class='ocrx_word' id='word_1_168' title='bbox 1381 1678 1470 1720; x_wconf 85' lang='lat' dir='ltr'><strong>voces</strong></span> <span class='ocrx_word' id='word_1_169' title='bbox 1492 1659 1560 1718; x_wconf 93' lang='lat' dir='ltr'><strong>illas</strong></span> <span class='ocrx_word' id='word_1_170' title='bbox 1583 1660 1625 1720; x_wconf 92' lang='lat' dir='ltr'><strong>sic</strong></span> <span class='ocrx_word' id='word_1_171' title='bbox 1646 1659 1766 1737; x_wconf 87' lang='lat' dir='ltr'><strong>ratione</strong></span> 
     </span>
     <span class='ocr_line' id='line_1_16' title="bbox 179 1743 1766 1827; baseline 0.004 -21"><span class='ocrx_word' id='word_1_172' title='bbox 179 1754 273 1808; x_wconf 87' lang='lat' dir='ltr'><strong>reut:</strong></span> <span class='ocrx_word' id='word_1_173' title='bbox 288 1753 320 1810; x_wconf 89' lang='lat' dir='ltr'><strong>ct</strong></span> <span class='ocrx_word' id='word_1_174' title='bbox 332 1766 451 1824; x_wconf 88' lang='lat' dir='ltr'><strong>rursus,</strong></span> <span class='ocrx_word' id='word_1_175' title='bbox 462 1749 521 1810; x_wconf 90' lang='lat' dir='ltr'><strong>nisi</strong></span> <span class='ocrx_word' id='word_1_176' title='bbox 535 1749 635 1810; x_wconf 78' lang='lat' dir='ltr'><strong>amba:</strong></span> <span class='ocrx_word' id='word_1_177' title='bbox 648 1749 730 1809; x_wconf 89' lang='lat' dir='ltr'><strong>inter</strong></span> <span class='ocrx_word' id='word_1_178' title='bbox 745 1766 777 1810; x_wconf 91' lang='lat' dir='ltr'><strong>se</strong></span> <span class='ocrx_word' id='word_1_179' title='bbox 789 1766 911 1809; x_wconf 89' lang='lat' dir='ltr'><strong>summo</strong></span> <span class='ocrx_word' id='word_1_180' title='bbox 921 1755 952 1809; x_wconf 91' lang='lat' dir='ltr'><strong>et</strong></span> <span class='ocrx_word' id='word_1_181' title='bbox 1000 1748 1191 1810; x_wconf 87' lang='lat' dir='ltr'><strong>diversarum</strong></span> <span class='ocrx_word' id='word_1_182' title='bbox 1202 1757 1385 1811; x_wconf 88' lang='lat' dir='ltr'><strong>naturarum</strong></span> <span class='ocrx_word' id='word_1_183' title='bbox 1395 1743 1620 1812; x_wconf 87' lang='lat' dir='ltr'><strong>accommodari</strong></span> <span class='ocrx_word' id='word_1_184' title='bbox 1634 1772 1642 1827; x_wconf 90' lang='lat'>;</span> <span class='ocrx_word' id='word_1_185' title='bbox 1654 1757 1689 1811; x_wconf 91' lang='lat' dir='ltr'><strong>ut</strong></span> <span class='ocrx_word' id='word_1_186' title='bbox 1702 1770 1766 1812; x_wconf 88' lang='lat' dir='ltr'><strong>nou</strong></span> 
     </span>
     <span class='ocr_line' id='line_1_17' title="bbox 176 1839 1766 1923; baseline 0.003 -23"><span class='ocrx_word' id='word_1_187' title='bbox 176 1839 341 1902; x_wconf 85' lang='lat' dir='ltr'><strong>individuo</strong></span> <span class='ocrx_word' id='word_1_188' title='bbox 363 1860 446 1902; x_wconf 76' lang='lat' dir='ltr'><strong>nexi:</strong></span> <span class='ocrx_word' id='word_1_189' title='bbox 464 1841 613 1903; x_wconf 76' lang='lat' dir='ltr'><strong>devinctae</strong></span> <span class='ocrx_word' id='word_1_190' title='bbox 632 1846 744 1917; x_wconf 89' lang='lat' dir='ltr'><strong>essent,</strong></span> <span class='ocrx_word' id='word_1_191' title='bbox 761 1860 796 1901; x_wconf 89' lang='lat' dir='ltr'><strong>ac</strong></span> <span class='ocrx_word' id='word_1_192' title='bbox 815 1840 875 1900; x_wconf 90' lang='lat' dir='ltr'><strong>nisi</strong></span> <span class='ocrx_word' id='word_1_193' title='bbox 888 1858 951 1901; x_wconf 90' lang='lat' dir='ltr'><strong>una</strong></span> <span class='ocrx_word' id='word_1_194' title='bbox 1000 1840 1122 1902; x_wconf 89' lang='lat' dir='ltr'><strong>duobus</strong></span> <span class='ocrx_word' id='word_1_195' title='bbox 1131 1843 1257 1905; x_wconf 87' lang='lat' dir='ltr'><strong>seorsim</strong></span> <span class='ocrx_word' id='word_1_196' title='bbox 1267 1844 1493 1923; x_wconf 88' lang='lat' dir='ltr'><strong>separatimque</strong></span> <span class='ocrx_word' id='word_1_197' title='bbox 1503 1842 1680 1904; x_wconf 88' lang='lat' dir='ltr'><strong>tribuantur</strong></span> <span class='ocrx_word' id='word_1_198' title='bbox 1692 1863 1699 1904; x_wconf 97' lang='lat'><strong>:</strong></span> <span class='ocrx_word' id='word_1_199' title='bbox 1713 1845 1766 1905; x_wconf 88' lang='lat' dir='ltr'><strong>sed</strong></span> 
     </span>
     <span class='ocr_line' id='line_1_18' title="bbox 178 1933 1346 2013; baseline 0.001 -20"><span class='ocrx_word' id='word_1_200' title='bbox 178 1952 220 1993; x_wconf 84' lang='lat' dir='ltr'><strong>ex</strong></span> <span class='ocrx_word' id='word_1_201' title='bbox 241 1933 303 1994; x_wconf 89' lang='lat' dir='ltr'><strong>illis</strong></span> <span class='ocrx_word' id='word_1_202' title='bbox 325 1952 457 2013; x_wconf 87' lang='lat' dir='ltr'><strong>persona</strong></span> <span class='ocrx_word' id='word_1_203' title='bbox 477 1934 670 2010; x_wconf 82' lang='lat' dir='ltr'><strong>coalesceret,</strong></span> <span class='ocrx_word' id='word_1_204' title='bbox 692 1951 757 1993; x_wconf 88' lang='lat' dir='ltr'><strong>nou</strong></span> <span class='ocrx_word' id='word_1_205' title='bbox 777 1934 865 1993; x_wconf 92' lang='lat' dir='ltr'><strong>ficret</strong></span> <span class='ocrx_word' id='word_1_206' title='bbox 884 1939 950 1993; x_wconf 89' lang='lat' dir='ltr'><strong>tam</strong></span> <span class='ocrx_word' id='word_1_207' title='bbox 1000 1933 1055 1993; x_wconf 93' lang='lat' dir='ltr'><strong>uni</strong></span> <span class='ocrx_word' id='word_1_208' title='bbox 1068 1939 1098 1994; x_wconf 89' lang='lat' dir='ltr'><strong>et</strong></span> <span class='ocrx_word' id='word_1_209' title='bbox 1113 1934 1214 1996; x_wconf 87' lang='lat' dir='ltr'><strong>eidem</strong></span> <span class='ocrx_word' id='word_1_210' title='bbox 1227 1954 1346 1997; x_wconf 86' lang='lat' dir='ltr'><strong>omues.</strong></span> 
     </span>
     <span class='ocr_line' id='line_1_19' title="bbox 177 2026 1924 2107; baseline 0.001 -22"><span class='ocrx_word' id='word_1_211' title='bbox 177 2031 324 2086; x_wconf 86' lang='lat' dir='ltr'><strong>accurata</strong></span> <span class='ocrx_word' id='word_1_212' title='bbox 341 2031 538 2098; x_wconf 86' lang='lat' dir='ltr'><strong>naturarum,</strong></span> <span class='ocrx_word' id='word_1_213' title='bbox 555 2032 725 2094; x_wconf 86' lang='lat' dir='ltr'><strong>eteorum,</strong></span> <span class='ocrx_word' id='word_1_214' title='bbox 742 2043 812 2105; x_wconf 87' lang='lat' dir='ltr'><strong>quae</strong></span> <span class='ocrx_word' id='word_1_215' title='bbox 827 2031 900 2085; x_wconf 91' lang='lat' dir='ltr'><strong>sunt</strong></span> <span class='ocrx_word' id='word_1_216' title='bbox 913 2026 950 2085; x_wconf 89' lang='lat' dir='ltr'><strong>iis</strong></span> <span class='ocrx_word' id='word_1_217' title='bbox 1039 2027 1153 2086; x_wconf 86' lang='lat' dir='ltr'><strong>XVIII.</strong></span> <span class='ocrx_word' id='word_1_218' title='bbox 1175 2027 1266 2088; x_wconf 91' lang='lat' dir='ltr'><strong>Libet</strong></span> <span class='ocrx_word' id='word_1_219' title='bbox 1278 2028 1352 2088; x_wconf 89' lang='lat' dir='ltr'><strong>huic</strong></span> <span class='ocrx_word' id='word_1_220' title='bbox 1361 2026 1463 2106; x_wconf 90' lang='lat' dir='ltr'><strong>capiti,</strong></span> <span class='ocrx_word' id='word_1_221' title='bbox 1480 2046 1515 2087; x_wconf 91' lang='lat' dir='ltr'><strong>ac</strong></span> <span class='ocrx_word' id='word_1_222' title='bbox 1524 2026 1603 2087; x_wconf 89' lang='lat' dir='ltr'><strong>libro</strong></span> <span class='ocrx_word' id='word_1_223' title='bbox 1617 2035 1766 2107; x_wconf 87' lang='lat' dir='ltr'><strong>tanquam</strong></span> <span class='ocrx_word' id='word_1_224' title='bbox 1817 2051 1924 2097; x_wconf 56' lang='lat' dir='ltr'><strong>mori</strong></span> 
     </span>
     <span class='ocr_line' id='line_1_20' title="bbox 176 2104 1930 2209; baseline 0.001 -30"><span class='ocrx_word' id='word_1_225' title='bbox 176 2118 316 2198; x_wconf 89' lang='lat' dir='ltr'><strong>propria,</strong></span> <span class='ocrx_word' id='word_1_226' title='bbox 332 2118 571 2179; x_wconf 76' lang='lat' dir='ltr'><strong>communicatio</strong></span> <span class='ocrx_word' id='word_1_227' title='bbox 586 2124 617 2178; x_wconf 90' lang='lat' dir='ltr'><strong>et</strong></span> <span class='ocrx_word' id='word_1_228' title='bbox 630 2119 717 2198; x_wconf 85' lang='lat' dir='ltr'><strong>quasi</strong></span> <span class='ocrx_word' id='word_1_229' title='bbox 730 2119 907 2179; x_wconf 90' lang='lat' dir='ltr'><strong>translusio.</strong></span> <span class='ocrx_word' id='word_1_230' title='bbox 999 2118 1178 2180; x_wconf 85' lang='lat' dir='ltr'><strong>coronidem</strong></span> <span class='ocrx_word' id='word_1_231' title='bbox 1197 2120 1309 2181; x_wconf 89' lang='lat' dir='ltr'><strong>addere</strong></span> <span class='ocrx_word' id='word_1_232' title='bbox 1333 2119 1481 2180; x_wconf 76' lang='lat' dir='ltr'><strong>enlmiam</strong></span> <span class='ocrx_word' id='word_1_233' title='bbox 1498 2119 1651 2180; x_wconf 88' lang='lat' dir='ltr'><strong>Theodori</strong></span> <span class='ocrx_word' id='word_1_234' title='bbox 1670 2120 1763 2194; x_wconf 92' lang='lat' dir='ltr'><strong>illius,</strong></span> <span class='ocrx_word' id='word_1_235' title='bbox 1791 2104 1930 2209; x_wconf 51' lang='lat' dir='ltr'><strong>flfflfflgffi&#39;</strong></span> 
     </span>
     <span class='ocr_line' id='line_1_21' title="bbox 221 2209 1939 2309; baseline 0.001 -38"><span class='ocrx_word' id='word_1_236' title='bbox 221 2211 395 2289; x_wconf 83' lang='lat' dir='ltr'><strong>Utrumque</strong></span> <span class='ocrx_word' id='word_1_237' title='bbox 419 2210 554 2272; x_wconf 86' lang='lat' dir='ltr'><strong>declarat</strong></span> <span class='ocrx_word' id='word_1_238' title='bbox 576 2211 695 2272; x_wconf 84' lang='lat' dir='ltr'><strong>crudIte</strong></span> <span class='ocrx_word' id='word_1_239' title='bbox 723 2212 873 2271; x_wconf 87' lang='lat' dir='ltr'><strong>Leontius</strong></span> <span class='ocrx_word' id='word_1_240' title='bbox 892 2213 950 2289; x_wconf 87' lang='lat' dir='ltr'><strong>By·</strong></span> <span class='ocrx_word' id='word_1_241' title='bbox 998 2209 1086 2288; x_wconf 89' lang='lat' dir='ltr'><strong>cujus</strong></span> <span class='ocrx_word' id='word_1_242' title='bbox 1104 2212 1196 2289; x_wconf 91' lang='lat' dir='ltr'><strong>paulo</strong></span> <span class='ocrx_word' id='word_1_243' title='bbox 1216 2219 1287 2273; x_wconf 90' lang='lat' dir='ltr'><strong>ante</strong></span> <span class='ocrx_word' id='word_1_244' title='bbox 1303 2211 1443 2285; x_wconf 88' lang='lat' dir='ltr'><strong>memini,</strong></span> <span class='ocrx_word' id='word_1_245' title='bbox 1466 2211 1686 2272; x_wconf 80' lang='lat' dir='ltr'><strong>Rhaetbucnsis</strong></span> <span class='ocrx_word' id='word_1_246' title='bbox 1699 2230 1767 2272; x_wconf 88' lang='lat' dir='ltr'><strong>san·</strong></span> <span class='ocrx_word' id='word_1_247' title='bbox 1791 2210 1866 2309; x_wconf 47' lang='lat'><strong>{2¹:1¹3</strong></span> <span class='ocrx_word' id='word_1_248' title='bbox 1867 2223 1939 2309; x_wconf 39' lang='grc' dir='ltr'><strong>ἐκ</strong></span> 
     </span>
     <span class='ocr_line' id='line_1_22' title="bbox 175 2296 1937 2383; baseline 0.002 -21"><span class='ocrx_word' id='word_1_249' title='bbox 175 2302 323 2364; x_wconf 75' lang='lat' dir='ltr'><strong>motinus</strong></span> <span class='ocrx_word' id='word_1_250' title='bbox 338 2302 372 2363; x_wconf 90' lang='lat' dir='ltr'><strong>in</strong></span> <span class='ocrx_word' id='word_1_251' title='bbox 386 2304 538 2364; x_wconf 89' lang='lat' dir='ltr'><strong>solutione</strong></span> <span class='ocrx_word' id='word_1_252' title='bbox 554 2309 808 2383; x_wconf 80' lang='lat' dir='ltr'><strong>argumentorum</strong></span> <span class='ocrx_word' id='word_1_253' title='bbox 823 2301 946 2363; x_wconf 87' lang='lat' dir='ltr'><strong>Severi:</strong></span> <span class='ocrx_word' id='word_1_254' title='bbox 997 2302 1137 2363; x_wconf 87' lang='lat' dir='ltr'><strong>tentiam.</strong></span> <span class='ocrx_word' id='word_1_255' title='bbox 1163 2304 1220 2364; x_wconf 91' lang='lat' dir='ltr'><strong>Hic</strong></span> <span class='ocrx_word' id='word_1_256' title='bbox 1244 2309 1313 2382; x_wconf 89' lang='lat' dir='ltr'><strong>post</strong></span> <span class='ocrx_word' id='word_1_257' title='bbox 1331 2303 1501 2383; x_wconf 84' lang='lat' dir='ltr'><strong>expositam</strong></span> <span class='ocrx_word' id='word_1_258' title='bbox 1519 2303 1701 2382; x_wconf 78' lang='lat' dir='ltr'><strong>perbrevem</strong></span> <span class='ocrx_word' id='word_1_259' title='bbox 1720 2323 1767 2365; x_wconf 83' lang='lat' dir='ltr'><strong>ca·</strong></span> <span class='ocrx_word' id='word_1_260' title='bbox 1930 2296 1937 2309; x_wconf 79' lang='grc'><strong>’</strong></span> 
     </span>
     <span class='ocr_line' id='line_1_23' title="bbox 176 2393 1768 2475; baseline 0 -20"><span class='ocrx_word' id='word_1_261' title='bbox 176 2394 237 2455; x_wconf 90' lang='lat' dir='ltr'><strong>ubi</strong></span> <span class='ocrx_word' id='word_1_262' title='bbox 248 2401 316 2474; x_wconf 90' lang='lat' dir='ltr'><strong>post</strong></span> <span class='ocrx_word' id='word_1_263' title='bbox 329 2395 481 2475; x_wconf 84' lang='lat' dir='ltr'><strong>expositos</strong></span> <span class='ocrx_word' id='word_1_264' title='bbox 492 2394 642 2456; x_wconf 91' lang='lat' dir='ltr'><strong>unitionis</strong></span> <span class='ocrx_word' id='word_1_265' title='bbox 652 2395 759 2456; x_wconf 90' lang='lat' dir='ltr'><strong>modos</strong></span> <span class='ocrx_word' id='word_1_266' title='bbox 769 2395 847 2455; x_wconf 91' lang='lat' dir='ltr'><strong>duos</strong></span> <span class='ocrx_word' id='word_1_267' title='bbox 860 2393 948 2455; x_wconf 90' lang='lat' dir='ltr'><strong>adul·</strong></span> <span class='ocrx_word' id='word_1_268' title='bbox 999 2393 1105 2454; x_wconf 88' lang='lat' dir='ltr'><strong>tholici</strong></span> <span class='ocrx_word' id='word_1_269' title='bbox 1117 2395 1270 2474; x_wconf 77' lang='lat' dir='ltr'><strong>dogmatis</strong></span> <span class='ocrx_word' id='word_1_270' title='bbox 1283 2396 1321 2455; x_wconf 89' lang='lat' dir='ltr'><strong>dc</strong></span> <span class='ocrx_word' id='word_1_271' title='bbox 1337 2395 1397 2455; x_wconf 89' lang='lat' dir='ltr'><strong>fide</strong></span> <span class='ocrx_word' id='word_1_272' title='bbox 1412 2395 1636 2455; x_wconf 87' lang='lat' dir='ltr'><strong>Incarnationis</strong></span> <span class='ocrx_word' id='word_1_273' title='bbox 1649 2395 1768 2455; x_wconf 88' lang='lat' dir='ltr'><strong>lormu·</strong></span> 
     </span>
     <span class='ocr_line' id='line_1_24' title="bbox 174 2485 1764 2569; baseline 0.001 -21"><span class='ocrx_word' id='word_1_274' title='bbox 174 2487 309 2563; x_wconf 85' lang='lat' dir='ltr'><strong>terinos,</strong></span> <span class='ocrx_word' id='word_1_275' title='bbox 325 2493 356 2549; x_wconf 86' lang='lat' dir='ltr'><strong>et</strong></span> <span class='ocrx_word' id='word_1_276' title='bbox 375 2487 548 2563; x_wconf 72' lang='lat' dir='ltr'><strong>haereticos,</strong></span> <span class='ocrx_word' id='word_1_277' title='bbox 569 2487 713 2564; x_wconf 91' lang='lat' dir='ltr'><strong>Nestorii,</strong></span> <span class='ocrx_word' id='word_1_278' title='bbox 733 2492 763 2548; x_wconf 87' lang='lat' dir='ltr'><strong>ct</strong></span> <span class='ocrx_word' id='word_1_279' title='bbox 781 2487 947 2566; x_wconf 87' lang='lat' dir='ltr'><strong>Eutychis:</strong></span> <span class='ocrx_word' id='word_1_280' title='bbox 997 2485 1060 2545; x_wconf 91' lang='lat' dir='ltr'><strong>Iam</strong></span> <span class='ocrx_word' id='word_1_281' title='bbox 1075 2506 1083 2562; x_wconf 92' lang='lat'>;</span> <span class='ocrx_word' id='word_1_282' title='bbox 1099 2505 1193 2567; x_wconf 84' lang='lat' dir='ltr'><strong>quem</strong></span> <span class='ocrx_word' id='word_1_283' title='bbox 1207 2497 1264 2569; x_wconf 76' lang='grc' dir='ltr'><strong>ὅρον</strong></span> <span class='ocrx_word' id='word_1_284' title='bbox 1279 2487 1422 2567; x_wconf 87' lang='lat' dir='ltr'><strong>appellat,</strong></span> <span class='ocrx_word' id='word_1_285' title='bbox 1439 2487 1469 2547; x_wconf 91' lang='lat' dir='ltr'><strong>id</strong></span> <span class='ocrx_word' id='word_1_286' title='bbox 1486 2491 1531 2547; x_wconf 90' lang='lat' dir='ltr'><strong>est</strong></span> <span class='ocrx_word' id='word_1_287' title='bbox 1544 2485 1764 2567; x_wconf 80' lang='lat' dir='ltr'><strong>definitionem:</strong></span> 
     </span>
     <span class='ocr_line' id='line_1_25' title="bbox 176 2578 1766 2659; baseline 0.001 -20"><span class='ocrx_word' id='word_1_288' title='bbox 176 2596 315 2659; x_wconf 75' lang='lat' dir='ltr'><strong>qarorum</strong></span> <span class='ocrx_word' id='word_1_289' title='bbox 339 2579 391 2639; x_wconf 90' lang='lat' dir='ltr'><strong>ille</strong></span> <span class='ocrx_word' id='word_1_290' title='bbox 417 2585 543 2640; x_wconf 90' lang='lat' dir='ltr'><strong>naturas</strong></span> <span class='ocrx_word' id='word_1_291' title='bbox 570 2579 703 2639; x_wconf 89' lang='lat' dir='ltr'><strong>nlmium</strong></span> <span class='ocrx_word' id='word_1_292' title='bbox 730 2583 888 2657; x_wconf 79' lang='lat' dir='ltr'><strong>segregat,</strong></span> <span class='ocrx_word' id='word_1_293' title='bbox 915 2597 950 2639; x_wconf 86' lang='lat' dir='ltr'><strong>ac</strong></span> <span class='ocrx_word' id='word_1_294' title='bbox 997 2596 1067 2657; x_wconf 81' lang='lat' dir='ltr'><strong>quae</strong></span> <span class='ocrx_word' id='word_1_295' title='bbox 1092 2600 1107 2636; x_wconf 85' lang='lat' dir='ltr'><strong>u</strong></span> <span class='ocrx_word' id='word_1_296' title='bbox 1130 2580 1206 2640; x_wconf 89' lang='lat' dir='ltr'><strong>duas</strong></span> <span class='ocrx_word' id='word_1_297' title='bbox 1229 2586 1355 2640; x_wconf 85' lang='lat' dir='ltr'><strong>naturus</strong></span> <span class='ocrx_word' id='word_1_298' title='bbox 1378 2579 1412 2639; x_wconf 84' lang='lat' dir='ltr'><strong>ia</strong></span> <span class='ocrx_word' id='word_1_299' title='bbox 1433 2578 1554 2639; x_wconf 87' lang='lat' dir='ltr'><strong>Christo</strong></span> <span class='ocrx_word' id='word_1_300' title='bbox 1576 2579 1766 2640; x_wconf 86' lang='lat' dir='ltr'><strong>substantive</strong></span> 
     </span>
     <span class='ocr_line' id='line_1_26' title="bbox 176 2670 1767 2753; baseline 0 -21"><span class='ocrx_word' id='word_1_301' title='bbox 176 2672 320 2753; x_wconf 85' lang='lat' dir='ltr'><strong>personIs</strong></span> <span class='ocrx_word' id='word_1_302' title='bbox 334 2670 429 2731; x_wconf 90' lang='lat' dir='ltr'><strong>etiam</strong></span> <span class='ocrx_word' id='word_1_303' title='bbox 440 2671 551 2731; x_wconf 90' lang='lat' dir='ltr'><strong>dividit</strong></span> <span class='ocrx_word' id='word_1_304' title='bbox 564 2690 570 2730; x_wconf 94' lang='lat'><strong>:</strong></span> <span class='ocrx_word' id='word_1_305' title='bbox 583 2671 639 2731; x_wconf 90' lang='lat' dir='ltr'><strong>iste</strong></span> <span class='ocrx_word' id='word_1_306' title='bbox 652 2689 726 2732; x_wconf 87' lang='lat' dir='ltr'><strong>vcro</strong></span> <span class='ocrx_word' id='word_1_307' title='bbox 741 2670 902 2731; x_wconf 84' lang='lat' dir='ltr'><strong>confundit</strong></span> <span class='ocrx_word' id='word_1_308' title='bbox 915 2689 950 2731; x_wconf 90' lang='lat' dir='ltr'><strong>ac</strong></span> <span class='ocrx_word' id='word_1_309' title='bbox 998 2670 1101 2730; x_wconf 81' lang='lat' dir='ltr'><strong>aniles</strong></span> <span class='ocrx_word' id='word_1_310' title='bbox 1124 2671 1244 2740; x_wconf 87' lang='lat' dir='ltr'><strong>astruit,</strong></span> <span class='ocrx_word' id='word_1_311' title='bbox 1268 2671 1420 2746; x_wconf 87' lang='lat' dir='ltr'><strong>unitione,</strong></span> <span class='ocrx_word' id='word_1_312' title='bbox 1440 2689 1510 2750; x_wconf 81' lang='lat' dir='ltr'><strong>quae</strong></span> <span class='ocrx_word' id='word_1_313' title='bbox 1524 2674 1577 2749; x_wconf 57' lang='lat' dir='ltr'><strong>{est</strong></span> <span class='ocrx_word' id='word_1_314' title='bbox 1595 2672 1767 2732; x_wconf 88' lang='lat' dir='ltr'><strong>secundum</strong></span> 
     </span>
     <span class='ocr_line' id='line_1_27' title="bbox 176 2761 1764 2844; baseline 0 -21"><span class='ocrx_word' id='word_1_315' title='bbox 176 2764 369 2844; x_wconf 88' lang='lat' dir='ltr'><strong>permiscet:</strong></span> <span class='ocrx_word' id='word_1_316' title='bbox 405 2763 544 2824; x_wconf 88' lang='lat' dir='ltr'><strong>medium</strong></span> <span class='ocrx_word' id='word_1_317' title='bbox 577 2763 659 2824; x_wconf 88' lang='lat' dir='ltr'><strong>inter</strong></span> <span class='ocrx_word' id='word_1_318' title='bbox 690 2763 779 2839; x_wconf 91' lang='lat' dir='ltr'><strong>illos,</strong></span> <span class='ocrx_word' id='word_1_319' title='bbox 815 2780 950 2842; x_wconf 87' lang='lat' dir='ltr'><strong>eumque</strong></span> <span class='ocrx_word' id='word_1_320' title='bbox 998 2761 1199 2840; x_wconf 80' lang='lat' dir='ltr'><strong>hypostasIm‚</strong></span> <span class='ocrx_word' id='word_1_321' title='bbox 1226 2763 1482 2842; x_wconf 80' lang='lat' dir='ltr'><strong>inseparabiliter,</strong></span> <span class='ocrx_word' id='word_1_322' title='bbox 1512 2767 1542 2823; x_wconf 89' lang='lat' dir='ltr'><strong>et</strong></span> <span class='ocrx_word' id='word_1_323' title='bbox 1569 2762 1764 2823; x_wconf 67' lang='lat' dir='ltr'><strong>inconfusel:</strong></span> 
     </span>
     <span class='ocr_line' id='line_1_28' title="bbox 174 2852 1764 2935; baseline 0 -20"><span class='ocrx_word' id='word_1_324' title='bbox 174 2873 302 2929; x_wconf 80' lang='lat' dir='ltr'><strong>vemm,</strong></span> <span class='ocrx_word' id='word_1_325' title='bbox 322 2860 354 2916; x_wconf 89' lang='lat' dir='ltr'><strong>et</strong></span> <span class='ocrx_word' id='word_1_326' title='bbox 376 2856 565 2917; x_wconf 77' lang='lat' dir='ltr'><strong>catholicum</strong></span> <span class='ocrx_word' id='word_1_327' title='bbox 590 2855 735 2935; x_wconf 86' lang='lat' dir='ltr'><strong>proponIt</strong></span> <span class='ocrx_word' id='word_1_328' title='bbox 751 2854 947 2915; x_wconf 81' lang='lat' dir='ltr'><strong>bisvcrbis¹z</strong></span> <span class='ocrx_word' id='word_1_329' title='bbox 997 2852 1224 2916; x_wconf 85' lang='lat' dir='ltr'><strong>hanceamdem</strong></span> <span class='ocrx_word' id='word_1_330' title='bbox 1232 2854 1445 2915; x_wconf 86' lang='lat' dir='ltr'><strong>definitionem</strong></span> <span class='ocrx_word' id='word_1_331' title='bbox 1455 2853 1498 2913; x_wconf 88' lang='lat' dir='ltr'><strong>ait</strong></span> <span class='ocrx_word' id='word_1_332' title='bbox 1506 2859 1610 2933; x_wconf 89' lang='lat' dir='ltr'><strong>aperte</strong></span> <span class='ocrx_word' id='word_1_333' title='bbox 1621 2855 1764 2932; x_wconf 87' lang='lat' dir='ltr'><strong>clamare,</strong></span> 
     </span>
     <span class='ocr_line' id='line_1_29' title="bbox 181 2945 1766 3026; baseline 0.002 -21"><span class='ocrx_word' id='word_1_334' title='bbox 181 2968 202 3005; x_wconf 75' lang='lat' dir='ltr'><strong>a</strong></span> <span class='ocrx_word' id='word_1_335' title='bbox 215 2948 296 3008; x_wconf 88' lang='lat' dir='ltr'><strong>Unio</strong></span> <span class='ocrx_word' id='word_1_336' title='bbox 313 2953 419 3008; x_wconf 90' lang='lat' dir='ltr'><strong>autem</strong></span> <span class='ocrx_word' id='word_1_337' title='bbox 438 2948 521 3008; x_wconf 90' lang='lat' dir='ltr'><strong>iuter</strong></span> <span class='ocrx_word' id='word_1_338' title='bbox 539 2948 595 3007; x_wconf 90' lang='lat' dir='ltr'><strong>bas</strong></span> <span class='ocrx_word' id='word_1_339' title='bbox 615 2947 737 3022; x_wconf 90' lang='lat' dir='ltr'><strong>media,</strong></span> <span class='ocrx_word' id='word_1_340' title='bbox 756 2965 856 3026; x_wconf 87' lang='lat' dir='ltr'><strong>nequa</strong></span> <span class='ocrx_word' id='word_1_341' title='bbox 876 2965 949 3008; x_wconf 89' lang='lat' dir='ltr'><strong>cou-</strong></span> <span class='ocrx_word' id='word_1_342' title='bbox 998 2945 1138 3019; x_wconf 89' lang='lat' dir='ltr'><strong>firmam,</strong></span> <span class='ocrx_word' id='word_1_343' title='bbox 1164 2953 1195 3008; x_wconf 91' lang='lat' dir='ltr'><strong>et</strong></span> <span class='ocrx_word' id='word_1_344' title='bbox 1215 2945 1441 3006; x_wconf 90' lang='lat' dir='ltr'><strong>immutabilem</strong></span> <span class='ocrx_word' id='word_1_345' title='bbox 1467 2945 1629 3024; x_wconf 88' lang='lat' dir='ltr'><strong>utriusque</strong></span> <span class='ocrx_word' id='word_1_346' title='bbox 1648 2957 1766 3007; x_wconf 79' lang='lat' dir='ltr'><strong>natrrrae</strong></span> 
     </span>
     <span class='ocr_line' id='line_1_30' title="bbox 176 3037 1763 3118; baseline 0.001 -19"><span class='ocrx_word' id='word_1_347' title='bbox 176 3039 260 3115; x_wconf 80' lang='lat' dir='ltr'><strong>fusa,</strong></span> <span class='ocrx_word' id='word_1_348' title='bbox 283 3057 384 3118; x_wconf 90' lang='lat' dir='ltr'><strong>neque</strong></span> <span class='ocrx_word' id='word_1_349' title='bbox 407 3038 514 3113; x_wconf 72' lang='lat' dir='ltr'><strong>diuma,</strong></span> <span class='ocrx_word' id='word_1_350' title='bbox 544 3038 631 3098; x_wconf 91' lang='lat' dir='ltr'><strong>novit</strong></span> <span class='ocrx_word' id='word_1_351' title='bbox 657 3038 782 3118; x_wconf 86' lang='lat' dir='ltr'><strong>quidem</strong></span> <span class='ocrx_word' id='word_1_352' title='bbox 808 3057 856 3114; x_wconf 89' lang='lat' dir='ltr'><strong>ea,</strong></span> <span class='ocrx_word' id='word_1_353' title='bbox 880 3057 950 3118; x_wconf 82' lang='lat' dir='ltr'><strong>quae</strong></span> <span class='ocrx_word' id='word_1_354' title='bbox 998 3039 1221 3116; x_wconf 86' lang='lat' dir='ltr'><strong>proprietatem</strong></span> <span class='ocrx_word' id='word_1_355' title='bbox 1243 3038 1277 3097; x_wconf 91' lang='lat' dir='ltr'><strong>in</strong></span> <span class='ocrx_word' id='word_1_356' title='bbox 1299 3037 1440 3098; x_wconf 91' lang='lat' dir='ltr'><strong>unitione</strong></span> <span class='ocrx_word' id='word_1_357' title='bbox 1467 3037 1534 3116; x_wconf 91' lang='lat' dir='ltr'><strong>ipsa</strong></span> <span class='ocrx_word' id='word_1_358' title='bbox 1557 3056 1763 3116; x_wconf 86' lang='lat' dir='ltr'><strong>permanere:</strong></span> 
     </span>
     <span class='ocr_line' id='line_1_31' title="bbox 175 3128 1764 3211; baseline 0.001 -20"><span class='ocrx_word' id='word_1_359' title='bbox 175 3132 269 3191; x_wconf 87' lang='lat' dir='ltr'><strong>nnita</strong></span> <span class='ocrx_word' id='word_1_360' title='bbox 282 3136 364 3206; x_wconf 90' lang='lat' dir='ltr'><strong>sunt,</strong></span> <span class='ocrx_word' id='word_1_361' title='bbox 379 3131 513 3211; x_wconf 74' lang='lat' dir='ltr'><strong>perfecta</strong></span> <span class='ocrx_word' id='word_1_362' title='bbox 526 3149 592 3191; x_wconf 88' lang='lat' dir='ltr'><strong>esse</strong></span> <span class='ocrx_word' id='word_1_363' title='bbox 606 3131 775 3192; x_wconf 89' lang='lat' dir='ltr'><strong>secundum</strong></span> <span class='ocrx_word' id='word_1_364' title='bbox 790 3148 860 3191; x_wconf 87' lang='lat' dir='ltr'><strong>suas</strong></span> <span class='ocrx_word' id='word_1_365' title='bbox 874 3149 949 3209; x_wconf 91' lang='lat' dir='ltr'><strong>pro·</strong></span> <span class='ocrx_word' id='word_1_366' title='bbox 998 3129 1075 3189; x_wconf 90' lang='lat' dir='ltr'><strong>adeo</strong></span> <span class='ocrx_word' id='word_1_367' title='bbox 1089 3134 1124 3189; x_wconf 93' lang='lat' dir='ltr'><strong>ut</strong></span> <span class='ocrx_word' id='word_1_368' title='bbox 1137 3129 1226 3190; x_wconf 89' lang='lat' dir='ltr'><strong>facile</strong></span> <span class='ocrx_word' id='word_1_369' title='bbox 1240 3130 1279 3189; x_wconf 92' lang='lat' dir='ltr'><strong>sit</strong></span> <span class='ocrx_word' id='word_1_370' title='bbox 1291 3129 1482 3208; x_wconf 84' lang='lat' dir='ltr'><strong>dignoscere,</strong></span> <span class='ocrx_word' id='word_1_371' title='bbox 1500 3128 1575 3208; x_wconf 90' lang='lat' dir='ltr'><strong>quid</strong></span> <span class='ocrx_word' id='word_1_372' title='bbox 1592 3130 1632 3190; x_wconf 88' lang='lat' dir='ltr'><strong>sit</strong></span> <span class='ocrx_word' id='word_1_373' title='bbox 1644 3149 1764 3204; x_wconf 90' lang='lat' dir='ltr'><strong>corum,</strong></span> 
     </span>
     <span class='ocr_line' id='line_1_32' title="bbox 176 3220 1767 3303; baseline 0.001 -21"><span class='ocrx_word' id='word_1_374' title='bbox 176 3223 345 3303; x_wconf 86' lang='lat' dir='ltr'><strong>prietates,</strong></span> <span class='ocrx_word' id='word_1_375' title='bbox 374 3228 502 3302; x_wconf 87' lang='lat' dir='ltr'><strong>propter</strong></span> <span class='ocrx_word' id='word_1_376' title='bbox 528 3221 841 3283; x_wconf 85' lang='lat' dir='ltr'><strong>immutabilitatem:</strong></span> <span class='ocrx_word' id='word_1_377' title='bbox 869 3240 950 3283; x_wconf 91' lang='lat' dir='ltr'><strong>com-</strong></span> <span class='ocrx_word' id='word_1_378' title='bbox 999 3239 1068 3299; x_wconf 87' lang='lat' dir='ltr'><strong>quaa</strong></span> <span class='ocrx_word' id='word_1_379' title='bbox 1078 3225 1301 3296; x_wconf 82' lang='lat' dir='ltr'><strong>convenerunt,</strong></span> <span class='ocrx_word' id='word_1_380' title='bbox 1313 3221 1461 3299; x_wconf 86' lang='lat' dir='ltr'><strong>cujusque</strong></span> <span class='ocrx_word' id='word_1_381' title='bbox 1469 3220 1641 3300; x_wconf 88' lang='lat' dir='ltr'><strong>proprium,</strong></span> <span class='ocrx_word' id='word_1_382' title='bbox 1653 3229 1683 3283; x_wconf 90' lang='lat' dir='ltr'><strong>et</strong></span> <span class='ocrx_word' id='word_1_383' title='bbox 1692 3223 1767 3301; x_wconf 90' lang='lat' dir='ltr'><strong>quid</strong></span> 
     </span>
     <span class='ocr_line' id='line_1_33' title="bbox 176 3312 1766 3394; baseline 0 -20"><span class='ocrx_word' id='word_1_384' title='bbox 176 3314 376 3375; x_wconf 75' lang='lat' dir='ltr'><strong>muniavcro</strong></span> <span class='ocrx_word' id='word_1_385' title='bbox 395 3314 475 3387; x_wconf 83' lang='lat' dir='ltr'><strong>haec,</strong></span> <span class='ocrx_word' id='word_1_386' title='bbox 492 3321 523 3375; x_wconf 91' lang='lat' dir='ltr'><strong>ct</strong></span> <span class='ocrx_word' id='word_1_387' title='bbox 538 3315 631 3375; x_wconf 89' lang='lat' dir='ltr'><strong>unius</strong></span> <span class='ocrx_word' id='word_1_388' title='bbox 644 3332 710 3375; x_wconf 88' lang='lat' dir='ltr'><strong>esso</strong></span> <span class='ocrx_word' id='word_1_389' title='bbox 726 3313 808 3385; x_wconf 88' lang='lat' dir='ltr'><strong>facit,</strong></span> <span class='ocrx_word' id='word_1_390' title='bbox 824 3319 951 3394; x_wconf 87' lang='lat' dir='ltr'><strong>propter</strong></span> <span class='ocrx_word' id='word_1_391' title='bbox 999 3312 1160 3391; x_wconf 90' lang='lat' dir='ltr'><strong>proprium</strong></span> <span class='ocrx_word' id='word_1_392' title='bbox 1187 3312 1372 3372; x_wconf 87' lang='lat' dir='ltr'><strong>alterutrum</strong></span> <span class='ocrx_word' id='word_1_393' title='bbox 1398 3329 1470 3372; x_wconf 92' lang='lat' dir='ltr'><strong>cum</strong></span> <span class='ocrx_word' id='word_1_394' title='bbox 1497 3312 1594 3372; x_wconf 84' lang='lat' dir='ltr'><strong>altero</strong></span> <span class='ocrx_word' id='word_1_395' title='bbox 1625 3332 1766 3374; x_wconf 89' lang='lat' dir='ltr'><strong>commu·</strong></span> 
     </span>
     <span class='ocr_line' id='line_1_34' title="bbox 177 3403 1768 3485; baseline -0.001 -18"><span class='ocrx_word' id='word_1_396' title='bbox 177 3407 281 3485; x_wconf 89' lang='lat' dir='ltr'><strong>ipsam</strong></span> <span class='ocrx_word' id='word_1_397' title='bbox 301 3406 534 3468; x_wconf 83' lang='lat' dir='ltr'><strong>substantialem</strong></span> <span class='ocrx_word' id='word_1_398' title='bbox 554 3406 728 3467; x_wconf 89' lang='lat' dir='ltr'><strong>unionem:</strong></span> <span class='ocrx_word' id='word_1_399' title='bbox 756 3411 791 3465; x_wconf 90' lang='lat' dir='ltr'><strong>ut</strong></span> <span class='ocrx_word' id='word_1_400' title='bbox 813 3406 874 3465; x_wconf 86' lang='lat' dir='ltr'><strong>sint</strong></span> <span class='ocrx_word' id='word_1_401' title='bbox 896 3406 951 3465; x_wconf 89' lang='lat' dir='ltr'><strong>illa</strong></span> <span class='ocrx_word' id='word_1_402' title='bbox 999 3405 1115 3481; x_wconf 88' lang='lat' dir='ltr'><strong>nicans,</strong></span> <span class='ocrx_word' id='word_1_403' title='bbox 1132 3404 1207 3484; x_wconf 89' lang='lat' dir='ltr'><strong>quid</strong></span> <span class='ocrx_word' id='word_1_404' title='bbox 1228 3404 1267 3464; x_wconf 89' lang='lat' dir='ltr'><strong>ab</strong></span> <span class='ocrx_word' id='word_1_405' title='bbox 1288 3422 1325 3464; x_wconf 92' lang='lat' dir='ltr'><strong>eo</strong></span> <span class='ocrx_word' id='word_1_406' title='bbox 1348 3403 1579 3483; x_wconf 61' lang='lat' dir='ltr'><strong>vicissimque</strong></span> <span class='ocrx_word' id='word_1_407' title='bbox 1603 3423 1674 3465; x_wconf 92' lang='lat' dir='ltr'><strong>cum</strong></span> <span class='ocrx_word' id='word_1_408' title='bbox 1696 3405 1768 3465; x_wconf 90' lang='lat' dir='ltr'><strong>sub-</strong></span> 
     </span>
     <span class='ocr_line' id='line_1_35' title="bbox 176 3495 1768 3578; baseline 0.001 -20"><span class='ocrx_word' id='word_1_409' title='bbox 176 3498 307 3578; x_wconf 85' lang='lat' dir='ltr'><strong>quidem</strong></span> <span class='ocrx_word' id='word_1_410' title='bbox 322 3499 446 3578; x_wconf 90' lang='lat' dir='ltr'><strong>proprie</strong></span> <span class='ocrx_word' id='word_1_411' title='bbox 468 3500 594 3578; x_wconf 84' lang='lat' dir='ltr'><strong>proprIa</strong></span> <span class='ocrx_word' id='word_1_412' title='bbox 614 3499 750 3573; x_wconf 87' lang='lat' dir='ltr'><strong>alterius,</strong></span> <span class='ocrx_word' id='word_1_413' title='bbox 772 3497 951 3558; x_wconf 88' lang='lat' dir='ltr'><strong>communia</strong></span> <span class='ocrx_word' id='word_1_414' title='bbox 999 3497 1087 3573; x_wconf 89' lang='lat' dir='ltr'><strong>sistit,</strong></span> <span class='ocrx_word' id='word_1_415' title='bbox 1111 3504 1141 3557; x_wconf 88' lang='lat' dir='ltr'><strong>et</strong></span> <span class='ocrx_word' id='word_1_416' title='bbox 1159 3496 1365 3575; x_wconf 91' lang='lat' dir='ltr'><strong>compositum</strong></span> <span class='ocrx_word' id='word_1_417' title='bbox 1383 3501 1439 3569; x_wconf 87' lang='lat' dir='ltr'><strong>est,</strong></span> <span class='ocrx_word' id='word_1_418' title='bbox 1457 3495 1577 3574; x_wconf 88' lang='lat' dir='ltr'><strong>accipit.</strong></span> <span class='ocrx_word' id='word_1_419' title='bbox 1594 3497 1695 3576; x_wconf 86' lang='lat' dir='ltr'><strong>Atque</strong></span> <span class='ocrx_word' id='word_1_420' title='bbox 1709 3498 1768 3559; x_wconf 89' lang='lat' dir='ltr'><strong>hoc</strong></span> 
     </span>
     <span class='ocr_line' id='line_1_36' title="bbox 176 3586 1765 3669; baseline 0.001 -21"><span class='ocrx_word' id='word_1_421' title='bbox 176 3589 295 3649; x_wconf 86' lang='lat' dir='ltr'><strong>totius:</strong></span> <span class='ocrx_word' id='word_1_422' title='bbox 310 3589 378 3651; x_wconf 80' lang='lat' dir='ltr'><strong>haec</strong></span> <span class='ocrx_word' id='word_1_423' title='bbox 398 3607 473 3651; x_wconf 87' lang='lat' dir='ltr'><strong>vero</strong></span> <span class='ocrx_word' id='word_1_424' title='bbox 494 3590 673 3651; x_wconf 87' lang='lat' dir='ltr'><strong>communia</strong></span> <span class='ocrx_word' id='word_1_425' title='bbox 692 3590 796 3665; x_wconf 76' lang='lat' dir='ltr'><strong>udus,</strong></span> <span class='ocrx_word' id='word_1_426' title='bbox 818 3589 949 3669; x_wconf 84' lang='lat' dir='ltr'><strong>propriae</strong></span> <span class='ocrx_word' id='word_1_427' title='bbox 1000 3589 1151 3650; x_wconf 79' lang='lat' dir='ltr'><strong>distinctae</strong></span> <span class='ocrx_word' id='word_1_428' title='bbox 1161 3606 1278 3664; x_wconf 84' lang='lat' dir='ltr'><strong>revera,</strong></span> <span class='ocrx_word' id='word_1_429' title='bbox 1289 3593 1321 3649; x_wconf 89' lang='lat' dir='ltr'><strong>et</strong></span> <span class='ocrx_word' id='word_1_430' title='bbox 1330 3586 1541 3648; x_wconf 80' lang='lat' dir='ltr'><strong>sincerissImae</strong></span> <span class='ocrx_word' id='word_1_431' title='bbox 1549 3594 1595 3649; x_wconf 90' lang='lat' dir='ltr'><strong>est</strong></span> <span class='ocrx_word' id='word_1_432' title='bbox 1604 3589 1765 3666; x_wconf 91' lang='lat' dir='ltr'><strong>unitionis,</strong></span> 
     </span>
     <span class='ocr_line' id='line_1_37' title="bbox 178 3680 1768 3763; baseline 0 -20"><span class='ocrx_word' id='word_1_433' title='bbox 178 3681 319 3757; x_wconf 86' lang='lat' dir='ltr'><strong>alterius,</strong></span> <span class='ocrx_word' id='word_1_434' title='bbox 333 3687 461 3760; x_wconf 88' lang='lat' dir='ltr'><strong>propter</strong></span> <span class='ocrx_word' id='word_1_435' title='bbox 475 3682 698 3763; x_wconf 86' lang='lat' dir='ltr'><strong>proprietatem</strong></span> <span class='ocrx_word' id='word_1_436' title='bbox 712 3701 777 3743; x_wconf 89' lang='lat' dir='ltr'><strong>non</strong></span> <span class='ocrx_word' id='word_1_437' title='bbox 791 3681 951 3742; x_wconf 86' lang='lat' dir='ltr'><strong>confusam</strong></span> <span class='ocrx_word' id='word_1_438' title='bbox 999 3699 1069 3760; x_wconf 86' lang='lat' dir='ltr'><strong>quae</strong></span> <span class='ocrx_word' id='word_1_439' title='bbox 1079 3681 1245 3742; x_wconf 88' lang='lat' dir='ltr'><strong>amborum</strong></span> <span class='ocrx_word' id='word_1_440' title='bbox 1254 3680 1443 3750; x_wconf 86' lang='lat' dir='ltr'><strong>communia,</strong></span> <span class='ocrx_word' id='word_1_441' title='bbox 1455 3686 1485 3740; x_wconf 92' lang='lat' dir='ltr'><strong>et</strong></span> <span class='ocrx_word' id='word_1_442' title='bbox 1494 3699 1564 3760; x_wconf 82' lang='lat' dir='ltr'><strong>qua.</strong></span> <span class='ocrx_word' id='word_1_443' title='bbox 1574 3681 1768 3760; x_wconf 82' lang='lat' dir='ltr'><strong>singulorum</strong></span> 
     </span>
     <span class='ocr_line' id='line_1_38' title="bbox 178 3772 1769 3853; baseline -0.001 -18"><span class='ocrx_word' id='word_1_444' title='bbox 178 3773 215 3835; x_wconf 90' lang='lat' dir='ltr'><strong>in</strong></span> <span class='ocrx_word' id='word_1_445' title='bbox 228 3773 388 3835; x_wconf 87' lang='lat' dir='ltr'><strong>alterutro.</strong></span> <span class='ocrx_word' id='word_1_446' title='bbox 404 3774 474 3836; x_wconf 89' lang='lat' dir='ltr'><strong>Nou</strong></span> <span class='ocrx_word' id='word_1_447' title='bbox 489 3774 673 3835; x_wconf 87' lang='lat' dir='ltr'><strong>enimfieret</strong></span> <span class='ocrx_word' id='word_1_448' title='bbox 687 3780 797 3834; x_wconf 89' lang='lat' dir='ltr'><strong>mutua</strong></span> <span class='ocrx_word' id='word_1_449' title='bbox 810 3791 950 3834; x_wconf 91' lang='lat' dir='ltr'><strong>commu·</strong></span> <span class='ocrx_word' id='word_1_450' title='bbox 1000 3773 1216 3852; x_wconf 89' lang='lat' dir='ltr'><strong>copulatorum</strong></span> <span class='ocrx_word' id='word_1_451' title='bbox 1235 3773 1361 3853; x_wconf 87' lang='lat' dir='ltr'><strong>propria</strong></span> <span class='ocrx_word' id='word_1_452' title='bbox 1388 3776 1461 3832; x_wconf 87' lang='lat' dir='ltr'><strong>sunt</strong></span> <span class='ocrx_word' id='word_1_453' title='bbox 1488 3772 1659 3833; x_wconf 86' lang='lat' dir='ltr'><strong>ostendere.</strong></span> <span class='ocrx_word' id='word_1_454' title='bbox 1690 3774 1769 3834; x_wconf 89' lang='lat' dir='ltr'><strong>Nam</strong></span> 
     </span>
     <span class='ocr_line' id='line_1_39' title="bbox 178 3863 1769 3946; baseline -0.001 -19"><span class='ocrx_word' id='word_1_455' title='bbox 178 3865 297 3927; x_wconf 83' lang='lat' dir='ltr'><strong>nicetio</strong></span> <span class='ocrx_word' id='word_1_456' title='bbox 310 3866 506 3939; x_wconf 89' lang='lat' dir='ltr'><strong>idiomatum,</strong></span> <span class='ocrx_word' id='word_1_457' title='bbox 529 3867 587 3926; x_wconf 91' lang='lat' dir='ltr'><strong>nisi</strong></span> <span class='ocrx_word' id='word_1_458' title='bbox 607 3867 642 3927; x_wconf 89' lang='lat' dir='ltr'><strong>iu</strong></span> <span class='ocrx_word' id='word_1_459' title='bbox 657 3871 789 3944; x_wconf 88' lang='lat' dir='ltr'><strong>utroque</strong></span> <span class='ocrx_word' id='word_1_460' title='bbox 812 3869 952 3926; x_wconf 88' lang='lat' dir='ltr'><strong>maneret</strong></span> <span class='ocrx_word' id='word_1_461' title='bbox 1000 3866 1058 3927; x_wconf 92' lang='lat' dir='ltr'><strong>nisi</strong></span> <span class='ocrx_word' id='word_1_462' title='bbox 1072 3865 1244 3946; x_wconf 88' lang='lat' dir='ltr'><strong>proprietas</strong></span> <span class='ocrx_word' id='word_1_463' title='bbox 1263 3866 1400 3942; x_wconf 89' lang='lat' dir='ltr'><strong>primum</strong></span> <span class='ocrx_word' id='word_1_464' title='bbox 1417 3864 1538 3939; x_wconf 78' lang='lat' dir='ltr'><strong>cognita</strong></span> <span class='ocrx_word' id='word_1_465' title='bbox 1551 3863 1644 3925; x_wconf 84' lang='lat' dir='ltr'><strong>tuerit</strong></span> <span class='ocrx_word' id='word_1_466' title='bbox 1652 3884 1667 3942; x_wconf 89' lang='lat'><em>;</em></span> <span class='ocrx_word' id='word_1_467' title='bbox 1690 3884 1769 3926; x_wconf 90' lang='lat' dir='ltr'><strong>uun-</strong></span> 
     </span>
     <span class='ocr_line' id='line_1_40' title="bbox 179 3955 1768 4039; baseline 0 -21"><span class='ocrx_word' id='word_1_468' title='bbox 179 3956 260 4018; x_wconf 87' lang='lat' dir='ltr'><strong>etin</strong></span> <span class='ocrx_word' id='word_1_469' title='bbox 273 3957 392 4018; x_wconf 84' lang='lat' dir='ltr'><strong>unione</strong></span> <span class='ocrx_word' id='word_1_470' title='bbox 409 3959 581 4039; x_wconf 86' lang='lat' dir='ltr'><strong>proprietas</strong></span> <span class='ocrx_word' id='word_1_471' title='bbox 597 3957 775 4019; x_wconf 89' lang='lat' dir='ltr'><strong>immobilis.</strong></span> <span class='ocrx_word' id='word_1_472' title='bbox 791 3958 843 4018; x_wconf 77' lang='lat' dir='ltr'><strong>Fst</strong></span> <span class='ocrx_word' id='word_1_473' title='bbox 857 3957 952 4037; x_wconf 80' lang='lat' dir='ltr'><strong>igitur</strong></span> <span class='ocrx_word' id='word_1_474' title='bbox 999 3977 1095 4038; x_wconf 88' lang='lat' dir='ltr'><strong>quam</strong></span> <span class='ocrx_word' id='word_1_475' title='bbox 1104 3956 1310 4019; x_wconf 88' lang='lat' dir='ltr'><strong>communitas</strong></span> <span class='ocrx_word' id='word_1_476' title='bbox 1318 3955 1462 4035; x_wconf 80' lang='lat' dir='ltr'><strong>cognosci</strong></span> <span class='ocrx_word' id='word_1_477' title='bbox 1471 3955 1594 4035; x_wconf 86' lang='lat' dir='ltr'><strong>poterIt.</strong></span> <span class='ocrx_word' id='word_1_478' title='bbox 1608 3957 1768 4029; x_wconf 82' lang='lat' dir='ltr'><strong>Quomodo</strong></span> 
     </span>
     <span class='ocr_line' id='line_1_41' title="bbox 179 4046 1770 4129; baseline 0.001 -20"><span class='ocrx_word' id='word_1_479' title='bbox 179 4048 361 4129; x_wconf 86' lang='lat' dir='ltr'><strong>hujusmodi</strong></span> <span class='ocrx_word' id='word_1_480' title='bbox 378 4050 454 4110; x_wconf 90' lang='lat' dir='ltr'><strong>unio</strong></span> <span class='ocrx_word' id='word_1_481' title='bbox 478 4050 578 4128; x_wconf 79' lang='lat' dir='ltr'><strong>magis</strong></span> <span class='ocrx_word' id='word_1_482' title='bbox 599 4068 674 4126; x_wconf 85' lang='lat' dir='ltr'><strong>una,</strong></span> <span class='ocrx_word' id='word_1_483' title='bbox 700 4067 794 4129; x_wconf 85' lang='lat' dir='ltr'><strong>quam</strong></span> <span class='ocrx_word' id='word_1_484' title='bbox 808 4049 868 4125; x_wconf 73' lang='lat' dir='ltr'><strong>[ills</strong></span> <span class='ocrx_word' id='word_1_485' title='bbox 882 4067 952 4129; x_wconf 85' lang='lat' dir='ltr'><strong>quae</strong></span> <span class='ocrx_word' id='word_1_486' title='bbox 1000 4050 1085 4112; x_wconf 88' lang='lat' dir='ltr'><strong>enlm</strong></span> <span class='ocrx_word' id='word_1_487' title='bbox 1099 4049 1279 4111; x_wconf 89' lang='lat' dir='ltr'><strong>communio</strong></span> <span class='ocrx_word' id='word_1_488' title='bbox 1289 4049 1322 4109; x_wconf 87' lang='lat' dir='ltr'><strong>in</strong></span> <span class='ocrx_word' id='word_1_489' title='bbox 1335 4067 1369 4109; x_wconf 88' lang='lat' dir='ltr'><strong>re</strong></span> <span class='ocrx_word' id='word_1_490' title='bbox 1383 4048 1485 4126; x_wconf 85' lang='lat' dir='ltr'><strong>aIIqua</strong></span> <span class='ocrx_word' id='word_1_491' title='bbox 1497 4046 1565 4119; x_wconf 87' lang='lat' dir='ltr'><strong>luit,</strong></span> <span class='ocrx_word' id='word_1_492' title='bbox 1582 4047 1642 4107; x_wconf 89' lang='lat' dir='ltr'><strong>nIsi</strong></span> <span class='ocrx_word' id='word_1_493' title='bbox 1656 4067 1770 4110; x_wconf 90' lang='lat' dir='ltr'><strong>unum·</strong></span> 
     </span>
     <span class='ocr_line' id='line_1_42' title="bbox 179 4141 1769 4223; baseline -0.001 -21"><span class='ocrx_word' id='word_1_494' title='bbox 179 4141 312 4203; x_wconf 88' lang='lat' dir='ltr'><strong>omnino</strong></span> <span class='ocrx_word' id='word_1_495' title='bbox 323 4141 453 4203; x_wconf 82' lang='lat' dir='ltr'><strong>diuidit:</strong></span> <span class='ocrx_word' id='word_1_496' title='bbox 469 4149 500 4204; x_wconf 90' lang='lat' dir='ltr'><strong>et</strong></span> <span class='ocrx_word' id='word_1_497' title='bbox 513 4143 679 4221; x_wconf 90' lang='lat' dir='ltr'><strong>copiosior,</strong></span> <span class='ocrx_word' id='word_1_498' title='bbox 695 4160 789 4221; x_wconf 90' lang='lat' dir='ltr'><strong>quam</strong></span> <span class='ocrx_word' id='word_1_499' title='bbox 801 4142 866 4216; x_wconf 88' lang='lat' dir='ltr'><strong>illa,</strong></span> <span class='ocrx_word' id='word_1_500' title='bbox 881 4160 951 4222; x_wconf 83' lang='lat' dir='ltr'><strong>quae</strong></span> <span class='ocrx_word' id='word_1_501' title='bbox 1000 4144 1145 4223; x_wconf 85' lang='lat' dir='ltr'><strong>quodque</strong></span> <span class='ocrx_word' id='word_1_502' title='bbox 1167 4141 1463 4204; x_wconf 87' lang='lat' dir='ltr'><strong>communicantium</strong></span> <span class='ocrx_word' id='word_1_503' title='bbox 1488 4141 1651 4220; x_wconf 91' lang='lat' dir='ltr'><strong>proprium</strong></span> <span class='ocrx_word' id='word_1_504' title='bbox 1677 4142 1769 4221; x_wconf 90' lang='lat' dir='ltr'><strong>quip-</strong></span> 
     </span>
     <span class='ocr_line' id='line_1_43' title="bbox 180 4232 1769 4315; baseline -0.001 -20"><span class='ocrx_word' id='word_1_505' title='bbox 180 4233 308 4313; x_wconf 85' lang='lat' dir='ltr'><strong>penitus</strong></span> <span class='ocrx_word' id='word_1_506' title='bbox 320 4234 498 4310; x_wconf 79' lang='lat' dir='ltr'><strong>conlundit3</strong></span> <span class='ocrx_word' id='word_1_507' title='bbox 522 4240 558 4294; x_wconf 89' lang='lat' dir='ltr'><strong>ut</strong></span> <span class='ocrx_word' id='word_1_508' title='bbox 579 4253 648 4315; x_wconf 82' lang='lat' dir='ltr'><strong>quae</strong></span> <span class='ocrx_word' id='word_1_509' title='bbox 666 4252 768 4314; x_wconf 82' lang='lat' dir='ltr'><strong>neque</strong></span> <span class='ocrx_word' id='word_1_510' title='bbox 787 4233 877 4294; x_wconf 87' lang='lat' dir='ltr'><strong>faciat</strong></span> <span class='ocrx_word' id='word_1_511' title='bbox 897 4252 951 4314; x_wconf 90' lang='lat' dir='ltr'><strong>pe·</strong></span> <span class='ocrx_word' id='word_1_512' title='bbox 1001 4237 1085 4315; x_wconf 89' lang='lat' dir='ltr'><strong>piam</strong></span> <span class='ocrx_word' id='word_1_513' title='bbox 1097 4234 1233 4295; x_wconf 81' lang='lat' dir='ltr'><strong>babeat?</strong></span> <span class='ocrx_word' id='word_1_514' title='bbox 1244 4234 1294 4295; x_wconf 83' lang='lat' dir='ltr'><strong>Sic</strong></span> <span class='ocrx_word' id='word_1_515' title='bbox 1304 4233 1399 4312; x_wconf 83' lang='lat' dir='ltr'><strong>igitur</strong></span> <span class='ocrx_word' id='word_1_516' title='bbox 1408 4232 1587 4294; x_wconf 88' lang='lat' dir='ltr'><strong>considera:</strong></span> <span class='ocrx_word' id='word_1_517' title='bbox 1605 4234 1769 4313; x_wconf 90' lang='lat' dir='ltr'><strong>Proprium</strong></span> 
     </span>
     <span class='ocr_line' id='line_1_44' title="bbox 181 4325 1771 4406; baseline 0 -21"><span class='ocrx_word' id='word_1_518' title='bbox 181 4326 269 4386; x_wconf 90' lang='lat' dir='ltr'><strong>nitus</strong></span> <span class='ocrx_word' id='word_1_519' title='bbox 291 4326 374 4387; x_wconf 90' lang='lat' dir='ltr'><strong>idem</strong></span> <span class='ocrx_word' id='word_1_520' title='bbox 397 4345 472 4403; x_wconf 87' lang='lat' dir='ltr'><strong>esse,</strong></span> <span class='ocrx_word' id='word_1_521' title='bbox 497 4345 566 4406; x_wconf 79' lang='lat' dir='ltr'><strong>quar</strong></span> <span class='ocrx_word' id='word_1_522' title='bbox 584 4328 666 4388; x_wconf 87' lang='lat' dir='ltr'><strong>lntcr</strong></span> <span class='ocrx_word' id='word_1_523' title='bbox 692 4346 724 4389; x_wconf 89' lang='lat' dir='ltr'><strong>se</strong></span> <span class='ocrx_word' id='word_1_524' title='bbox 750 4328 839 4387; x_wconf 88' lang='lat' dir='ltr'><strong>unita</strong></span> <span class='ocrx_word' id='word_1_525' title='bbox 860 4331 949 4403; x_wconf 84' lang='lat' dir='ltr'><strong>sunt3</strong></span> <span class='ocrx_word' id='word_1_526' title='bbox 1001 4332 1048 4387; x_wconf 89' lang='lat' dir='ltr'><strong>est</strong></span> <span class='ocrx_word' id='word_1_527' title='bbox 1066 4330 1186 4387; x_wconf 81' lang='lat' dir='ltr'><strong>naturae</strong></span> <span class='ocrx_word' id='word_1_528' title='bbox 1207 4326 1261 4387; x_wconf 88' lang='lat' dir='ltr'><strong>Dei</strong></span> <span class='ocrx_word' id='word_1_529' title='bbox 1281 4325 1388 4397; x_wconf 88' lang='lat' dir='ltr'><strong>Verbi,</strong></span> <span class='ocrx_word' id='word_1_530' title='bbox 1407 4342 1476 4403; x_wconf 90' lang='lat' dir='ltr'><strong>quaa</strong></span> <span class='ocrx_word' id='word_1_531' title='bbox 1491 4325 1667 4405; x_wconf 87' lang='lat' dir='ltr'><strong>assumpsit,</strong></span> <span class='ocrx_word' id='word_1_532' title='bbox 1683 4325 1771 4385; x_wconf 92' lang='lat' dir='ltr'><strong>utsit</strong></span> 
     </span>
     <span class='ocr_line' id='line_1_45' title="bbox 182 4413 1768 4498; baseline 0.001 -21"><span class='ocrx_word' id='word_1_533' title='bbox 182 4413 286 4496; x_wconf 85' lang='lat' dir='ltr'><strong>nequo</strong></span> <span class='ocrx_word' id='word_1_534' title='bbox 299 4420 421 4497; x_wconf 89' lang='lat' dir='ltr'><strong>penitus</strong></span> <span class='ocrx_word' id='word_1_535' title='bbox 436 4418 602 4479; x_wconf 89' lang='lat' dir='ltr'><strong>diversum.</strong></span> <span class='ocrx_word' id='word_1_536' title='bbox 618 4440 634 4477; x_wconf 81' lang='lat' dir='ltr'><strong>u</strong></span> <span class='ocrx_word' id='word_1_537' title='bbox 1001 4420 1098 4480; x_wconf 88' lang='lat' dir='ltr'><strong>Filius</strong></span> <span class='ocrx_word' id='word_1_538' title='bbox 1112 4419 1186 4480; x_wconf 82' lang='lat' dir='ltr'><strong>Ilei:</strong></span> <span class='ocrx_word' id='word_1_539' title='bbox 1202 4417 1363 4498; x_wconf 90' lang='lat' dir='ltr'><strong>proprium</strong></span> <span class='ocrx_word' id='word_1_540' title='bbox 1377 4424 1542 4495; x_wconf 78' lang='lat' dir='ltr'><strong>assumptae</strong></span> <span class='ocrx_word' id='word_1_541' title='bbox 1561 4417 1698 4477; x_wconf 91' lang='lat' dir='ltr'><strong>hominis</strong></span> <span class='ocrx_word' id='word_1_542' title='bbox 1712 4436 1768 4478; x_wconf 86' lang='lat' dir='ltr'><strong>na·</strong></span> 
     </span>
     <span class='ocr_line' id='line_1_46' title="bbox 17 4508 1770 4591; baseline 0.001 -23"><span class='ocrx_word' id='word_1_543' title='bbox 17 4542 20 4551; x_wconf 49' lang='grc' dir='ltr'><strong><em>ι</em></strong></span> <span class='ocrx_word' id='word_1_544' title='bbox 224 4509 376 4570; x_wconf 83' lang='lat' dir='ltr'><strong>blaximus</strong></span> <span class='ocrx_word' id='word_1_545' title='bbox 403 4529 476 4571; x_wconf 86' lang='lat' dir='ltr'><strong>vero</strong></span> <span class='ocrx_word' id='word_1_546' title='bbox 504 4515 643 4591; x_wconf 81' lang='lat' dir='ltr'><strong>martyr,</strong></span> <span class='ocrx_word' id='word_1_547' title='bbox 659 4518 781 4574; x_wconf 72' lang='grc' dir='ltr'><strong>ἀντίδοσιν</strong></span> <span class='ocrx_word' id='word_1_548' title='bbox 811 4512 951 4573; x_wconf 86' lang='lat' dir='ltr'><strong>eamdem</strong></span> <span class='ocrx_word' id='word_1_549' title='bbox 1002 4516 1093 4584; x_wconf 78' lang='lat' dir='ltr'><strong>turae,</strong></span> <span class='ocrx_word' id='word_1_550' title='bbox 1116 4517 1152 4571; x_wconf 90' lang='lat' dir='ltr'><strong>ut</strong></span> <span class='ocrx_word' id='word_1_551' title='bbox 1175 4511 1366 4571; x_wconf 87' lang='lat' dir='ltr'><strong>sithominis</strong></span> <span class='ocrx_word' id='word_1_552' title='bbox 1386 4509 1478 4569; x_wconf 89' lang='lat' dir='ltr'><strong>filius.</strong></span> <span class='ocrx_word' id='word_1_553' title='bbox 1502 4508 1555 4568; x_wconf 86' lang='lat' dir='ltr'><strong>His</strong></span> <span class='ocrx_word' id='word_1_554' title='bbox 1577 4527 1651 4588; x_wconf 78' lang='lat' dir='ltr'><strong>ergo</strong></span> <span class='ocrx_word' id='word_1_555' title='bbox 1672 4509 1770 4570; x_wconf 90' lang='lat' dir='ltr'><strong>mistis</strong></span> 
     </span>
     <span class='ocr_line' id='line_1_47' title="bbox 182 4600 1770 4680; baseline 0.002 -20"><span class='ocrx_word' id='word_1_556' title='bbox 182 4600 295 4679; x_wconf 90' lang='lat' dir='ltr'><strong>probat</strong></span> <span class='ocrx_word' id='word_1_557' title='bbox 304 4602 474 4663; x_wconf 83' lang='lat' dir='ltr'><strong>necessario</strong></span> <span class='ocrx_word' id='word_1_558' title='bbox 488 4602 562 4675; x_wconf 90' lang='lat' dir='ltr'><strong>duo,</strong></span> <span class='ocrx_word' id='word_1_559' title='bbox 582 4608 613 4662; x_wconf 91' lang='lat' dir='ltr'><strong>et</strong></span> <span class='ocrx_word' id='word_1_560' title='bbox 624 4601 742 4664; x_wconf 88' lang='lat' dir='ltr'><strong>diversa</strong></span> <span class='ocrx_word' id='word_1_561' title='bbox 756 4608 928 4664; x_wconf 85' lang='lat' dir='ltr'><strong>monstrare</strong></span> <span class='ocrx_word' id='word_1_562' title='bbox 944 4622 951 4662; x_wconf 92' lang='lat'><strong>:</strong></span> <span class='ocrx_word' id='word_1_563' title='bbox 1001 4604 1082 4664; x_wconf 87' lang='lat' dir='ltr'><strong>inter</strong></span> <span class='ocrx_word' id='word_1_564' title='bbox 1095 4621 1127 4663; x_wconf 87' lang='lat' dir='ltr'><strong>sc</strong></span> <span class='ocrx_word' id='word_1_565' title='bbox 1142 4602 1272 4677; x_wconf 88' lang='lat' dir='ltr'><strong>naturis,</strong></span> <span class='ocrx_word' id='word_1_566' title='bbox 1288 4607 1319 4662; x_wconf 89' lang='lat' dir='ltr'><strong>et</strong></span> <span class='ocrx_word' id='word_1_567' title='bbox 1332 4601 1364 4661; x_wconf 89' lang='lat' dir='ltr'><strong>in</strong></span> <span class='ocrx_word' id='word_1_568' title='bbox 1375 4618 1407 4661; x_wconf 90' lang='lat' dir='ltr'><strong>se</strong></span> <span class='ocrx_word' id='word_1_569' title='bbox 1417 4607 1526 4660; x_wconf 88' lang='lat' dir='ltr'><strong>mutuo</strong></span> <span class='ocrx_word' id='word_1_570' title='bbox 1537 4602 1770 4680; x_wconf 88' lang='lat' dir='ltr'><strong>permeantibus</strong></span> 
     </span>
     <span class='ocr_line' id='line_1_48' title="bbox 180 4691 1769 4774; baseline 0.002 -23"><span class='ocrx_word' id='word_1_571' title='bbox 180 4691 323 4772; x_wconf 80' lang='lat' dir='ltr'><strong>quonium</strong></span> <span class='ocrx_word' id='word_1_572' title='bbox 337 4692 425 4754; x_wconf 82' lang='lat' dir='ltr'><strong>unius</strong></span> <span class='ocrx_word' id='word_1_573' title='bbox 437 4711 494 4754; x_wconf 84' lang='lat' dir='ltr'><strong>essa</strong></span> <span class='ocrx_word' id='word_1_574' title='bbox 508 4701 670 4774; x_wconf 77' lang='lat' dir='ltr'><strong>conpareat</strong></span> <span class='ocrx_word' id='word_1_575' title='bbox 684 4714 692 4754; x_wconf 90' lang='lat'><strong>:</strong></span> <span class='ocrx_word' id='word_1_576' title='bbox 707 4701 775 4755; x_wconf 91' lang='lat' dir='ltr'><strong>tum</strong></span> <span class='ocrx_word' id='word_1_577' title='bbox 789 4713 863 4756; x_wconf 88' lang='lat' dir='ltr'><strong>vero</strong></span> <span class='ocrx_word' id='word_1_578' title='bbox 886 4693 955 4755; x_wconf 86' lang='lat' dir='ltr'><strong>uni·</strong></span> <span class='ocrx_word' id='word_1_579' title='bbox 1002 4695 1123 4755; x_wconf 87' lang='lat' dir='ltr'><strong>ratione</strong></span> <span class='ocrx_word' id='word_1_580' title='bbox 1144 4693 1336 4766; x_wconf 88' lang='lat' dir='ltr'><strong>cohaesionis,</strong></span> <span class='ocrx_word' id='word_1_581' title='bbox 1363 4698 1393 4753; x_wconf 90' lang='lat' dir='ltr'><strong>et</strong></span> <span class='ocrx_word' id='word_1_582' title='bbox 1415 4692 1580 4766; x_wconf 88' lang='lat' dir='ltr'><strong>unitionis,</strong></span> <span class='ocrx_word' id='word_1_583' title='bbox 1600 4694 1769 4756; x_wconf 87' lang='lat' dir='ltr'><strong>miscentur</strong></span> 
     </span>
     <span class='ocr_line' id='line_1_49' title="bbox 184 4783 1770 4867; baseline 0.003 -24"><span class='ocrx_word' id='word_1_584' title='bbox 184 4783 314 4863; x_wconf 74' lang='lat' dir='ltr'><strong>donem,</strong></span> <span class='ocrx_word' id='word_1_585' title='bbox 330 4802 461 4866; x_wconf 86' lang='lat' dir='ltr'><strong>eamque</strong></span> <span class='ocrx_word' id='word_1_586' title='bbox 474 4786 660 4863; x_wconf 80' lang='lat' dir='ltr'><strong>maximam,</strong></span> <span class='ocrx_word' id='word_1_587' title='bbox 676 4805 747 4866; x_wconf 83' lang='lat' dir='ltr'><strong>quae</strong></span> <span class='ocrx_word' id='word_1_588' title='bbox 760 4786 955 4864; x_wconf 80' lang='lat' dir='ltr'><strong>singulorum</strong></span> <span class='ocrx_word' id='word_1_589' title='bbox 1003 4787 1113 4847; x_wconf 90' lang='lat' dir='ltr'><strong>eodem</strong></span> <span class='ocrx_word' id='word_1_590' title='bbox 1126 4786 1231 4859; x_wconf 91' lang='lat' dir='ltr'><strong>modo,</strong></span> <span class='ocrx_word' id='word_1_591' title='bbox 1248 4785 1326 4845; x_wconf 92' lang='lat' dir='ltr'><strong>etin</strong></span> <span class='ocrx_word' id='word_1_592' title='bbox 1346 4783 1525 4845; x_wconf 85' lang='lat' dir='ltr'><strong>seinvicem</strong></span> <span class='ocrx_word' id='word_1_593' title='bbox 1540 4795 1702 4865; x_wconf 89' lang='lat' dir='ltr'><strong>permeant</strong></span> <span class='ocrx_word' id='word_1_594' title='bbox 1714 4807 1770 4867; x_wconf 89' lang='lat' dir='ltr'><strong>ap·</strong></span> 
     </span>
    </p>
   </div>
   <div class='ocr_carea' id='block_1_3' title="bbox 179 5034 1769 5275">
    <p class='ocr_par' dir='ltr' id='par_1_3' title="bbox 179 5034 1769 5275">
     <span class='ocr_line' id='line_1_50' title="bbox 218 5034 1769 5110; baseline -0.001 -18"><span class='ocrx_word' id='word_1_595' title='bbox 218 5052 241 5092; x_wconf 88' lang='lat' dir='ltr'><strong>a</strong></span> <span class='ocrx_word' id='word_1_596' title='bbox 259 5037 363 5093; x_wconf 81' lang='grc' dir='ltr'><strong>Μννιν.</strong></span> <span class='ocrx_word' id='word_1_597' title='bbox 380 5034 410 5092; x_wconf 88' lang='lat' dir='ltr'><strong>ln</strong></span> <span class='ocrx_word' id='word_1_598' title='bbox 423 5039 506 5109; x_wconf 79' lang='lat' dir='ltr'><strong>Dtsp.</strong></span> <span class='ocrx_word' id='word_1_599' title='bbox 521 5050 587 5092; x_wconf 81' lang='lat' dir='ltr'><strong>oum</strong></span> <span class='ocrx_word' id='word_1_600' title='bbox 600 5041 668 5110; x_wconf 72' lang='lat' dir='ltr'><strong>Pyr.</strong></span> <span class='ocrx_word' id='word_1_601' title='bbox 685 5037 737 5094; x_wconf 93' lang='lat' dir='ltr'><strong>col.</strong></span> <span class='ocrx_word' id='word_1_602' title='bbox 753 5039 807 5095; x_wconf 80' lang='lat'><strong>762</strong></span> <span class='ocrx_word' id='word_1_603' title='bbox 820 5037 849 5093; x_wconf 92' lang='lat' dir='ltr'><strong>in</strong></span> <span class='ocrx_word' id='word_1_604' title='bbox 865 5035 951 5100; x_wconf 91' lang='lat' dir='ltr'><strong>calce,</strong></span> <span class='ocrx_word' id='word_1_605' title='bbox 1039 5037 1056 5093; x_wconf 81' lang='lat' dir='ltr'><strong>d</strong></span> <span class='ocrx_word' id='word_1_606' title='bbox 1075 5036 1180 5093; x_wconf 79' lang='lat' dir='ltr'><strong>&#39;Iason</strong></span> <span class='ocrx_word' id='word_1_607' title='bbox 1202 5036 1295 5092; x_wconf 77' lang='lat' dir='ltr'><strong>Ilnnr.</strong></span> <span class='ocrx_word' id='word_1_608' title='bbox 1311 5040 1379 5090; x_wconf 88' lang='lat' dir='ltr'><strong>tom.</strong></span> <span class='ocrx_word' id='word_1_609' title='bbox 1397 5034 1420 5090; x_wconf 96' lang='lat' dir='ltr'><strong>II</strong></span> <span class='ocrx_word' id='word_1_610' title='bbox 1434 5036 1497 5092; x_wconf 84' lang='lat' dir='ltr'><strong>Btb.</strong></span> <span class='ocrx_word' id='word_1_611' title='bbox 1522 5035 1598 5090; x_wconf 79' lang='lat' dir='ltr'><strong>‘lna</strong></span> <span class='ocrx_word' id='word_1_612' title='bbox 1623 5037 1666 5090; x_wconf 77' lang='lat' dir='ltr'><strong>tio</strong></span> <span class='ocrx_word' id='word_1_613' title='bbox 1687 5037 1769 5108; x_wconf 67' lang='lat' dir='ltr'><strong>pieac</strong></span> 
     </span>
     <span class='ocr_line' id='line_1_51' title="bbox 179 5116 1768 5192; baseline -0.001 -17"><span class='ocrx_word' id='word_1_614' title='bbox 179 5125 251 5175; x_wconf 83' lang='lat' dir='ltr'><strong>lom.</strong></span> <span class='ocrx_word' id='word_1_615' title='bbox 267 5118 329 5177; x_wconf 81' lang='lat' dir='ltr'><strong>Vlll</strong></span> <span class='ocrx_word' id='word_1_616' title='bbox 343 5123 422 5175; x_wconf 72' lang='lat' dir='ltr'><strong>Anat.</strong></span> <span class='ocrx_word' id='word_1_617' title='bbox 437 5119 535 5176; x_wconf 78' lang='lat' dir='ltr'><strong>Baton.</strong></span> <span class='ocrx_word' id='word_1_618' title='bbox 555 5121 683 5192; x_wconf 76' lang='grc' dir='ltr'><strong>Πρόδηλον</strong></span> <span class='ocrx_word' id='word_1_619' title='bbox 697 5119 734 5187; x_wconf 73' lang='grc' dir='ltr'><strong>δὲ,</strong></span> <span class='ocrx_word' id='word_1_620' title='bbox 750 5121 784 5183; x_wconf 81' lang='grc' dir='ltr'><strong>ὣς</strong></span> <span class='ocrx_word' id='word_1_621' title='bbox 803 5119 953 5189; x_wconf 72' lang='grc' dir='ltr'><strong>ἣᾶντῖδοσις</strong></span> <span class='ocrx_word' id='word_1_622' title='bbox 1002 5118 1126 5181; x_wconf 79' lang='grc' dir='ltr'><strong>οὗσνωδῶς</strong></span> <span class='ocrx_word' id='word_1_623' title='bbox 1153 5118 1289 5192; x_wconf 68' lang='grc' dir='ltr'><strong>ἡνωμένος,</strong></span> <span class='ocrx_word' id='word_1_624' title='bbox 1318 5125 1372 5174; x_wconf 82' lang='lat' dir='ltr'><strong>ele.</strong></span> <span class='ocrx_word' id='word_1_625' title='bbox 1403 5116 1480 5171; x_wconf 68' lang='lat' dir='ltr'><strong>’Alit</strong></span> <span class='ocrx_word' id='word_1_626' title='bbox 1501 5119 1541 5172; x_wconf 81' lang='grc' dir='ltr'><strong>καὶ</strong></span> <span class='ocrx_word' id='word_1_627' title='bbox 1564 5119 1648 5173; x_wconf 71' lang='lat' dir='ltr'><strong>iadau</strong></span> <span class='ocrx_word' id='word_1_628' title='bbox 1667 5124 1697 5192; x_wconf 79' lang='grc' dir='ltr'><strong>τῇ</strong></span> <span class='ocrx_word' id='word_1_629' title='bbox 1714 5121 1768 5174; x_wconf 79' lang='grc' dir='ltr'><strong>καθ’</strong></span> 
     </span>
     <span class='ocr_line' id='line_1_52' title="bbox 179 5200 1613 5275; baseline 0 -20"><span class='ocrx_word' id='word_1_630' title='bbox 179 5201 236 5265; x_wconf 69' lang='grc' dir='ltr'><strong>ἐνὸς</strong></span> <span class='ocrx_word' id='word_1_631' title='bbox 245 5201 289 5255; x_wconf 79' lang='grc' dir='ltr'><strong>οὖν</strong></span> <span class='ocrx_word' id='word_1_632' title='bbox 300 5202 377 5267; x_wconf 81' lang='grc' dir='ltr'><strong>ἔστιν,</strong></span> <span class='ocrx_word' id='word_1_633' title='bbox 393 5202 458 5256; x_wconf 75' lang='grc' dir='ltr'>ἀλλὰ</span> <span class='ocrx_word' id='word_1_634' title='bbox 471 5204 524 5268; x_wconf 68' lang='grc' dir='ltr'><strong>δύο,</strong></span> <span class='ocrx_word' id='word_1_635' title='bbox 539 5205 580 5257; x_wconf 78' lang='lat' dir='ltr'><strong>rai</strong></span> <span class='ocrx_word' id='word_1_636' title='bbox 589 5204 690 5259; x_wconf 73' lang='grc' dir='ltr'><strong>ἀνίσων.</strong></span> <span class='ocrx_word' id='word_1_637' title='bbox 1001 5202 1136 5258; x_wconf 58' lang='lat' dir='ltr'><strong>transeo</strong></span> <span class='ocrx_word' id='word_1_638' title='bbox 1148 5201 1318 5264; x_wconf 78' lang='grc' dir='ltr'>ἀδιασπάστως</span> <span class='ocrx_word' id='word_1_639' title='bbox 1331 5203 1391 5274; x_wconf 70' lang='grc' dir='ltr'><strong>ἅμα,</strong></span> <span class='ocrx_word' id='word_1_640' title='bbox 1405 5202 1447 5254; x_wconf 74' lang='grc' dir='ltr'><strong>καὶ</strong></span> <span class='ocrx_word' id='word_1_641' title='bbox 1461 5200 1613 5275; x_wconf 54' lang='lat' dir='ltr'><strong>&amp;vandram</strong></span> 
     </span>
    </p>
   </div>
   <div class='ocr_carea' id='block_1_4' title="bbox 205 5427 935 5488">
    <p class='ocr_par' dir='ltr' id='par_1_4' title="bbox 205 5427 935 5488">
     <span class='ocr_line' id='line_1_53' title="bbox 205 5427 935 5488; baseline -0.003 -13"><span class='ocrx_word' id='word_1_642' title='bbox 205 5430 217 5475; x_wconf 80' lang='lat' dir='ltr'><strong>r</strong></span> <span class='ocrx_word' id='word_1_643' title='bbox 233 5429 292 5475; x_wconf 77' lang='grc' dir='ltr'><strong>τοο.</strong></span> <span class='ocrx_word' id='word_1_644' title='bbox 305 5429 435 5477; x_wconf 70' lang='grc' dir='ltr'><strong>νυνι-ν</strong></span> <span class='ocrx_word' id='word_1_645' title='bbox 447 5429 522 5475; x_wconf 69' lang='lat' dir='ltr'><strong>tour.</strong></span> <span class='ocrx_word' id='word_1_646' title='bbox 534 5437 549 5474; x_wconf 83' lang='grc' dir='ltr'><strong>ν.</strong></span> <span class='ocrx_word' id='word_1_647' title='bbox 560 5429 651 5477; x_wconf 76' lang='lat' dir='ltr'><strong>unia</strong></span> <span class='ocrx_word' id='word_1_648' title='bbox 661 5441 709 5487; x_wconf 72' lang='grc' dir='ltr'><strong>ρον.</strong></span> <span class='ocrx_word' id='word_1_649' title='bbox 720 5427 799 5475; x_wconf 89' lang='lat' dir='ltr'><strong>u.-a</strong></span> <span class='ocrx_word' id='word_1_650' title='bbox 811 5429 847 5488; x_wconf 76' lang='lat' dir='ltr'><strong>sr</strong></span> <span class='ocrx_word' id='word_1_651' title='bbox 858 5433 935 5486; x_wconf 74' lang='grc' dir='ltr'><strong>ονοοο.</strong></span> 
     </span>
    </p>
   </div>
   <div class='ocr_carea' id='block_1_5' title="bbox 0 0 2046 6164">
    <p class='ocr_par' dir='ltr' id='par_1_5' title="bbox 0 0 2046 6164">
     <span class='ocr_line' id='line_1_54' title="bbox 0 0 2046 6164; baseline 0 0"><span class='ocrx_word' id='word_1_652' title='bbox 0 0 2046 6164; x_wconf 95' lang='lat' dir='ltr'><strong> </strong></span> 
     </span>
    </p>
   </div>
  </div>
 </body>
</html>
