4036 6162
521 366 572 426 DE
591 364 892 436 INCARNATIONE,
913 365 992 427 LIB.
1015 366 1074 439 III,
1102 366 1185 428 CAP.
1208 369 1250 428 Il.
1610 359 1669 425 373

102 549 177 604 ean3
196 527 399 591 adunationem
416 526 573 608 appellunt
588 547 596 587 ι
612 532 648 588 ut
671 524 801 606 Vigilius
822 526 856 586 in
903 529 1234 610 reciditzquatlyrillus
1247 531 1376 611 utitur⁷,
1387 542 1505 615 σομὸασιν
1513 540 1667 615 οἰκονομικὴν
1705 522 1828 595 mem<

103 622 198 685 eodem
212 622 267 683 illo
280 621 356 683 loco.
905 639 1027 683 vocans.
1054 623 1116 684 Nec
1138 642 1201 684 non
1214 625 1353 704 ejusdem
1374 626 1502 705 originis
1519 643 1593 686 vero
1609 645 1617 701 ;
1633 632 1669 685 ut
1706 593 1827 640 mmm·

31 759 55 774 ,.
137 714 170 774 V.
187 713 303 776 Dicitur
322 719 353 775 et
373 713 413 775 ab
429 713 543 775 Gracia
562 711 616 773 illa
634 710 742 772 eadem
764 708 857 769 unitio
906 715 939 775 in
952 713 1032 774 libro
1045 716 1146 794 primo
1161 725 1261 778 contro
1287 717 1466 786 Nestorium,
1484 740 1500 775 ο
1513 735 1669 777 summam

0 819 85 897 ‘m
102 815 204 881 ώνοοος,
224 812 262 867 ut
282 807 321 866 ab
341 805 458 886 Cyrillo
478 803 560 866 libro
580 804 621 865 XI
648 809 679 865 in
692 802 853 867 loannem,
905 806 1080 868 unitionem
1099 809 1232 888 appellet
1252 810 1497 871 convenientiam
1511 811 1591 869 inter
1604 828 1665 870 seo

32 911 80 949 νῖν
101 918 133 963 uc
163 897 345 978 plerumque
382 897 487 958 addito
521 897 617 959 utero
644 894 793 956 vocabulo
813 908 857 971 τῆς
906 903 1089 959 naturarum
1106 901 1189 975 :et
1217 922 1233 958 ι
1247 902 1424 963 convenisse
1446 901 1579 961 invicem
1601 901 1669 961 uni·

102 991 276 1066 ismael
295 1000 329 1062 εἰς
342 992 510 1053 locustio
523 989 645 1068 dialogo
665 988 856 1055 ἀοΙηοοινιο-
904 990 989 1051 tiona
1007 991 1204 1071 inseparabili
1218 991 1244 1054 ί.
1261 1014 1276 1050 ν
1298 994 1491 1073 sophronius
1504 994 1578 1054 item
1600 1010 1669 1053 eum

102 1087 229 1158 nudam
256 1084 511 1155 «Asseveramus,
533 1083 646 1162 inquit,
669 1091 857 1147 conventum
905 1100 1013 1143 vocem
1045 1089 1173 1165 usurpat
1204 1087 1237 1145 in
1271 1085 1399 1165 epistola
1429 1084 1469 1146 od
1494 1082 1667 1167 Serpinffl,

103 1175 271 1255 quemdam,
287 1180 317 1236 et
331 1193 516 1236 concrusum
529 1174 615 1235 omni
630 1174 752 1237 ratione
767 1195 857 1255 supe·
906 1175 965 1248 Qui
974 1180 1005 1236 et
1015 1176 1117 1237 verbis
1127 1186 1287 1252 συντίθεσθαι,
1302 1187 1504 1259 περιπλέκεσθαι,
1527 1182 1559 1238 et
1575 1186 1668 1239 σινάπ-

102 1267 204 1330 n'orem
218 1266 260 1327 ad
274 1268 448 1329 unitionem
461 1267 673 1346 inequalium,
690 1275 721 1328 et
728 1267 859 1331 dissimi-
907 1274 1001 1340 τεσθαι,
1017 1267 1101 1347 quod
1113 1275 1159 1330 est
1170 1269 1314 1351 componi,
1332 1277 1362 1331 et
1374 1270 1525 1351 conjunpt,
1535 1269 1633 1330 utitur
1644 1267 1667 1329 ⁰.

102 1359 168 1420 lium
179 1360 297 1422 fectum
311 1377 376 1421 esse
388 1367 572 1421 naturarum
584 1357 613 1418 l:
627 1377 716 1438 oquae
728 1362 858 1423 totidem
946 1359 1132 1421 Athanasius
1146 1361 1305 1422 unitionem
1321 1361 1407 1423 illem
1420 1367 1510 1422 vocat
1524 1368 1621 1442 teneto,
1636 1389 1668 1422 κα

102 1450 859 1533 rerbisinProsphonetieoadTheodosiumlmpe
906 1459 1012 1514 ὠνθεσιν
1034 1450 1071 1514 ¹⁰.
1106 1452 1244 1514 Andreas
1275 1454 1446 1527 Cretensis,
1480 1463 1599 1527 stetero,
1630 1465 1669 1515 καὶ

102 1548 225 1603 retorem
261 1542 411 1622 leguntur
425 1542 449 1617 ¹,
478 1562 517 1604 ex
536 1559 598 1623 quo
620 1543 806 1623 Euthymius
824 1545 858 1606 in
906 1549 1020 1606 οὖσιωσιν
1034 1543 1084 1604 ¹¹:
1111 1564 1182 1626 quae
1208 1548 1361 1625 posterior
1377 1564 1439 1608 vox
1466 1545 1671 1607 substantiane

102 1634 242 1716 Ponoplio
256 1635 311 1695 ills
324 1634 516 1714 descripsit¹.
905 1635 993 1697 reddi
1014 1642 1124 1714 potest,
1140 1638 1199 1699 hoc
1217 1644 1263 1698 est
1283 1638 1473 1707 substantiva
1486 1644 1669 1701 naturarum
1718 1680 1742 1719 .‚

134 1725 330 1789 Memorabile
345 1732 391 1788 est
405 1728 444 1788 ad
461 1727 541 1789 hunc
554 1746 622 1789 rem
635 1728 773 1807 ejusdem
793 1729 858 1807 (ly-
906 1729 1095 1808 coujunctio.
1109 1731 1128 1791 J
1131 1738 1247 1792 oannes
1253 1732 1462 1793 Damascenus
1473 1729 1671 1791 inliioleoticc
1696 1698 1841 1815 mm?

101 1818 154 1880 rilli
178 1817 452 1881 Anotbemismatns
473 1819 602 1896 tertius3
622 1821 657 1880 in
677 1838 855 1899 quorsum,
907 1820 1015 1881 scribit
1044 1823 1187 1883 omnium
1223 1842 1384 1900 consensu,
1420 1827 1602 1883 naturarum
1637 1822 1671 1881 in
1748 1822 1787 1867 uo,

101 1917 129 1971 et
143 1912 304 1973 notionem
319 1914 480 1974 tamvocis
493 1911 598 1991 hujus,
614 1930 709 1992 quem
728 1912 858 1972 alierum
908 1912 1030 1974 Christo
1057 1914 1284 1994 copulationem
1308 1917 1481 1994 nuncupari
1515 1911 1670 1974 ‹Unitio-

100 2006 230 2083 mporim
256 2004 480 2065 recensitarum
502 2002 658 2084 exprimit,
685 2003 755 2064 cSi
776 2005 857 2082 quis,
907 2023 992 2079 nem,
1009 2023 1079 2084 quic
1097 2005 1133 2066 fit
1153 2007 1324 2068 secundum
1346 2007 1601 2087 compositionem
1614 2014 1635 2076 ⁶,
1651 2027 1666 2062 ο

101 2096 203 2175 inqrrit,
227 2115 268 2158 ex
282 2096 425 2176 Dionysii
446 2096 556 2175 Exigui
577 2097 728 2170 versione,
748 2100 781 2156 in
794 2114 858 2156 uno
907 2115 1000 2176 quam
1013 2097 1196 2159 itsdefinit:
1218 2124 1232 2152 ι
1246 2099 1533 2160 Unitiosecundum
1542 2114 1670 2176 compo-

102 2188 214 2249 Ohristo
237 2188 347 2249 dividit
372 2186 558 2267 snbstantias
576 2192 646 2267 post
672 2185 857 2263 unitionem,
907 2189 1059 2262 sitionem,
1073 2189 1186 2268 inquit,
1201 2192 1392 2270 estpertium
1414 2191 1491 2251 citra
1510 2189 1671 2249 interitum

99 2280 161 2339 sola
174 2297 225 2340 ees
237 2279 379 2340 societate
394 2279 595 2358 conjungens,
612 2296 659 2351 ee,
671 2297 739 2357 quae
749 2296 858 2340 secun·
907 2281 1087 2342 coeuntium
1100 2281 1133 2341 in
1147 2300 1180 2342 se
1192 2282 1326 2343 invicem
1340 2280 1503 2344 existentis
1515 2280 1536 2341 ί.
1551 2300 1566 2337 ν
1583 2280 1672 2353 Quod

99 2370 174 2431 dum
187 2370 365 2450 dignitatem
382 2376 439 2446 est,
455 2371 504 2432 vel
520 2371 614 2432 etiem
633 2371 858 2447 auctoritatem,
908 2372 1118 2451 conjunctioni
1142 2373 1177 2433 in
1199 2374 1320 2435 Christo
1339 2380 1522 2435 naturarum
1539 2372 1673 2432 duarum

99 2468 151 2523 aut
168 2466 368 2541 potestatem
391 2469 423 2524 ct
443 2480 508 2524 non
527 2463 627 2541 magis
647 2468 801 2524 conventu
821 2464 860 2524 ad
908 2466 1023 2544 optime
1037 2465 1196 2539 convenit;
1214 2471 1248 2526 ut
1266 2471 1296 2526 et
1309 2466 1433 2537 animae,
1445 2484 1481 2526 ac
1494 2462 1672 2544 corporisiu

100 2553 243 2616 enimtem
264 2554 456 2631 natiualem,
478 2554 645 2615 anathema
669 2555 708 2615 sit
720 2563 773 2615 τ.»
800 2555 860 2616 Hic
908 2557 1047 2631 homine;
1063 2557 1146 2635 quod
1159 2558 1337 2637 exemplum
1354 2559 1559 2619 Damascenus
1572 2555 1670 2616 affert.

100 2653 178 2709 ίνωσιν
205 2654 309 2726 φυσικὴν
337 2646 503 2725 Dionysius
538 2646 683 2707 unitatem
717 2645 859 2724 reddidit,
910 2649 993 2715 Quin
1006 2654 1038 2710 et
1050 2652 1172 2729 συμφυΐαν
1186 2649 1300 2710 ibidem
1311 2655 1412 2725 vocat,
1425 2649 1674 2710 hocestootnro-

101 2755 185 2816 qnum
200 2744 230 2799 et
244 2738 409 2800 unitionem
422 2737 576 2818 appellere
589 2737 702 2815 potuit,
711 2743 747 2798 ut
756 2739 860 2817 proxi·
909 2738 964 2800 lem
985 2739 1224 2820 conjunctionem,
1250 2759 1307 2802 uec
1329 2759 1394 2801 non
1416 2738 1580 2818 Gregorius
1594 2739 1673 2818 Nys-

100 2835 225 2892 meante
236 2829 367 2906 iecerat,
380 2830 418 2890 Et
427 2829 529 2884 σύνοδον
542 2835 723 2890 conventum.
734 2830 860 2892 Menen—
909 2848 1002 2892 senus
1015 2834 1049 2892 in
1062 2836 1172 2912 quartu
1185 2829 1320 2892 adoneus
1333 2828 1553 2892 Eunomium¹².
1568 2830 1625 2902 Qui
1639 2829 1674 2888 in

100 2921 154 2981 tius
166 2922 383 2985 couventionem
397 2925 486 2982 vocat
497 2917 581 2993 ⁸,nbi
596 2920 863 2997 Christumucon·
914 2919 1095 2985 Catecbctioi
1105 2923 1177 2983 libri
1191 2924 1289 3003 capite
1302 2940 1369 2999 nnn
1383 2921 1495 2983 animae
1505 2938 1578 2981 cum
1584 2938 1674 2981 carne

101 3011 195 3074 litetm
213 3014 250 3075 in
273 3011 395 3075 duabus
417 3011 606 3085 substantiis,
628 3013 773 3090 netureli,
797 3032 862 3074 non
911 3014 1187 3094 copulationemt»
1203 3033 1240 3075 eo
1253 3013 1381 3075 nomine
1394 3012 1675 3074 auctmentum

101 3105 244 3182 personali
259 3106 469 3175 conventione
482 3104 605 3165 emittes
625 3104 760 3166 Necnon
770 3106 863 3166 Deus·
915 3107 1139 3185 «conjunctum
1152 3106 1210 3168 sibi
1228 3106 1400 3169 humanam
1414 3111 1556 3168 naturum
1562 3103 1676 3166 habere

100 3195 175 3258 dedit
198 3198 367 3279 episcopus
392 3197 560 3271 Sardinia,
596 3195 630 3257 in
663 3196 862 3259 Lateranensi
911 3198 1062 3275 Verbum,
1078 3199 1131 3274 ait,
1147 3198 1309 3260 etunitam
1323 3197 1382 3259 l.»

101 3290 210 3368 synodo
221 3290 287 3351 sub
304 3289 438 3350 Mmtino
452 3289 540 3369 Papa
553 3288 576 3349 ⁶.
951 3290 1020 3351 VII.
1039 3289 1124 3350 Solet
1135 3290 1230 3355 etium
1243 3298 1360 3368 συνάφεια
1377 3288 1576 3369 nuncupari:
1592 3289 1677 3367 quod
1714 3277 1834 3393 &tw

135 3382 209 3444 item
233 3388 269 3445 et
293 3399 356 3443 vox
378 3388 500 3462 συνδρομὴ
522 3379 687 3459 significat,
712 3394 864 3462 quami-,t
911 3380 1098 3444 vocabulum
1112 3381 1235 3443 cverbo
1257 3390 1417 3444 συνάπτεσθαι
1440 3380 1550 3442 oritrrr.
1572 3380 1677 3453 Quen·
1713 3358 1770 3404 ⁶⁰¹*
1826 3376 1832 3390 '

101 3485 187 3556 ωιοοῳ
209 3473 349 3555 [lyr-illus
374 3473 515 3551 adjungit
532 3472 568 3533 in
592 3471 662 3533 loca
688 3473 802 3552 priore,
827 3490 865 3533 ex
913 3491 1008 3554 quem
1028 3473 1163 3552 (tyrillus
1187 3473 1268 3534 hanc
1285 3490 1394 3533 vocem
1414 3468 1591 3533 aNestorio
1604 3471 1678 3534 asci-
1726 3484 1728 3488 ·

100 3563 209 3648 diotopo
229 3565 268 3627 dc
291 3563 507 3627 incarnatione.
529 3564 566 3624 ln
591 3581 653 3642 quo
682 3572 818 3645 συνδρομὴν
833 3570 867 3636 εἰς
913 3564 1126 3644 tamrespuit:
1143 3570 1179 3626 ut
1192 3570 1299 3644 postea
1312 3564 1459 3626 dicemus.
1475 3565 1594 3626 Verum
1604 3582 1679 3625 usus

101 3664 194 3734 ἑνότητα
204 3663 321 3740 postes
333 3663 424 3718 vocat
436 3655 459 3734 ⁸,
477 3672 572 3735 quem
587 3663 620 3725 εἰς
634 3663 719 3717 ἕνωσιν
734 3655 863 3731 dixerat,
914 3666 961 3719 est
972 3654 1153 3718 Basilius¹⁸:
1169 3663 1200 3718 et
1217 3657 1621 3737 insignitertlbrysostomus
1630 3658 1679 3717 liis

100 3748 394 3813 bocedconoursum
402 3749 434 3809 in
442 3748 595 3823 unitatem,
603 3748 866 3827 quemadmodum
914 3748 1039 3809 verbis:
1076 3749 1231 3810 «Etenim
1252 3749 1404 3826 unitione,
1428 3755 1459 3810 et
1485 3748 1680 3829 copulatione

102 3843 167 3904 etin
179 3840 375 3906 secundaod
385 3839 554 3902 Successore
576 3838 864 3918 epistoieloquitur:
916 3857 1017 3902 unum
1030 3847 1088 3918 cst,
1107 3844 1189 3902 Deus
1201 3842 1350 3917 Verbum,
1373 3846 1403 3902 et
1423 3859 1505 3913 caro,
1531 3841 1598 3901 sine
1616 3839 1681 3899 ulla

101 3952 185 4014 quem
198 3937 313 4017 locum
321 3933 394 3995 citat
407 3931 599 3994 Theorienus
611 3930 645 3990 in
659 3928 804 4010 leqotiono
828 3929 868 3991 ad
915 3931 1104 4009 contricione,
1126 3939 1157 3994 et
1176 3933 1304 3994 interitu
1331 3938 1515 3993 naturarum
1527 3952 1535 4006 ;
1548 3931 1601 3991 sed
1614 3931 1682 3991 uni-

102 4027 271 4090 tio-menos&
914 4024 1000 4086 done
1021 4025 1154 4104 quadam
1173 4024 1332 4097 ineffabili,
1355 4029 1386 4085 et
1404 4022 1612 4102 inexplicabili
1623 4021 1678 4082 ί.»

134 4121 180 4184 Vl.
199 4129 331 4203 Σομὸασις
354 4134 478 4198 quoque
497 4116 531 4177 in
554 4117 641 4178 idem
658 4114 866 4193 significatum
916 4116 1013 4189 Quem
1028 4116 1239 4196 Chrysostomi
1254 4116 1357 4177 locum
1369 4113 1528 4193 descripsit
1536 4113 1682 4174 Theodo-

132 4277 152 4318 θ
167 4264 284 4321 Cretae.
306 4257 354 4313 Δίὰ
370 4262 415 4325 τῆς
434 4256 558 4329 &timu
573 4257 674 4311 συνόδου
687 4274 724 4321 ²⁶,
745 4254 787 4308 καί
809 4253 868 4308 {ltil-
954 4273 969 4313 e
987 4259 1057 4314 ΒΑΜ.
1073 4257 1154 4313 Dici.
1172 4273 1233 4327 cup.
1249 4273 1321 4313 cxlv.
1340 4256 1390 4325 Τὴν
1404 4255 1467 4311 κατὰ
1480 4256 1586 4310 σύνθεσιν
1596 4256 1682 4309 ἕνωσιν

100 4364 164 4409 soeg.
918 4340 1021 4403 ἅπαντες
1035 4338 1155 4402 ἐδέξαντο.

131 4429 205 4485 bid·
223 4424 314 4485 Dial-
333 4425 371 4482 de
384 4427 502 4480 incarn.
522 4421 728 4496 Δῑῖσχυῼῑίόνὲία
740 4420 778 4491 δὲ,
797 4421 869 4475 abta·
956 4423 977 4496 f
991 4424 1107 4479 bleisa.
1123 4424 1189 4479 ibid.
1213 4422 1249 4476 Ἥ
1263 4422 1290 4477 δὲ
1302 4422 1365 4476 κατὰ
1383 4422 1490 4476 σύνθεσιν
1514 4421 1601 4484 ἕνωσίς
1619 4420 1683 4476 ἔστιν

100 4512 139 4565 bos
152 4514 195 4583 μέν
209 4530 279 4575 τινα,
294 4510 337 4563 καί
350 4507 395 4575 τὴν
404 4507 464 4579 ίιπίρ
477 4504 615 4579 συνδρομὴν
633 4503 666 4568 εἰς
679 4503 765 4557 ίνωσιν
779 4501 869 4557 ἀνίσων
919 4505 979 4572 bele
992 4506 1089 4575 ἄλληλα
1101 4514 1152 4562 τῶν
1163 4511 1254 4579 μερῶν,
1268 4506 1344 4578 χωρίς
1354 4503 1501 4577 ἀφανισμοῦ,
1511 4505 1685 4577 περιχώρησις,

101 4594 181 4659 σιμοί
189 4592 320 4667 ἀνομοίων
329 4590 467 4663 σιοπράχθσι
481 4589 585 4661 φίσιιον.
920 4590 954 4653 ὣς
968 4587 1007 4643 ἐπὶ
1020 4591 1098 4663 ψυχῆς
1110 4590 1162 4663 ἔχει
1176 4591 1217 4644 καί
1230 4590 1354 4661 σώματος.

131 4676 279 4735 oculu„
292 4673 390 4732 unsih.
401 4673 494 4744 111,i5.
510 4670 588 4735 Είτις
603 4670 642 4725 ee
653 4668 870 4743 τοῦίνίνςΧριστοῦ
955 4687 975 4743 q
994 4673 1071 4731 Nrss.
1091 4674 1132 4736 Τίς
1151 4674 1210 4746 πρὸς
1222 4673 1265 4740 τὴν
1285 4672 1363 4744 σάρκα
1381 4676 1425 4738 τῆς
1437 4671 1544 4743 bordei}
1558 4672 1684 4744 συνάφεια.

101 4760 240 4833 ίισορεῖτὰς
251 4759 402 4821 ὑποστάσεις
416 4756 477 4829 μετὰ
489 4755 534 4823 τὴν
552 4753 649 4819 ἕνωσιν,
666 4754 727 4826 μόνῃ
742 4753 871 4806 συνάπτων
956 4754 975 4810 lt
994 4755 1078 4811 Brs11..
1099 4758 1185 4811 Orat.
1208 4756 1244 4811 de
1264 4758 1364 4812 Natis.
1389 4753 1465 4807 'litt
1485 4759 1583 4827 συμφυῆ
1607 4754 1687 4826 ἐαυτῷ

102 4840 170 4907 αὐτὸς
182 4842 309 4916 σοοσφσίᾳ
321 4846 353 4914 τῇ
366 4839 429 4895 κατὰ
448 4839 493 4908 τὴν
518 4836 595 4901 ἀξίαν,
613 4837 689 4908 ἤγουν
710 4833 871 4901 &omitted
921 4839 966 4907 τὴν
978 4838 1162 4909 ἄνθρωποι-ητα,
1176 4840 1216 4892 καί
1228 4838 1355 4911 ἡνωμένην
1365 4839 1587 4910 κατακτησάμενος.

103 4923 249 4982 θητείαν·
270 4926 315 4979 καὶ
329 4923 387 4996 οίχί
400 4922 430 4991 δὴ
445 4922 541 4994 μᾶλλον
556 4920 651 4990 συνόδῳ
668 4923 700 4991 τῇ
719 4916 771 4971 καθ’
785 4917 872 4970 ἕνωσίν
957 4925 970 4977 ί
988 4923 1085 4977 Cnurs.
1103 4926 1136 4977 itt
1149 4926 1234 4978 ioan.
1254 4923 1290 4995 Τῇ
1304 4921 1351 4994 γὰρ
1363 4920 1457 4984 lodoci,
1472 4922 1512 4974 καί
1526 4924 1556 4993 τῇ
1572 4919 1688 4991 σοναφείᾳ

102 5010 210 5079 φυσικὴν,
225 5009 342 5080 ἀνάθεμα
355 5006 430 5062 ἔστω.
923 5004 948 5058 ἕν
965 5002 1028 5059 ἐστιν
1040 5006 1055 5058 ὁ
1069 5005 1122 5067 θεὸς
1132 5004 1215 5077 λόγος,
1229 5003 1271 5057 καί
1284 5004 1301 5071 ί]
1314 5002 1383 5076 σὰρξ,
1394 5003 1422 5057 οὖ
1434 5004 1573 5076 συγχύσεως
1585 5002 1687 5073 γενομέ-

134 5092 155 5147 d
172 5094 291 5150 Creme.
309 5089 359 5157 Τὴν
373 5088 407 5151 είς
423 5089 497 5160 ἄκρον
514 5087 600 5141 roceto
618 5087 668 5138 τῶν
682 5083 799 5150 ἀλλήλοις
812 5102 873 5153 συμ-
923 5104 974 5155 rue,
990 5086 1045 5141 oete
1059 5087 1195 5160 ἀφανισμοῦ
1208 5092 1258 5142 τῶν
1272 5085 1372 5157 οὐσιῶν,
1388 5085 1445 5141 ἀλλ’
1462 5085 1571 5146 {aborsu
1584 5083 1689 5156 ἀρῤήτοο

102 5173 249 5243 isira-dm
266 5173 334 5232 Mox
347 5191 354 5228 ι
367 5172 494 5245 Σομύῇνσιι
507 5170 534 5223 bi
550 5185 628 5242 φαμεν
643 5166 696 5221 καθ’
710 5167 795 5220 ἕνωσιν
809 5165 875 5219 tart·
923 5171 997 5237 τινὸς,
1010 5170 1194 5245 ιαίόσράστου.

101 5276 219 5315 otmar.

126 5375 137 5418 i
151 5375 268 5420 incusem
280 5373 307 5416 in
318 5373 373 5429 pr,
385 5373 466 5427 synod.
477 5379 529 5417 tom.
542 5370 668 5416 titione·
679 5370 695 5412 ‘l
713 5368 786 5413 Parte.
799 5368 817 5419 l,
829 5369 864 5413 tit.
875 5368 924 5414 lllll
935 5370 983 5414 Lat.
999 5369 1080 5414 adit-
1092 5368 1107 5412 e
1119 5369 1177 5416 litai,
1190 5380 1206 5419 ι,
1216 5368 1257 5413 ool.
1267 5367 1343 5411 Λᾶν.-
1355 5366 1369 5409 i
1382 5365 1445 5409 cons.
1458 5374 1479 5415 v,
1491 5370 1543 5406 tom.
1555 5361 1582 5406 lv
1597 5362 1692 5408 cona.-

102 5437 114 5480 ⁵
126 5438 174 5494 Cpr.
185 5447 203 5481 r.
213 5439 274 5483 t.-
285 5435 371 5479 oron.
381 5435 417 5486 lli,
427 5436 512 5479 etot·
522 5436 534 5477 7
545 5434 604 5478 τοιο.
615 5432 633 5476 t
645 5431 731 5475 inlilal.
741 5431 768 5474 de
781 5431 875 5475 lue-8
886 5433 910 5475 ln
923 5432 1002 5487 synod.
1014 5443 1042 5483 νι,
1056 5438 1097 5476 act.
1111 5430 1191 5475 ιιι-9
1202 5429 1323 5475 ibid-1⁰
1335 5427 1416 5475 Lindo
1430 5425 1574 5471 UnoCtrtsto.
1585 5435 1629 5468 rer.
1642 5425 1692 5468 s.-

105 5500 130 5543 tl
144 5497 326 5546 accersatis
339 5500 445 5557 stura·
453 5497 480 5541 li
492 5496 540 5543 lib.
551 5496 575 5540 lv
588 5495 611 5539 ia
623 5496 704 5540 Burt—
716 5490 743 5538 ta
755 5494 779 5537 lu
791 5494 828 5540 Pr.
839 5504 896 5542 actv,
910 5501 925 5536 ι.
939 5501 955 5537 ι.
