4036 6162
376 354 436 425 308
895 351 1221 415 THEOLOGIGORUM
1241 350 1460 414 DOGMATUM

376 525 543 590 nunidem
562 520 656 583 habet
668 538 740 582 cum
754 538 791 582 eo
814 524 968 600 upote.»
995 520 1039 581 Ad
1061 537 1147 581 eum·
1195 517 1342 600 Idemque
1351 517 1422 600 finis
1430 517 1502 600 lepis
1509 516 1700 599 adjustitiam
1714 519 1785 579 omui
1792 517 1912 587 cutura

377 621 449 682 dem
460 618 590 678 modum
605 620 671 675 tam
685 613 742 675 iste
761 613 837 692 ipse,
853 630 948 693 quam
961 612 1059 674 Graeci
1081 611 1143 683 alii,
1196 611 1262 684 Qua
1286 611 1413 691 quidem
1438 611 1559 671 ratione
1589 609 1831 689 compendiariam
1852 612 1914 673 νίιιοι

378 710 511 790 Angelos
538 706 632 769 simul
660 710 690 767 et
724 706 867 767 homines
894 704 1067 783 conjunxit,
1100 703 1147 764 in·
1195 703 1253 764 init
1269 703 1450 764 restituendi
1471 702 1505 763 in
1529 700 1692 782 pristinum
1713 707 1825 779 stabim,
1842 721 1913 785 aquo

376 809 500 883 quiunt,
516 802 597 861 Deus
617 798 674 859 sub
688 797 798 858 eodem
819 797 918 877 capite
932 796 1051 857 Christo
1068 816 1075 855 ι
1092 796 1146 875 qui
1195 795 1349 873 peccando
1362 795 1527 868 exciderat,
1542 793 1670 855 humani
1687 794 1807 874 generis,
1820 795 1915 856 atride

375 914 448 958 eum
461 891 576 972 duplici
597 896 708 952 natura
735 895 864 965 constet,
890 908 951 969 qua
977 891 1061 952 Deus
1087 891 1142 962 est,
1194 886 1265 946 licet
1279 884 1470 949 instaurandi
1479 885 1579 947 omnia
1588 885 1620 946 iu
1635 883 1759 959 Christo,
1769 891 1801 946 ut
1810 886 1915 966 loquitur

376 995 468 1067 caput
493 991 549 1058 est,
585 989 616 1045 et
645 982 832 1063 principium
866 981 1070 1061 Angelorum,
1102 980 1146 1040 ait
1193 977 1357 1058 Apostolus
1371 996 1410 1039 ex
1423 977 1549 1053 vulgata
1561 977 1763 1039 translatione.

375 1073 625 1159 chrysostomusb
650 1092 657 1135 ε
684 1093 745 1154 qua
772 1074 867 1134 homo
895 1079 955 1149 est,
980 1070 1146 1133 hominum
1234 1071 1335 1136 Quam
1349 1069 1445 1133 Graeci
1455 1068 1542 1131 verbi
1555 1069 1712 1131 notionem
1733 1069 1852 1149 sequitur
1869 1069 1914 1149 Cp-

375 1177 421 1233 est
434 1174 536 1249 caput.
551 1169 621 1229 Non
634 1164 708 1226 satis
723 1165 812 1226 dixit.
830 1166 900 1226 Non
914 1164 999 1226 enim
1014 1164 1145 1243 Angelo-
1192 1161 1281 1223 rillus
1302 1161 1337 1222 in
1351 1180 1387 1224 eo
1408 1161 1487 1239 loco,
1505 1179 1598 1241 quem
1624 1161 1712 1222 initio
1738 1161 1832 1241 capitis
1848 1160 1916 1241 hujus

375 1282 447 1325 rum
460 1266 553 1340 caput
565 1263 611 1321 est
624 1258 737 1332 solum,
748 1262 784 1318 ut
797 1256 938 1318 Verbum
948 1261 994 1318 est
1002 1274 1037 1317 ae
1052 1257 1143 1330 Deus,
1193 1254 1364 1328 citavimus,
1389 1256 1443 1333 qui
1472 1275 1489 1313 ιι
1510 1253 1766 1334 recapitulationis
1784 1272 1877 1314 nornen
1895 1259 1918 1315 et

375 1355 537 1419 sedetiam
550 1356 586 1412 ut
608 1351 712 1412 homo.
740 1349 942 1411 commodior
954 1354 1000 1410 est
1013 1349 1051 1409 ad
1065 1349 1146 1409 hanc
1192 1363 1261 1407 rem
1274 1347 1306 1407 id
1321 1347 1506 1426 exprimere,
1521 1345 1576 1421 ait,
1592 1363 1733 1406 revocare
1748 1344 1916 1423 pristinumin

374 1443 663 1525 interpretationem
690 1441 870 1502 OEcumenii
897 1442 988 1517 ratio,
1012 1440 1146 1518 Angelos
1193 1445 1319 1513 statum,
1336 1458 1371 1500 ac
1383 1438 1557 1512 restituere,
1581 1454 1651 1517 quae
1673 1436 1712 1497 ad
1726 1436 1917 1498 ffireuumon

375 1541 415 1602 ab
439 1534 620 1598 hominibus
643 1533 802 1608 alienatos,
827 1551 863 1593 uc
880 1531 1016 1595 divulsos
1040 1532 1146 1594 hacte-
1192 1530 1269 1591 nino
1282 1531 1380 1592 finem
1402 1529 1644 1591 excideruntne
1666 1529 1852 1601 Quamobrem
1865 1546 1917 1589 cau·

311 1663 312 1667 =
375 1651 446 1705 nus,
463 1628 520 1690 sub
542 1644 606 1687 uno
634 1624 733 1704 capite
756 1623 875 1684 Christo
901 1624 1099 1701 consociatos,
1115 1633 1146 1686 et
1192 1638 1259 1682 sam
1290 1623 1372 1684 hanc
1401 1620 1621 1683 incarnationis
1647 1619 1737 1682 fuisse
1762 1618 1918 1694 christani

376 1724 485 1787 eodem
499 1718 586 1799 quasi
598 1714 888 1795 vinculocolligatus
900 1715 1020 1777 fuisset.
1035 1716 1096 1778 Sed
1109 1734 1146 1778 ea
1192 1714 1336 1776 homines
1355 1714 1395 1775 ad
1419 1714 1596 1793 antiquum,
1612 1721 1644 1774 et
1656 1712 1856 1793 primigenium
1873 1717 1916 1771 sta·

374 1817 432 1890 vis,
448 1819 478 1875 et
491 1814 625 1891 potestas
634 1808 759 1888 proprie
773 1825 838 1868 non
852 1813 898 1868 est
917 1807 1003 1870 verbi
1023 1810 1146 1887 ἅνακερα-
1192 1812 1260 1867 tum
1274 1805 1312 1867 ab
1327 1824 1490 1877 erroneae
1503 1806 1595 1886 lapsu
1608 1804 1772 1867 reduceret.
1787 1804 1838 1871 Qui
1847 1809 1918 1864 εῖεῖιιε

374 1909 536 1978 inadsueta,
551 1901 604 1962 sed
618 1918 658 1961 ex
671 1899 872 1978 consequenti
886 1900 1051 1975 duntaxat3
1067 1919 1146 1979 qua·
1192 1899 1285 1960 variis
1296 1899 1486 1976 nominibus,
1510 1917 1546 1959 ac
1570 1899 1670 1959 modis
1691 1897 1811 1959 describi
1827 1895 1918 1957 solatio

373 2000 465 2056 tenus
478 2012 548 2075 quae
562 1992 620 2054 sub
628 2010 729 2053 unum
741 1998 835 2071 caput
846 1993 1059 2069 conferuntur,
1072 2011 1146 2054 cum
1193 1992 1370 2071 Scriptnris,
1382 1996 1412 2053 et
1425 1992 1464 2052 ab
1486 1990 1623 2070 antiquis
1636 1990 1781 2051 Patribus.
1802 1989 1882 2068 Atque
1892 2004 1919 2047 ex

374 2093 446 2148 aute
459 2086 552 2148 latius
564 2086 642 2161 fusa,
656 2089 687 2145 et
700 2084 846 2163 dissipata
871 2090 983 2159 esseut,
1005 2085 1090 2146 velut
1111 2085 1144 2146 in
1194 2084 1341 2145 omnibus
1364 2083 1540 2145 communis
1553 2083 1606 2144 ille
1620 2088 1667 2144 θεῖ
1679 2083 1828 2162 imprimis,
1841 2086 1866 2142 et
1875 2078 1918 2140 usi·

374 2186 495 2241 arctum
516 2184 680 2258 coguntur,
703 2181 735 2237 et
754 2176 788 2236 in
817 2194 973 2238 summam
995 2178 1146 2257 quodam·
1193 2181 1287 2252 tatus,
1303 2194 1398 2256 quem
1412 2176 1475 2237 illic
1487 2175 1619 2255 Cyrillus
1641 2174 1767 2255 explieat
1779 2194 1785 2235 :
1797 2171 1918 2254 quodini·

374 2272 467 2333 modo
497 2270 733 2332 contrabuntur.
762 2269 836 2342 Quae
858 2269 1009 2331 sententia
1031 2269 1147 2331 verbis·
1194 2270 1237 2330 tio
1258 2268 1378 2329 ratione
1402 2267 1568 2349 praeditum
1593 2267 1712 2329 animal
1733 2266 1767 2327 ad
1789 2266 1920 2344 imaginem

374 2363 512 2445 Apostoli
525 2361 705 2441 cumprimis
726 2362 958 2422 accommodata
971 2367 1027 2423 est.
1043 2363 1146 2423 Chris·
1194 2361 1360 2421 condituris
1384 2359 1432 2419 sui
1452 2359 1567 2420 factum
1581 2365 1641 2420 est.
1662 2360 1763 2420 «cum
1786 2364 1872 2418 autem
1889 2354 1919 2415 ris

257 2524 261 2534 ,
374 2454 520 2515 tusenim
535 2453 604 2514 ideo
625 2452 721 2528 venit,
737 2459 773 2512 ut
799 2454 962 2513 adunam
987 2453 1143 2533 dissipata,
1194 2452 1249 2513 illa
1273 2449 1495 2526 similitudinis,
1522 2456 1615 2530 atque
1642 2450 1779 2531 imaginis
1800 2468 1854 2510 nou
1874 2464 1919 2507 uno

375 2550 406 2604 et
418 2543 578 2605 dissociata
590 2540 798 2602 universitatis
814 2540 958 2603 membro
979 2542 1143 2621 redigeret,
1194 2546 1288 2606 modo
1299 2544 1434 2619 dicatur3
1449 2543 1681 2605 huncmaxime
1693 2562 1754 2605 esse
1765 2545 1920 2623 prestantem

375 2640 406 2696 et
417 2641 487 2695 tum
499 2635 581 2695 inter
594 2651 638 2708 se,
660 2639 729 2695 tum
753 2651 826 2694 vero
851 2650 923 2695 cum
944 2640 1080 2708 auctore,
1110 2651 1146 2695 ac
1195 2644 1226 2699 et
1239 2637 1402 2711 illustrem,
1418 2636 1603 2714 corruptela,
1619 2642 1653 2698 et
1663 2636 1784 2697 interitu
1794 2631 1917 2694 remrein

374 2727 474 2808 capite
487 2744 544 2786 suo
558 2724 727 2803 colligeret.
747 2725 837 2790 Quod
850 2725 944 2786 officii
955 2744 1053 2805 genus
1067 2743 1145 2805 prae·
1194 2730 1238 2790 lta
1259 2727 1451 2809 Sophronias
1473 2728 1769 2808 Hierosolymitanus
1781 2723 1920 2788 Patriarcbr

374 2820 481 2881 sertim
505 2816 685 2879 hominibus
706 2816 869 2896 impendit,
885 2817 939 2896 qui
953 2817 992 2877 ab
1016 2836 1079 2879 uno
1092 2836 1146 2879 ve·
1193 2822 1226 2883 in
1241 2820 1368 2901 epistola
1381 2818 1560 2900 odSerpian
1576 2816 1919 2901 constantinopolitanun:

373 2930 471 2992 roque
493 2913 566 2985 lieo,
590 2910 650 2971 hoc
673 2914 720 2970 θεῖ
741 2908 780 2969 ab
796 2909 914 2971 unitate
928 2909 993 2988 ipsa
1002 2909 1144 2988 sejuncti,
1198 2912 1272 2975 «ub
1285 2912 1328 2982 id,
1343 2911 1457 2991 inquit,
1473 2912 1738 2991 quemadmodum
1755 2908 1858 2991 sapiens
1871 2905 1923 2987 qui·

374 3005 475 3065 varios
487 3003 520 3064 in
532 3019 662 3077 errores,
678 3006 709 3061 et
722 3000 907 3080 multiplices
925 3001 1068 3062 inanium
1082 3002 1145 3063 cul·
1193 3007 1267 3068 dam
1281 3004 1503 3083 contemplatus
1525 3009 1582 3082 est,
1605 3010 1671 3066 tota
1695 3004 1746 3065 illa
1756 3002 1887 3083 praeclara,
1900 3002 1923 3058 et

373 3102 424 3156 tus
438 3096 579 3170 deorum,
595 3113 630 3155 oc
643 3093 874 3171 superstitiones
886 3095 968 3173 vagi,
985 3099 1016 3154 et
1033 3094 1145 3156 incerti
1192 3097 1322 3176 insignis
1336 3095 1494 3175 Unigeniti
1507 3095 1697 3175 dispensatio
1711 3092 1870 3158 excellenter
1882 3089 1921 3151 ad·

373 3188 552 3249 ferebantur
578 3192 675 3246 :tum
703 3184 831 3245 diversis
853 3184 966 3246 irretiti
992 3185 1084 3260 vitiis,
1114 3192 1145 3248 et
1193 3189 1437 3263 ministrataest,
1459 3194 1495 3248 ut
1508 3193 1539 3248 et
1552 3188 1723 3268 imaginem
1748 3188 1850 3249 saluam
1870 3180 1923 3243 red·

374 3278 605 3359 cupiditatibus,
626 3277 666 3339 ab
679 3277 796 3352 nativa,
816 3282 847 3336 et
869 3276 1007 3356 ingenita
1029 3277 1145 3357 simpli·
1193 3282 1290 3355 deret,
1306 3287 1337 3342 et
1350 3277 1435 3341 carni
1448 3279 1714 3343 immortalitatem
1729 3280 1891 3343 tribueretis

374 3373 464 3433 citata
491 3370 692 3432 desciverant.
720 3368 844 3429 Tritum
871 3369 956 3430 enim
981 3368 1059 3429 illud
1085 3374 1142 3444 est,
1233 3376 1352 3435 Verum
1365 3379 1402 3433 ut
1424 3372 1522 3452 magis
1544 3372 1691 3436 universe
1716 3370 1843 3434 beneficii
1861 3367 1922 3429 illins

373 3464 447 3543 quia
468 3463 677 3537 verissimum,
699 3461 784 3540 quod
810 3461 845 3521 in
858 3459 982 3521 Etbieis
1008 3479 1145 3522 comme·
1192 3465 1443 3546 amplitudinem,
1464 3483 1533 3544 quae
1556 3465 1591 3525 in
1613 3463 1806 3527 instauranda
1824 3458 1922 3542 pristina
1978 3526 1979 3563 γ

373 3561 475 3618 morat
492 3554 678 3615 Aristotcles.
700 3577 714 3606 c
728 3552 818 3613 Viros
841 3551 940 3613 bonos
964 3551 1145 3614 uniusmodi
1191 3556 1336 3636 imaginis
1349 3556 1499 3636 dignitate
1520 3557 1669 3627 consistit,
1681 3555 1871 3638 expendamus
1879 3551 1922 3611 bot
1978 3572 1979 3577 ¹

373 3666 409 3707 ac
422 3646 554 3724 simplex
578 3646 638 3707 iter
661 3650 776 3717 tenere,
799 3645 898 3707 malos
911 3649 1028 3723 annm,
1044 3644 1143 3705 omni·
1191 3650 1271 3723 loeo,
1287 3667 1345 3710 nec
1358 3649 1535 3710 uniusmodi
1549 3649 1655 3711 fructu
1664 3649 1820 3711 metiamur
1830 3640 1921 3715 mortis,

373 3738 432 3800 bus
444 3737 544 3800 modis
557 3756 576 3797 a
589 3742 673 3799 recto
688 3736 850 3798 deflectere
858 3736 911 3797 ⁶.»
1193 3747 1224 3803 et
1237 3740 1443 3821 corruptionis
1457 3741 1600 3815 exclusae,
1616 3742 1655 3804 de
1672 3739 1810 3820 imaginis
1822 3737 1865 3798 illa
1875 3735 1923 3812 ipsi

412 3833 467 3891 VI.
482 3829 529 3892 Ab
555 3830 615 3891 hac
640 3828 804 3911 multiplici
830 3828 977 3890 vitiorum
1002 3828 1083 3900 labe,
1108 3847 1144 3891 ac
1193 3832 1371 3894 conditione
1405 3831 1548 3913 quadam
1570 3832 1647 3897 alibi
1681 3835 1759 3895 dicta
1788 3823 1923 3910 repetetd⁰

372 3923 557 3995 studiorum,
573 3925 604 3982 et
615 3921 818 4000 cupiditatum
837 3920 872 3980 in
886 3919 1007 3981 diversa
1018 3921 1141 3982 trahen-
1191 3924 1444 4005 perstringemus.

371 4016 452 4076 tium
467 4014 648 4093 jactatione,
674 4032 711 4074 ac
736 4013 877 4073 tumultu
906 4015 1063 4075 revocavit
1083 4031 1141 4074 nos
1230 4018 1298 4077 Vll.
1322 4016 1494 4096 Imaginem
1507 4013 1576 4090 Dei,
1592 4015 1633 4077 ad
1646 4034 1741 4096 quam
1754 4010 1923 4078 homoloctos
1945 4063 1959 4105 h

371 4109 466 4180 Deus,
482 4105 563 4167 etad
584 4123 687 4166 unum
714 4111 817 4185 caput,
833 4123 870 4165 ac
891 4103 998 4178 finem,
1013 4106 1072 4166 hoe
1094 4110 1141 4166 est
1190 4105 1229 4167 ab
1243 4105 1362 4185 origine
1381 4104 1481 4183 prima
1502 4104 1536 4164 in
1550 4104 1712 4182 Scriptura
1730 4106 1841 4177 dicitur,
1859 4113 1922 4161 eam·

370 4200 411 4264 ad
433 4196 523 4260 illum
547 4197 682 4275 reduxit,
710 4197 765 4279 qui
791 4204 831 4258 est
844 4205 935 4276 eaput
960 4195 1138 4260 Christus':
1189 4198 1261 4259 dem
1275 4215 1340 4260 esse
1361 4214 1433 4259 cum
1456 4195 1672 4275 similitudine,
1700 4215 1736 4259 ac
1756 4191 1865 4257 nunniti
1886 4205 1922 4250 11·
1978 4226 1979 4243 i

406 4395 428 4435 a
446 4380 545 4435 Cissis.
570 4375 720 4433 1101111111
740 4376 772 4430 in
795 4378 880 4431 loun.
899 4372 1039 4447 Ἀλλότριος
1062 4375 1139 4450 papi
1188 4376 1269 4450 daupei
1282 4393 1318 4441 τε,
1333 4374 1375 4429 καλ
1387 4374 1501 4448 πρᾶγμα,
1516 4374 1592 4442 δηλοῖ
1603 4375 1633 4430 rb
1654 4374 1795 4449 ἀνακομίσαι
1811 4368 1881 4433 πάλιν,
1893 4361 1924 4418 ῖνὶ

370 4462 552 4535 κατηχούμενος
571 4464 615 4514 τοῦ
634 4463 733 4513 πιστοῦ·
762 4458 791 4512 od
813 4457 860 4531 γὰρ
883 4456 934 4531 ἔχει
961 4458 1068 4530 κεφαλὴν
1095 4458 1139 4528 τὴν
1189 4458 1320 4513 ἀναλαόεἴν
1335 4458 1368 4523 εἰς
1380 4460 1440 4530 ὅπερ
1454 4455 1483 4527 ἦν
1498 4455 1523 4511 ἐν
1538 4456 1615 4531 ἀρχῇ,
1631 4458 1663 4512 τὰ
1673 4460 1734 4532 πρὸς
1746 4449 1924 4528 capacibus·
1978 4508 1979 4521 ,

371 4546 456 4612 m
1188 4539 1697 4605 emmmmmu
1978 4526 1979 4587 1

407 4627 591 4683 bcuursosr.
607 4625 683 4704 hom.
704 4641 714 4680 1
734 4626 762 4682 in
777 4640 820 4695 ep.
840 4623 882 4681 ad
896 4623 973 4697 Epir.
989 4624 1056 4681 Μῖαν
1070 4643 1141 4696 τερα-
1226 4611 1924 4700 ίονιι.ῖιτΙοοιι.Κα1διῖροροςμῖντῖςιῖιῖνιῦ
1978 4626 1979 4643 ³

370 4708 416 4778 λὴν
431 4711 520 4764 ἅπασιν
542 4708 640 4777 ἐπέθηκε
656 4709 685 4762 τ“ο
698 4708 762 4762 κατὰ
777 4708 856 4780 adpro
876 4710 998 4780 Χριστὸν,
1011 4709 1052 4762 καὶ
1065 4707 1139 4780 tnt-
1188 4710 1271 4782 λόγος.
1292 4707 1362 4763 εἰκὼν
1376 4708 1423 4781 γὰρ
1444 4706 1473 4761 οὗ
1494 4707 1548 4761 καθ’
1562 4707 1606 4762 ἕνα
1623 4710 1724 4782 τρόπον·
1742 4706 1803 4761 ἀλλὰ
1814 4701 1868 4758 κατὰ
1878 4697 1924 4754 ml·

370 4794 434 4857 λοις,
451 4792 492 4845 καλ
506 4792 650 4865 ἀνθρώποις.
666 4792 776 4846 τουτέστι
791 4793 832 4845 ιια1
854 4792 968 4865 ἀγγέλοις
988 4791 1046 4864 μίαν
1061 4790 1140 4864 ἀρχὴν
1188 4792 1255 4854 Andr.
1267 4793 1339 4864 μέρος
1353 4791 1430 4863 γεμὴν
1442 4790 1472 4845 rb
1485 4797 1535 4844 τῶν
1551 4792 1634 4844 ἄλλων
1647 4792 1755 4863 μάλιστα
1767 4786 1924 4859 iacentem*
1978 4842 1979 4845 ,

371 4875 470 4942 ἔδωκεν,
484 4876 525 4928 καὶ
546 4875 692 4946 ἀνθρώποις,
714 4877 768 4937 τοῖς
792 4875 846 4947 μὲν,
861 4875 891 4929 τὸ
904 4874 968 4929 κατὰ
985 4876 1074 4947 σάρκα,
1088 4876 1142 4938 τοῖς
1188 4879 1231 4943 τῆς
1244 4875 1304 4947 πρὸς
1316 4874 1359 4928 τὸν
1368 4874 1507 4943 ποιήσαντα
1515 4874 1568 4928 θεὸν
1583 4871 1761 4947 1μρερε1ας,τδ
1774 4858 1925 4943 lpispwtifll

371 4960 407 5025 δὲ,
422 4961 465 5014 τὸν
480 4958 533 5011 θεὸν
547 4959 634 5030 λόγον.
1189 4957 1338 5030 ἀνώλεθρον.
1941 4968 1945 4973 ’
1978 4970 1979 4999 ³

406 5042 581 5099 00Ecuttittt.
599 5039 786 5114 Ἀπεσγισμένοι
800 5039 848 5114 γὰρ
862 5036 923 5109 ἦσαν
941 5041 964 5094 ol
979 5040 1141 5113 ἅγγελοι,ιια1
1224 5039 1408 5113 §Sarna-in
1424 5045 1480 5097 acl.
1497 5055 1518 5096 11
1539 5055 1666 5112 syntex.
1682 5024 1925 5117 libramenti}
1978 5080 1979 5105 f

371 5124 394 5180 oi
405 5125 537 5198 ἅνθρωποι.
551 5124 655 5197 aaudiat
665 5118 707 5178 ode
722 5124 820 5191 αὐτοῖς,
834 5122 873 5177 nol
880 5122 960 5189 iliaca
968 5123 1010 5177 at
1019 5117 1138 5196 Χριστοῦ.
1190 5143 1236 5179 τινι
1250 5130 1300 5179 τῶν
1315 5128 1398 5196 σοφῶν
1420 5124 1578 5197 τεθεώρηται,
1600 5124 1642 5177 καὶ
1664 5124 1731 5177 παῖσα
1751 5124 1792 5176 τοῦ
1806 5125 1925 5191 perstitit

406 5208 538 5264 11111181.
564 5208 587 5264 ll
608 5210 719 5263 Nicom.
749 5223 809 5278 cap.
840 5223 868 5265 ν.
902 5205 1005 5261 Ἐσθλοὶ
1028 5206 1071 5279 μὲν
1092 5205 1139 5279 γὰρ
1188 5207 1331 5280 ἢλαριτρὰ,
1349 5204 1390 5260 καὶ
1403 5206 1523 5279 διάσημος
1542 5206 1669 5279 οἰαονσγι1α
1681 5206 1795 5277 λαμπρῶς
1807 5191 1925 5330 metm

371 5291 467 5361 ἁπλῶς,
481 5289 767 5352 ruminatione.
955 5333 957 5336 .
1189 5308 1281 5355 τενται,
1295 5290 1338 5344 ἵνα
1357 5291 1398 5343 καὶ
1415 5288 1459 5359 τὴν
1475 5289 1556 5345 εἰκόνα
1577 5292 1655 5366 σώσρ,
1677 5286 1780 5356 αα1“τι1ν
1801 5284 1869 5355 odpu

406 5390 421 5431 e
439 5376 507 5432 (1111.
521 5373 556 5430 lx
572 5375 605 5429 itt
617 5376 704 5430 least.
727 5374 775 5428 Καὶ
791 5373 829 5430 ὅτι
850 5379 893 5443 τῆς
912 5372 1141 5446 ἅναιιεφαλαιώσεως
1188 5373 1284 5447 aetiop-

398 5518 480 5574 Ποῖ.
495 5517 761 5574 u,t.-saunx,t.
