<?xml version="1.0" encoding="UTF-8"?>
<!DOCTYPE html PUBLIC "-//W3C//DTD XHTML 1.0 Transitional//EN"
    "http://www.w3.org/TR/xhtml1/DTD/xhtml1-transitional.dtd">
<html xmlns="http://www.w3.org/1999/xhtml" xml:lang="en" lang="en">
 <head>
  <title>
</title>
<meta http-equiv="Content-Type" content="text/html;charset=utf-8" />
  <meta name='ocr-system' content='tesseract 3.04.00' />
  <meta name='ocr-capabilities' content='ocr_page ocr_carea ocr_par ocr_line ocrx_word'/>
</head>
<body>
  <div class='ocr_page' id='page_1' title='image "./dogmatatheologi00unkngoog_0048.png"; bbox 0 0 4136 6178; ppageno 0'>
   <div class='ocr_carea' id='block_1_1' title="bbox 558 277 1836 406">
    <p class='ocr_par' dir='ltr' id='par_1_1' title="bbox 558 277 1836 406">
     <span class='ocr_line' id='line_1_1' title="bbox 558 277 1836 406; baseline -0.013 -17"><span class='ocrx_word' id='word_1_1' title='bbox 558 325 977 406; x_wconf 75' lang='lat' dir='ltr'>accucurrerunt,</span> <span class='ocrx_word' id='word_1_2' title='bbox 999 325 1155 401; x_wconf 68' lang='lat' dir='ltr'>unsar</span> <span class='ocrx_word' id='word_1_3' title='bbox 1177 325 1258 389; x_wconf 76' lang='lat' dir='ltr'>cir.</span> <span class='ocrx_word' id='word_1_4' title='bbox 1281 325 1350 388; x_wconf 85' lang='lat' dir='ltr'>rur.</span> <span class='ocrx_word' id='word_1_5' title='bbox 1709 277 1747 360; x_wconf 77' lang='lat'>3⁷</span> <span class='ocrx_word' id='word_1_6' title='bbox 1832 313 1836 320; x_wconf 91' lang='grc'><em>·</em></span> 
     </span>
    </p>
   </div>
   <div class='ocr_carea' id='block_1_2' title="bbox 154 490 1918 5089">
    <p class='ocr_par' dir='ltr' id='par_1_2' title="bbox 154 490 1918 5089">
     <span class='ocr_line' id='line_1_2' title="bbox 156 490 1909 573; baseline -0.001 -21"><span class='ocrx_word' id='word_1_7' title='bbox 156 508 239 567; x_wconf 92' lang='lat' dir='ltr'>rum,</span> <span class='ocrx_word' id='word_1_8' title='bbox 254 508 331 554; x_wconf 91' lang='lat' dir='ltr'>cum</span> <span class='ocrx_word' id='word_1_9' title='bbox 344 491 427 553; x_wconf 86' lang='lat' dir='ltr'>veris</span> <span class='ocrx_word' id='word_1_10' title='bbox 440 497 473 553; x_wconf 89' lang='lat' dir='ltr'>et</span> <span class='ocrx_word' id='word_1_11' title='bbox 486 492 648 573; x_wconf 74' lang='lat' dir='ltr'>expressis,</span> <span class='ocrx_word' id='word_1_12' title='bbox 669 510 707 554; x_wconf 89' lang='lat' dir='ltr'>ac</span> <span class='ocrx_word' id='word_1_13' title='bbox 728 493 841 554; x_wconf 83' lang='lat' dir='ltr'>lutaris</span> <span class='ocrx_word' id='word_1_14' title='bbox 854 493 930 554; x_wconf 93' lang='lat' dir='ltr'>olim</span> <span class='ocrx_word' id='word_1_15' title='bbox 979 492 1073 572; x_wconf 83' lang='lat' dir='ltr'><strong>Atqui</strong></span> <span class='ocrx_word' id='word_1_16' title='bbox 1086 491 1165 553; x_wconf 85' lang='lat' dir='ltr'>nihil</span> <span class='ocrx_word' id='word_1_17' title='bbox 1182 490 1333 552; x_wconf 82' lang='lat' dir='ltr'>utilitero</span> <span class='ocrx_word' id='word_1_18' title='bbox 1357 492 1419 553; x_wconf 83' lang='lat' dir='ltr'>Deo</span> <span class='ocrx_word' id='word_1_19' title='bbox 1442 491 1644 572; x_wconf 81' lang='lat' dir='ltr'><strong>promittitur,</strong></span> <span class='ocrx_word' id='word_1_20' title='bbox 1664 490 1747 571; x_wconf 88' lang='lat' dir='ltr'>quod</span> <span class='ocrx_word' id='word_1_21' title='bbox 1782 500 1909 550; x_wconf 67' lang='lat' dir='ltr'>mutatur</span> 
     </span>
     <span class='ocr_line' id='line_1_3' title="bbox 155 557 1894 666; baseline 0.001 -23"><span class='ocrx_word' id='word_1_22' title='bbox 155 583 250 644; x_wconf 87' lang='lat' dir='ltr'>rebus</span> <span class='ocrx_word' id='word_1_23' title='bbox 264 584 470 664; x_wconf 87' lang='lat' dir='ltr'>intelligebat,</span> <span class='ocrx_word' id='word_1_24' title='bbox 481 604 518 646; x_wconf 89' lang='lat' dir='ltr'>ac</span> <span class='ocrx_word' id='word_1_25' title='bbox 528 584 664 664; x_wconf 86' lang='lat' dir='ltr'>regebat.</span> <span class='ocrx_word' id='word_1_26' title='bbox 673 586 767 666; x_wconf 81' lang='lat' dir='ltr'>Atqui</span> <span class='ocrx_word' id='word_1_27' title='bbox 779 585 931 647; x_wconf 85' lang='lat' dir='ltr'>comoedia</span> <span class='ocrx_word' id='word_1_28' title='bbox 978 585 1096 646; x_wconf 91' lang='lat' dir='ltr'>malum</span> <span class='ocrx_word' id='word_1_29' title='bbox 1120 590 1176 658; x_wconf 88' lang='lat' dir='ltr'>est,</span> <span class='ocrx_word' id='word_1_30' title='bbox 1193 590 1224 645; x_wconf 91' lang='lat' dir='ltr'>et</span> <span class='ocrx_word' id='word_1_31' title='bbox 1239 583 1362 664; x_wconf 84' lang='lat' dir='ltr'>ipsimet</span> <span class='ocrx_word' id='word_1_32' title='bbox 1375 585 1568 664; x_wconf 73' lang='lat' dir='ltr'>promittenti</span> <span class='ocrx_word' id='word_1_33' title='bbox 1581 586 1646 645; x_wconf 91' lang='lat' dir='ltr'>Deo</span> <span class='ocrx_word' id='word_1_34' title='bbox 1660 584 1748 645; x_wconf 90' lang='lat' dir='ltr'>odio-</span> <span class='ocrx_word' id='word_1_35' title='bbox 1799 557 1894 654; x_wconf 48' lang='lat' dir='ltr'>iiiii}</span> 
     </span>
     <span class='ocr_line' id='line_1_4' title="bbox 155 621 1918 764; baseline 0.001 -30"><span class='ocrx_word' id='word_1_36' title='bbox 155 676 232 756; x_wconf 86' lang='lat' dir='ltr'>ipsa,</span> <span class='ocrx_word' id='word_1_37' title='bbox 246 680 392 756; x_wconf 76' lang='lat' dir='ltr'>actioque</span> <span class='ocrx_word' id='word_1_38' title='bbox 404 676 519 738; x_wconf 75' lang='lat' dir='ltr'>fabula</span> <span class='ocrx_word' id='word_1_39' title='bbox 531 675 731 740; x_wconf 88' lang='lat' dir='ltr'>abbistrione</span> <span class='ocrx_word' id='word_1_40' title='bbox 739 683 824 756; x_wconf 87' lang='lat' dir='ltr'>gesta</span> <span class='ocrx_word' id='word_1_41' title='bbox 834 696 931 757; x_wconf 90' lang='lat' dir='ltr'>popu·</span> <span class='ocrx_word' id='word_1_42' title='bbox 978 696 1059 753; x_wconf 92' lang='lat' dir='ltr'>sum,</span> <span class='ocrx_word' id='word_1_43' title='bbox 1083 682 1114 738; x_wconf 92' lang='lat' dir='ltr'>et</span> <span class='ocrx_word' id='word_1_44' title='bbox 1142 677 1370 739; x_wconf 82' lang='lat' dir='ltr'>execrandum:</span> <span class='ocrx_word' id='word_1_45' title='bbox 1395 677 1572 756; x_wconf 84' lang='lat' dir='ltr'>cujusmodi</span> <span class='ocrx_word' id='word_1_46' title='bbox 1592 682 1638 738; x_wconf 88' lang='lat' dir='ltr'>est</span> <span class='ocrx_word' id='word_1_47' title='bbox 1663 676 1747 756; x_wconf 92' lang='lat' dir='ltr'>quod</span> <span class='ocrx_word' id='word_1_48' title='bbox 1772 621 1918 764; x_wconf 48' lang='lat' dir='ltr'>”llffiufffffi</span> 
     </span>
     <span class='ocr_line' id='line_1_5' title="bbox 154 766 1747 848; baseline 0.003 -22"><span class='ocrx_word' id='word_1_49' title='bbox 154 766 196 841; x_wconf 88' lang='lat' dir='ltr'>lo,</span> <span class='ocrx_word' id='word_1_50' title='bbox 212 769 329 848; x_wconf 87' lang='lat' dir='ltr'>turpis,</span> <span class='ocrx_word' id='word_1_51' title='bbox 344 774 375 829; x_wconf 88' lang='lat' dir='ltr'>et</span> <span class='ocrx_word' id='word_1_52' title='bbox 387 768 537 848; x_wconf 81' lang='lat' dir='ltr'>flagitiosa</span> <span class='ocrx_word' id='word_1_53' title='bbox 557 785 612 848; x_wconf 87' lang='lat' dir='ltr'>per</span> <span class='ocrx_word' id='word_1_54' title='bbox 629 787 695 830; x_wconf 90' lang='lat' dir='ltr'>sese</span> <span class='ocrx_word' id='word_1_55' title='bbox 707 769 777 842; x_wconf 86' lang='lat' dir='ltr'>fuit,</span> <span class='ocrx_word' id='word_1_56' title='bbox 796 774 832 829; x_wconf 93' lang='lat' dir='ltr'>ut</span> <span class='ocrx_word' id='word_1_57' title='bbox 846 768 930 830; x_wconf 82' lang='lat' dir='ltr'>Ano·</span> <span class='ocrx_word' id='word_1_58' title='bbox 978 768 1028 831; x_wconf 87' lang='lat' dir='ltr'>lex</span> <span class='ocrx_word' id='word_1_59' title='bbox 1041 769 1094 829; x_wconf 86' lang='lat' dir='ltr'>illa</span> <span class='ocrx_word' id='word_1_60' title='bbox 1107 769 1233 845; x_wconf 82' lang='lat' dir='ltr'>directe,</span> <span class='ocrx_word' id='word_1_61' title='bbox 1260 788 1296 830; x_wconf 93' lang='lat' dir='ltr'>ac</span> <span class='ocrx_word' id='word_1_62' title='bbox 1312 787 1367 846; x_wconf 91' lang='lat' dir='ltr'>per</span> <span class='ocrx_word' id='word_1_63' title='bbox 1380 786 1444 830; x_wconf 87' lang='lat' dir='ltr'>sese</span> <span class='ocrx_word' id='word_1_64' title='bbox 1463 769 1594 847; x_wconf 87' lang='lat' dir='ltr'>jubebat</span> <span class='ocrx_word' id='word_1_65' title='bbox 1607 768 1697 829; x_wconf 84' lang='lat' dir='ltr'>iteri:</span> <span class='ocrx_word' id='word_1_66' title='bbox 1717 773 1747 830; x_wconf 91' lang='lat' dir='ltr'>ct</span> 
     </span>
     <span class='ocr_line' id='line_1_6' title="bbox 155 859 1744 940; baseline 0.001 -20"><span class='ocrx_word' id='word_1_67' title='bbox 155 876 282 922; x_wconf 89' lang='lat' dir='ltr'>morum</span> <span class='ocrx_word' id='word_1_68' title='bbox 295 861 440 940; x_wconf 89' lang='lat' dir='ltr'>princeps</span> <span class='ocrx_word' id='word_1_69' title='bbox 462 860 616 922; x_wconf 82' lang='lat' dir='ltr'>existimat</span> <span class='ocrx_word' id='word_1_70' title='bbox 632 880 639 922; x_wconf 94' lang='lat'>:</span> <span class='ocrx_word' id='word_1_71' title='bbox 659 861 714 940; x_wconf 87' lang='lat' dir='ltr'>qui</span> <span class='ocrx_word' id='word_1_72' title='bbox 732 865 828 922; x_wconf 87' lang='lat' dir='ltr'>totam</span> <span class='ocrx_word' id='word_1_73' title='bbox 842 860 931 921; x_wconf 89' lang='lat' dir='ltr'>illam</span> <span class='ocrx_word' id='word_1_74' title='bbox 978 861 1017 921; x_wconf 91' lang='lat' dir='ltr'>ad</span> <span class='ocrx_word' id='word_1_75' title='bbox 1045 861 1128 939; x_wconf 89' lang='lat' dir='ltr'>quod</span> <span class='ocrx_word' id='word_1_76' title='bbox 1156 861 1293 940; x_wconf 87' lang='lat' dir='ltr'>praemiis</span> <span class='ocrx_word' id='word_1_77' title='bbox 1319 879 1354 920; x_wconf 87' lang='lat' dir='ltr'>ac</span> <span class='ocrx_word' id='word_1_78' title='bbox 1381 860 1552 920; x_wconf 89' lang='lat' dir='ltr'>terroribus</span> <span class='ocrx_word' id='word_1_79' title='bbox 1573 859 1721 922; x_wconf 89' lang='lat' dir='ltr'>incitabat</span> <span class='ocrx_word' id='word_1_80' title='bbox 1737 881 1744 922; x_wconf 92' lang='lat'>:</span> 
     </span>
     <span class='ocr_line' id='line_1_7' title="bbox 155 951 1747 1032; baseline 0.001 -20"><span class='ocrx_word' id='word_1_81' title='bbox 155 951 309 1013; x_wconf 88' lang='lat' dir='ltr'>ludicram</span> <span class='ocrx_word' id='word_1_82' title='bbox 322 952 437 1015; x_wconf 75' lang='lat' dir='ltr'>fabulae</span> <span class='ocrx_word' id='word_1_83' title='bbox 451 953 624 1032; x_wconf 78' lang='lat' dir='ltr'>gestionem</span> <span class='ocrx_word' id='word_1_84' title='bbox 646 953 714 1015; x_wconf 87' lang='lat' dir='ltr'>haec</span> <span class='ocrx_word' id='word_1_85' title='bbox 731 953 928 1015; x_wconf 87' lang='lat' dir='ltr'>unaredefi-</span> <span class='ocrx_word' id='word_1_86' title='bbox 977 953 1004 1014; x_wconf 92' lang='lat' dir='ltr'>si</span> <span class='ocrx_word' id='word_1_87' title='bbox 1022 971 1096 1014; x_wconf 84' lang='lat' dir='ltr'>vera</span> <span class='ocrx_word' id='word_1_88' title='bbox 1118 958 1164 1013; x_wconf 90' lang='lat' dir='ltr'>est</span> <span class='ocrx_word' id='word_1_89' title='bbox 1188 955 1383 1015; x_wconf 70' lang='lat' dir='ltr'>anomornm</span> <span class='ocrx_word' id='word_1_90' title='bbox 1415 952 1534 1032; x_wconf 89' lang='lat' dir='ltr'>opinio.</span> <span class='ocrx_word' id='word_1_91' title='bbox 1563 954 1680 1014; x_wconf 87' lang='lat' dir='ltr'>Eadem</span> <span class='ocrx_word' id='word_1_92' title='bbox 1701 959 1747 1013; x_wconf 89' lang='lat' dir='ltr'>est</span> 
     </span>
     <span class='ocr_line' id='line_1_8' title="bbox 156 1043 1745 1125; baseline 0.001 -21"><span class='ocrx_word' id='word_1_93' title='bbox 156 1043 213 1121; x_wconf 84' lang='lat' dir='ltr'>nit,</span> <span class='ocrx_word' id='word_1_94' title='bbox 227 1062 328 1124; x_wconf 85' lang='lat' dir='ltr'>quam</span> <span class='ocrx_word' id='word_1_95' title='bbox 341 1045 391 1106; x_wconf 88' lang='lat' dir='ltr'>lex</span> <span class='ocrx_word' id='word_1_96' title='bbox 406 1046 547 1119; x_wconf 80' lang='lat' dir='ltr'>Mosaios,</span> <span class='ocrx_word' id='word_1_97' title='bbox 556 1051 588 1107; x_wconf 91' lang='lat' dir='ltr'>et</span> <span class='ocrx_word' id='word_1_98' title='bbox 601 1048 833 1107; x_wconf 90' lang='lat' dir='ltr'>Testamentum</span> <span class='ocrx_word' id='word_1_99' title='bbox 840 1051 930 1108; x_wconf 87' lang='lat' dir='ltr'>vetus</span> <span class='ocrx_word' id='word_1_100' title='bbox 978 1050 1162 1107; x_wconf 88' lang='lat' dir='ltr'>caeterorum</span> <span class='ocrx_word' id='word_1_101' title='bbox 1189 1045 1353 1125; x_wconf 82' lang='lat' dir='ltr'>Augustini</span> <span class='ocrx_word' id='word_1_102' title='bbox 1379 1044 1519 1106; x_wconf 91' lang='lat' dir='ltr'>locorum</span> <span class='ocrx_word' id='word_1_103' title='bbox 1543 1047 1647 1122; x_wconf 87' lang='lat' dir='ltr'>ratio;</span> <span class='ocrx_word' id='word_1_104' title='bbox 1676 1063 1745 1124; x_wconf 83' lang='lat' dir='ltr'>quas</span> 
     </span>
     <span class='ocr_line' id='line_1_9' title="bbox 155 1137 1746 1219; baseline 0 -21"><span class='ocrx_word' id='word_1_105' title='bbox 155 1155 193 1198; x_wconf 80' lang='lat' dir='ltr'>er</span> <span class='ocrx_word' id='word_1_106' title='bbox 211 1138 349 1218; x_wconf 81' lang='lat' dir='ltr'>professo</span> <span class='ocrx_word' id='word_1_107' title='bbox 372 1139 566 1217; x_wconf 80' lang='lat' dir='ltr'>ingenerare,</span> <span class='ocrx_word' id='word_1_108' title='bbox 581 1157 618 1200; x_wconf 91' lang='lat' dir='ltr'>ac</span> <span class='ocrx_word' id='word_1_109' title='bbox 639 1139 744 1200; x_wconf 83' lang='lat' dir='ltr'>lovere</span> <span class='ocrx_word' id='word_1_110' title='bbox 765 1138 926 1214; x_wconf 81' lang='lat' dir='ltr'>studebat3</span> <span class='ocrx_word' id='word_1_111' title='bbox 976 1138 1027 1199; x_wconf 91' lang='lat' dir='ltr'>isti</span> <span class='ocrx_word' id='word_1_112' title='bbox 1045 1143 1152 1199; x_wconf 89' lang='lat' dir='ltr'>contra</span> <span class='ocrx_word' id='word_1_113' title='bbox 1168 1156 1200 1200; x_wconf 89' lang='lat' dir='ltr'>se</span> <span class='ocrx_word' id='word_1_114' title='bbox 1214 1137 1439 1218; x_wconf 81' lang='lat' dir='ltr'>imprudentes,</span> <span class='ocrx_word' id='word_1_115' title='bbox 1455 1142 1485 1198; x_wconf 86' lang='lat' dir='ltr'>ct</span> <span class='ocrx_word' id='word_1_116' title='bbox 1507 1138 1595 1200; x_wconf 89' lang='lat' dir='ltr'>aliud</span> <span class='ocrx_word' id='word_1_117' title='bbox 1619 1142 1746 1219; x_wconf 85' lang='lat' dir='ltr'>egentes</span> 
     </span>
     <span class='ocr_line' id='line_1_10' title="bbox 156 1230 1148 1311; baseline 0.001 -22"><span class='ocrx_word' id='word_1_118' title='bbox 156 1230 200 1291; x_wconf 90' lang='lat' dir='ltr'>uti</span> <span class='ocrx_word' id='word_1_119' title='bbox 222 1231 292 1290; x_wconf 91' lang='lat' dir='ltr'>Deo</span> <span class='ocrx_word' id='word_1_120' title='bbox 314 1236 522 1305; x_wconf 87' lang='lat' dir='ltr'>terrenorum,</span> <span class='ocrx_word' id='word_1_121' title='bbox 544 1237 575 1292; x_wconf 89' lang='lat' dir='ltr'>et</span> <span class='ocrx_word' id='word_1_122' title='bbox 594 1231 768 1291; x_wconf 90' lang='lat' dir='ltr'>carnalium</span> <span class='ocrx_word' id='word_1_123' title='bbox 791 1236 929 1293; x_wconf 88' lang='lat' dir='ltr'>auctora·</span> <span class='ocrx_word' id='word_1_124' title='bbox 975 1230 1148 1311; x_wconf 88' lang='lat' dir='ltr'>proferunt.</span> 
     </span>
     <span class='ocr_line' id='line_1_11' title="bbox 155 1319 1746 1402; baseline 0.002 -21"><span class='ocrx_word' id='word_1_125' title='bbox 155 1326 262 1381; x_wconf 88' lang='lat' dir='ltr'>mento</span> <span class='ocrx_word' id='word_1_126' title='bbox 277 1320 436 1383; x_wconf 87' lang='lat' dir='ltr'>bonorum</span> <span class='ocrx_word' id='word_1_127' title='bbox 449 1322 587 1383; x_wconf 79' lang='lat' dir='ltr'>obstricti</span> <span class='ocrx_word' id='word_1_128' title='bbox 600 1323 755 1402; x_wconf 87' lang='lat' dir='ltr'>illectique</span> <span class='ocrx_word' id='word_1_129' title='bbox 764 1324 926 1384; x_wconf 79' lang='lat' dir='ltr'>servirent.</span> <span class='ocrx_word' id='word_1_130' title='bbox 1016 1324 1054 1384; x_wconf 87' lang='lat' dir='ltr'>V.</span> <span class='ocrx_word' id='word_1_131' title='bbox 1078 1323 1143 1402; x_wconf 81' lang='lat' dir='ltr'>Age</span> <span class='ocrx_word' id='word_1_132' title='bbox 1156 1321 1238 1383; x_wconf 88' lang='lat' dir='ltr'>enim</span> <span class='ocrx_word' id='word_1_133' title='bbox 1252 1322 1398 1402; x_wconf 86' lang='lat' dir='ltr'>procedat</span> <span class='ocrx_word' id='word_1_134' title='bbox 1411 1321 1445 1382; x_wconf 93' lang='lat' dir='ltr'>in</span> <span class='ocrx_word' id='word_1_135' title='bbox 1459 1319 1593 1401; x_wconf 90' lang='lat' dir='ltr'>speciem</span> <span class='ocrx_word' id='word_1_136' title='bbox 1607 1320 1746 1399; x_wconf 87' lang='lat' dir='ltr'>ejusdem</span> 
     </span>
     <span class='ocr_line' id='line_1_12' title="bbox 155 1411 1747 1494; baseline 0.001 -22"><span class='ocrx_word' id='word_1_137' title='bbox 155 1413 244 1486; x_wconf 80' lang='lat' dir='ltr'>Quod</span> <span class='ocrx_word' id='word_1_138' title='bbox 273 1413 428 1494; x_wconf 86' lang='lat' dir='ltr'>obsequii,</span> <span class='ocrx_word' id='word_1_139' title='bbox 456 1432 492 1475; x_wconf 90' lang='lat' dir='ltr'>ac</span> <span class='ocrx_word' id='word_1_140' title='bbox 525 1415 681 1475; x_wconf 88' lang='lat' dir='ltr'>servitutis</span> <span class='ocrx_word' id='word_1_141' title='bbox 714 1433 823 1494; x_wconf 88' lang='lat' dir='ltr'>genus,</span> <span class='ocrx_word' id='word_1_142' title='bbox 857 1432 929 1476; x_wconf 92' lang='lat' dir='ltr'>cum</span> <span class='ocrx_word' id='word_1_143' title='bbox 976 1414 1143 1494; x_wconf 88' lang='lat' dir='ltr'>Augustini</span> <span class='ocrx_word' id='word_1_144' title='bbox 1152 1414 1237 1475; x_wconf 93' lang='lat' dir='ltr'>locus</span> <span class='ocrx_word' id='word_1_145' title='bbox 1248 1413 1337 1488; x_wconf 87' lang='lat' dir='ltr'>alter,</span> <span class='ocrx_word' id='word_1_146' title='bbox 1353 1431 1391 1474; x_wconf 82' lang='lat' dir='ltr'>ex</span> <span class='ocrx_word' id='word_1_147' title='bbox 1404 1412 1485 1475; x_wconf 90' lang='lat' dir='ltr'>libro</span> <span class='ocrx_word' id='word_1_148' title='bbox 1499 1412 1589 1473; x_wconf 90' lang='lat' dir='ltr'>tertio</span> <span class='ocrx_word' id='word_1_149' title='bbox 1603 1411 1644 1473; x_wconf 85' lang='lat' dir='ltr'>ud</span> <span class='ocrx_word' id='word_1_150' title='bbox 1652 1412 1747 1474; x_wconf 83' lang='lat' dir='ltr'>Boni-</span> 
     </span>
     <span class='ocr_line' id='line_1_13' title="bbox 155 1504 1747 1588; baseline 0.001 -23"><span class='ocrx_word' id='word_1_151' title='bbox 155 1504 372 1581; x_wconf 85' lang='lat' dir='ltr'>inhonestum,</span> <span class='ocrx_word' id='word_1_152' title='bbox 407 1511 438 1567; x_wconf 90' lang='lat' dir='ltr'>et</span> <span class='ocrx_word' id='word_1_153' title='bbox 468 1505 686 1586; x_wconf 89' lang='lat' dir='ltr'>irreligiosum,</span> <span class='ocrx_word' id='word_1_154' title='bbox 716 1525 752 1567; x_wconf 89' lang='lat' dir='ltr'>ac</span> <span class='ocrx_word' id='word_1_155' title='bbox 784 1507 930 1567; x_wconf 91' lang='lat' dir='ltr'>vitiosum</span> <span class='ocrx_word' id='word_1_156' title='bbox 976 1507 1102 1588; x_wconf 72' lang='lat' dir='ltr'>socium,</span> <span class='ocrx_word' id='word_1_157' title='bbox 1118 1507 1217 1587; x_wconf 86' lang='lat' dir='ltr'>capite</span> <span class='ocrx_word' id='word_1_158' title='bbox 1233 1524 1278 1580; x_wconf 86' lang='lat' dir='ltr'>rr,</span> <span class='ocrx_word' id='word_1_159' title='bbox 1301 1506 1356 1566; x_wconf 90' lang='lat' dir='ltr'>ubi</span> <span class='ocrx_word' id='word_1_160' title='bbox 1372 1506 1415 1566; x_wconf 91' lang='lat' dir='ltr'>ita</span> <span class='ocrx_word' id='word_1_161' title='bbox 1428 1504 1555 1566; x_wconf 81' lang='lat' dir='ltr'>scribit:</span> <span class='ocrx_word' id='word_1_162' title='bbox 1577 1526 1591 1562; x_wconf 84' lang='lat' dir='ltr'>c</span> <span class='ocrx_word' id='word_1_163' title='bbox 1605 1507 1644 1566; x_wconf 84' lang='lat' dir='ltr'>Et</span> <span class='ocrx_word' id='word_1_164' title='bbox 1657 1513 1747 1567; x_wconf 87' lang='lat' dir='ltr'>vetus</span> 
     </span>
     <span class='ocr_line' id='line_1_14' title="bbox 155 1597 1746 1679; baseline 0.003 -23"><span class='ocrx_word' id='word_1_165' title='bbox 155 1613 219 1656; x_wconf 77' lang='lat' dir='ltr'>osse</span> <span class='ocrx_word' id='word_1_166' title='bbox 239 1597 328 1657; x_wconf 88' lang='lat' dir='ltr'>idem</span> <span class='ocrx_word' id='word_1_167' title='bbox 353 1597 405 1658; x_wconf 89' lang='lat' dir='ltr'>ille</span> <span class='ocrx_word' id='word_1_168' title='bbox 429 1599 621 1677; x_wconf 87' lang='lat' dir='ltr'>pronuntiet,</span> <span class='ocrx_word' id='word_1_169' title='bbox 650 1617 688 1659; x_wconf 88' lang='lat' dir='ltr'>eo</span> <span class='ocrx_word' id='word_1_170' title='bbox 709 1599 836 1659; x_wconf 90' lang='lat' dir='ltr'>demum</span> <span class='ocrx_word' id='word_1_171' title='bbox 861 1617 929 1660; x_wconf 89' lang='lat' dir='ltr'>rem</span> <span class='ocrx_word' id='word_1_172' title='bbox 977 1599 1074 1679; x_wconf 89' lang='lat' dir='ltr'>igitur</span> <span class='ocrx_word' id='word_1_173' title='bbox 1087 1600 1320 1660; x_wconf 80' lang='lat' dir='ltr'>Testamentum</span> <span class='ocrx_word' id='word_1_174' title='bbox 1334 1600 1419 1659; x_wconf 86' lang='lat' dir='ltr'>Deus</span> <span class='ocrx_word' id='word_1_175' title='bbox 1433 1597 1580 1674; x_wconf 82' lang='lat' dir='ltr'>condidit,</span> <span class='ocrx_word' id='word_1_176' title='bbox 1596 1598 1669 1676; x_wconf 92' lang='lat' dir='ltr'>quia</span> <span class='ocrx_word' id='word_1_177' title='bbox 1682 1599 1746 1660; x_wconf 86' lang='lat' dir='ltr'>Deo</span> 
     </span>
     <span class='ocr_line' id='line_1_15' title="bbox 156 1688 1745 1771; baseline 0.001 -22"><span class='ocrx_word' id='word_1_178' title='bbox 156 1688 292 1763; x_wconf 85' lang='lat' dir='ltr'>deducit,</span> <span class='ocrx_word' id='word_1_179' title='bbox 310 1694 347 1750; x_wconf 92' lang='lat' dir='ltr'>ut</span> <span class='ocrx_word' id='word_1_180' title='bbox 360 1689 514 1770; x_wconf 79' lang='lat' dir='ltr'>pudendae</span> <span class='ocrx_word' id='word_1_181' title='bbox 528 1690 656 1750; x_wconf 89' lang='lat' dir='ltr'>actionis</span> <span class='ocrx_word' id='word_1_182' title='bbox 673 1695 842 1767; x_wconf 90' lang='lat' dir='ltr'>auctorem,</span> <span class='ocrx_word' id='word_1_183' title='bbox 857 1709 928 1751; x_wconf 91' lang='lat' dir='ltr'>sua·</span> <span class='ocrx_word' id='word_1_184' title='bbox 977 1691 1096 1771; x_wconf 86' lang='lat' dir='ltr'>placuit</span> <span class='ocrx_word' id='word_1_185' title='bbox 1106 1709 1205 1769; x_wconf 83' lang='lat' dir='ltr'>usque</span> <span class='ocrx_word' id='word_1_186' title='bbox 1219 1692 1258 1751; x_wconf 89' lang='lat' dir='ltr'>ad</span> <span class='ocrx_word' id='word_1_187' title='bbox 1267 1690 1493 1771; x_wconf 83' lang='lat' dir='ltr'>plenitudinem</span> <span class='ocrx_word' id='word_1_188' title='bbox 1513 1689 1659 1769; x_wconf 90' lang='lat' dir='ltr'>temporis</span> <span class='ocrx_word' id='word_1_189' title='bbox 1672 1708 1745 1770; x_wconf 90' lang='lat' dir='ltr'>pro-</span> 
     </span>
     <span class='ocr_line' id='line_1_16' title="bbox 155 1780 1747 1862; baseline 0.002 -22"><span class='ocrx_word' id='word_1_190' title='bbox 155 1798 269 1855; x_wconf 87' lang='lat' dir='ltr'>sorem,</span> <span class='ocrx_word' id='word_1_191' title='bbox 294 1788 327 1842; x_wconf 91' lang='lat' dir='ltr'>et</span> <span class='ocrx_word' id='word_1_192' title='bbox 350 1780 503 1843; x_wconf 88' lang='lat' dir='ltr'>artificem</span> <span class='ocrx_word' id='word_1_193' title='bbox 520 1781 612 1843; x_wconf 83' lang='lat' dir='ltr'>iaciat</span> <span class='ocrx_word' id='word_1_194' title='bbox 629 1783 740 1843; x_wconf 88' lang='lat' dir='ltr'>Deum.</span> <span class='ocrx_word' id='word_1_195' title='bbox 760 1784 800 1844; x_wconf 92' lang='lat' dir='ltr'>Ut</span> <span class='ocrx_word' id='word_1_196' title='bbox 813 1783 841 1844; x_wconf 90' lang='lat' dir='ltr'>si</span> <span class='ocrx_word' id='word_1_197' title='bbox 857 1785 928 1862; x_wconf 88' lang='lat' dir='ltr'>quis</span> <span class='ocrx_word' id='word_1_198' title='bbox 978 1784 1077 1845; x_wconf 89' lang='lat' dir='ltr'>missis</span> <span class='ocrx_word' id='word_1_199' title='bbox 1103 1783 1252 1859; x_wconf 87' lang='lat' dir='ltr'>terrenis,</span> <span class='ocrx_word' id='word_1_200' title='bbox 1279 1789 1429 1862; x_wconf 88' lang='lat' dir='ltr'>tanquam</span> <span class='ocrx_word' id='word_1_201' title='bbox 1443 1783 1477 1843; x_wconf 93' lang='lat' dir='ltr'>in</span> <span class='ocrx_word' id='word_1_202' title='bbox 1490 1782 1620 1861; x_wconf 69' lang='lat' dir='ltr'>praemio</span> <span class='ocrx_word' id='word_1_203' title='bbox 1637 1782 1747 1843; x_wconf 89' lang='lat' dir='ltr'>consti·</span> 
     </span>
     <span class='ocr_line' id='line_1_17' title="bbox 154 1873 1745 1956; baseline 0.001 -23"><span class='ocrx_word' id='word_1_204' title='bbox 154 1873 376 1937; x_wconf 84' lang='lat' dir='ltr'>scortationem</span> <span class='ocrx_word' id='word_1_205' title='bbox 389 1874 641 1956; x_wconf 89' lang='lat' dir='ltr'>inscenapalam</span> <span class='ocrx_word' id='word_1_206' title='bbox 654 1874 807 1951; x_wconf 84' lang='lat' dir='ltr'>exhibeat,</span> <span class='ocrx_word' id='word_1_207' title='bbox 979 1875 1064 1952; x_wconf 91' lang='lat' dir='ltr'>tutis,</span> <span class='ocrx_word' id='word_1_208' title='bbox 1093 1876 1244 1955; x_wconf 88' lang='lat' dir='ltr'>promissa</span> <span class='ocrx_word' id='word_1_209' title='bbox 1268 1875 1372 1936; x_wconf 89' lang='lat' dir='ltr'>velare</span> <span class='ocrx_word' id='word_1_210' title='bbox 1400 1874 1548 1951; x_wconf 88' lang='lat' dir='ltr'>coelestia,</span> <span class='ocrx_word' id='word_1_211' title='bbox 1576 1879 1607 1935; x_wconf 90' lang='lat' dir='ltr'>et</span> <span class='ocrx_word' id='word_1_212' title='bbox 1629 1875 1745 1955; x_wconf 92' lang='lat' dir='ltr'>populo</span> 
     </span>
     <span class='ocr_line' id='line_1_18' title="bbox 979 1966 1744 2046; baseline 0 -20"><span class='ocrx_word' id='word_1_213' title='bbox 979 1967 1109 2027; x_wconf 89' lang='lat' dir='ltr'>terrenis</span> <span class='ocrx_word' id='word_1_214' title='bbox 1123 1966 1214 2027; x_wconf 91' lang='lat' dir='ltr'>bonis</span> <span class='ocrx_word' id='word_1_215' title='bbox 1236 1966 1380 2040; x_wconf 86' lang='lat' dir='ltr'>inhianti,</span> <span class='ocrx_word' id='word_1_216' title='bbox 1396 1969 1430 2026; x_wconf 90' lang='lat' dir='ltr'>et</span> <span class='ocrx_word' id='word_1_217' title='bbox 1447 1971 1611 2046; x_wconf 88' lang='lat' dir='ltr'>propterea</span> <span class='ocrx_word' id='word_1_218' title='bbox 1627 1966 1744 2026; x_wconf 91' lang='lat' dir='ltr'>durum</span> 
     </span>
     <span class='ocr_line' id='line_1_19' title="bbox 156 2057 1745 2138; baseline 0 -19"><span class='ocrx_word' id='word_1_219' title='bbox 156 2057 284 2138; x_wconf 87' lang='lat' dir='ltr'>Nuptias</span> <span class='ocrx_word' id='word_1_220' title='bbox 292 2058 445 2122; x_wconf 78' lang='lat' dir='ltr'>nefandas</span> <span class='ocrx_word' id='word_1_221' title='bbox 459 2058 492 2121; x_wconf 90' lang='lat' dir='ltr'>in</span> <span class='ocrx_word' id='word_1_222' title='bbox 506 2065 605 2121; x_wconf 88' lang='lat' dir='ltr'>artem</span> <span class='ocrx_word' id='word_1_223' title='bbox 618 2059 860 2135; x_wconf 74' lang='lat' dir='ltr'>introducens“;</span> <span class='ocrx_word' id='word_1_224' title='bbox 980 2076 1033 2118; x_wconf 91' lang='lat' dir='ltr'>cor</span> <span class='ocrx_word' id='word_1_225' title='bbox 1054 2058 1200 2132; x_wconf 88' lang='lat' dir='ltr'>habenti,</span> <span class='ocrx_word' id='word_1_226' title='bbox 1215 2059 1357 2138; x_wconf 88' lang='lat' dir='ltr'>quamvis</span> <span class='ocrx_word' id='word_1_227' title='bbox 1370 2058 1578 2138; x_wconf 86' lang='lat' dir='ltr'>spiritualem,</span> <span class='ocrx_word' id='word_1_228' title='bbox 1592 2063 1698 2119; x_wconf 89' lang='lat' dir='ltr'>tamen</span> <span class='ocrx_word' id='word_1_229' title='bbox 1712 2059 1745 2119; x_wconf 90' lang='lat' dir='ltr'>in</span> 
     </span>
     <span class='ocr_line' id='line_1_20' title="bbox 976 2149 1746 2230; baseline -0.001 -19"><span class='ocrx_word' id='word_1_230' title='bbox 976 2149 1090 2211; x_wconf 90' lang='lat' dir='ltr'>tabulis</span> <span class='ocrx_word' id='word_1_231' title='bbox 1102 2150 1241 2230; x_wconf 87' lang='lat' dir='ltr'>lapideis,</span> <span class='ocrx_word' id='word_1_232' title='bbox 1253 2151 1354 2230; x_wconf 88' lang='lat' dir='ltr'>legem</span> <span class='ocrx_word' id='word_1_233' title='bbox 1362 2150 1446 2211; x_wconf 87' lang='lat' dir='ltr'>darc.</span> <span class='ocrx_word' id='word_1_234' title='bbox 1465 2170 1478 2206; x_wconf 76' lang='lat' dir='ltr'>a</span> <span class='ocrx_word' id='word_1_235' title='bbox 1496 2151 1575 2211; x_wconf 88' lang='lat' dir='ltr'>Ecce</span> <span class='ocrx_word' id='word_1_236' title='bbox 1587 2149 1645 2210; x_wconf 90' lang='lat' dir='ltr'>tibi</span> <span class='ocrx_word' id='word_1_237' title='bbox 1653 2154 1746 2210; x_wconf 90' lang='lat' dir='ltr'>testa-</span> 
     </span>
     <span class='ocr_line' id='line_1_21' title="bbox 157 2240 1747 2324; baseline 0 -22"><span class='ocrx_word' id='word_1_238' title='bbox 157 2261 216 2322; x_wconf 85' lang='lat' dir='ltr'>quo</span> <span class='ocrx_word' id='word_1_239' title='bbox 229 2243 584 2324; x_wconf 88' lang='lat' dir='ltr'>nomineEuripidesab</span> <span class='ocrx_word' id='word_1_240' title='bbox 599 2244 706 2305; x_wconf 79' lang='lat' dir='ltr'>Graeco</span> <span class='ocrx_word' id='word_1_241' title='bbox 720 2244 931 2306; x_wconf 83' lang='lat' dir='ltr'>comieoncta·</span> <span class='ocrx_word' id='word_1_242' title='bbox 977 2248 1121 2305; x_wconf 90' lang='lat' dir='ltr'>mentum</span> <span class='ocrx_word' id='word_1_243' title='bbox 1154 2247 1244 2303; x_wconf 83' lang='lat' dir='ltr'>vetus</span> <span class='ocrx_word' id='word_1_244' title='bbox 1274 2260 1293 2301; x_wconf 89' lang='lat' dir='ltr'>a</span> <span class='ocrx_word' id='word_1_245' title='bbox 1329 2243 1391 2302; x_wconf 80' lang='lat' dir='ltr'>lieo</span> <span class='ocrx_word' id='word_1_246' title='bbox 1427 2240 1599 2318; x_wconf 89' lang='lat' dir='ltr'>conditum,</span> <span class='ocrx_word' id='word_1_247' title='bbox 1633 2241 1747 2303; x_wconf 87' lang='lat' dir='ltr'>fatetur</span> 
     </span>
     <span class='ocr_line' id='line_1_22' title="bbox 157 2334 1747 2414; baseline 0 -18"><span class='ocrx_word' id='word_1_248' title='bbox 157 2341 204 2396; x_wconf 86' lang='lat' dir='ltr'>tm</span> <span class='ocrx_word' id='word_1_249' title='bbox 216 2342 280 2411; x_wconf 90' lang='lat' dir='ltr'>est;</span> <span class='ocrx_word' id='word_1_250' title='bbox 291 2338 418 2398; x_wconf 88' lang='lat' dir='ltr'>tametsi</span> <span class='ocrx_word' id='word_1_251' title='bbox 430 2337 476 2398; x_wconf 87' lang='lat' dir='ltr'>rei</span> <span class='ocrx_word' id='word_1_252' title='bbox 487 2337 547 2398; x_wconf 87' lang='lat' dir='ltr'>hoc</span> <span class='ocrx_word' id='word_1_253' title='bbox 558 2336 929 2398; x_wconf 81' lang='lat' dir='ltr'>honestaeadumbrandce</span> <span class='ocrx_word' id='word_1_254' title='bbox 977 2335 1182 2414; x_wconf 81' lang='lat' dir='ltr'>Augustinus:</span> <span class='ocrx_word' id='word_1_255' title='bbox 1199 2334 1232 2394; x_wconf 90' lang='lat' dir='ltr'>in</span> <span class='ocrx_word' id='word_1_256' title='bbox 1246 2352 1344 2413; x_wconf 89' lang='lat' dir='ltr'>eoque</span> <span class='ocrx_word' id='word_1_257' title='bbox 1358 2340 1482 2395; x_wconf 88' lang='lat' dir='ltr'>terrena</span> <span class='ocrx_word' id='word_1_258' title='bbox 1495 2334 1623 2414; x_wconf 85' lang='lat' dir='ltr'>praemia</span> <span class='ocrx_word' id='word_1_259' title='bbox 1636 2336 1747 2396; x_wconf 89' lang='lat' dir='ltr'>consti-</span> 
     </span>
     <span class='ocr_line' id='line_1_23' title="bbox 158 2426 1747 2508; baseline -0.001 -20"><span class='ocrx_word' id='word_1_260' title='bbox 158 2446 246 2488; x_wconf 84' lang='lat' dir='ltr'>cnusa</span> <span class='ocrx_word' id='word_1_261' title='bbox 260 2428 405 2490; x_wconf 84' lang='lat' dir='ltr'>iacerese</span> <span class='ocrx_word' id='word_1_262' title='bbox 420 2428 502 2489; x_wconf 90' lang='lat' dir='ltr'>dicat</span> <span class='ocrx_word' id='word_1_263' title='bbox 517 2448 524 2490; x_wconf 92' lang='lat'>:</span> <span class='ocrx_word' id='word_1_264' title='bbox 540 2427 635 2503; x_wconf 85' lang='lat' dir='ltr'>velut,</span> <span class='ocrx_word' id='word_1_265' title='bbox 652 2429 929 2489; x_wconf 88' lang='lat' dir='ltr'>adsacrosanctum</span> <span class='ocrx_word' id='word_1_266' title='bbox 979 2432 1056 2505; x_wconf 90' lang='lat' dir='ltr'>tuta,</span> <span class='ocrx_word' id='word_1_267' title='bbox 1081 2427 1193 2508; x_wconf 91' lang='lat' dir='ltr'>quibus</span> <span class='ocrx_word' id='word_1_268' title='bbox 1215 2427 1348 2487; x_wconf 87' lang='lat' dir='ltr'>coelestia</span> <span class='ocrx_word' id='word_1_269' title='bbox 1361 2426 1549 2507; x_wconf 85' lang='lat' dir='ltr'>velarentur.</span> <span class='ocrx_word' id='word_1_270' title='bbox 1565 2426 1645 2488; x_wconf 87' lang='lat' dir='ltr'>Volo</span> <span class='ocrx_word' id='word_1_271' title='bbox 1668 2427 1747 2487; x_wconf 85' lang='lat' dir='ltr'>milri</span> 
     </span>
     <span class='ocr_line' id='line_1_24' title="bbox 157 2518 1745 2600; baseline 0 -20"><span class='ocrx_word' id='word_1_272' title='bbox 157 2520 270 2581; x_wconf 70' lang='lat' dir='ltr'>cirini</span> <span class='ocrx_word' id='word_1_273' title='bbox 292 2521 397 2582; x_wconf 83' lang='lat' dir='ltr'>loedus</span> <span class='ocrx_word' id='word_1_274' title='bbox 415 2539 490 2582; x_wconf 85' lang='lat' dir='ltr'>cum</span> <span class='ocrx_word' id='word_1_275' title='bbox 513 2520 647 2583; x_wconf 85' lang='lat' dir='ltr'>Ecclesia</span> <span class='ocrx_word' id='word_1_276' title='bbox 666 2521 927 2599; x_wconf 88' lang='lat' dir='ltr'>significandum:</span> <span class='ocrx_word' id='word_1_277' title='bbox 977 2520 1165 2600; x_wconf 88' lang='lat' dir='ltr'>respondeat</span> <span class='ocrx_word' id='word_1_278' title='bbox 1184 2524 1337 2598; x_wconf 84' lang='lat' dir='ltr'>quantum</span> <span class='ocrx_word' id='word_1_279' title='bbox 1349 2523 1394 2579; x_wconf 91' lang='lat' dir='ltr'>est</span> <span class='ocrx_word' id='word_1_280' title='bbox 1407 2519 1441 2578; x_wconf 93' lang='lat' dir='ltr'>in</span> <span class='ocrx_word' id='word_1_281' title='bbox 1454 2518 1508 2579; x_wconf 90' lang='lat' dir='ltr'>illo</span> <span class='ocrx_word' id='word_1_282' title='bbox 1520 2536 1613 2598; x_wconf 84' lang='lat' dir='ltr'>grege</span> <span class='ocrx_word' id='word_1_283' title='bbox 1636 2521 1745 2599; x_wconf 87' lang='lat' dir='ltr'>conjn-</span> 
     </span>
     <span class='ocr_line' id='line_1_25' title="bbox 156 2611 1745 2692; baseline -0.001 -19"><span class='ocrx_word' id='word_1_284' title='bbox 156 2612 305 2692; x_wconf 84' lang='lat' dir='ltr'>proianns</span> <span class='ocrx_word' id='word_1_285' title='bbox 319 2612 536 2689; x_wconf 90' lang='lat' dir='ltr'>nihilominus,</span> <span class='ocrx_word' id='word_1_286' title='bbox 551 2631 585 2674; x_wconf 87' lang='lat' dir='ltr'>ac</span> <span class='ocrx_word' id='word_1_287' title='bbox 600 2613 797 2673; x_wconf 88' lang='lat' dir='ltr'>detestandus</span> <span class='ocrx_word' id='word_1_288' title='bbox 814 2612 929 2673; x_wconf 91' lang='lat' dir='ltr'>habea·</span> <span class='ocrx_word' id='word_1_289' title='bbox 978 2618 1117 2674; x_wconf 80' lang='lat' dir='ltr'>natorum</span> <span class='ocrx_word' id='word_1_290' title='bbox 1145 2612 1303 2691; x_wconf 87' lang='lat' dir='ltr'>capitum,</span> <span class='ocrx_word' id='word_1_291' title='bbox 1328 2616 1510 2671; x_wconf 87' lang='lat' dir='ltr'>utrumnam</span> <span class='ocrx_word' id='word_1_292' title='bbox 1537 2628 1646 2690; x_wconf 88' lang='lat' dir='ltr'>parere</span> <span class='ocrx_word' id='word_1_293' title='bbox 1672 2611 1745 2691; x_wconf 86' lang='lat' dir='ltr'>legi,</span> 
     </span>
     <span class='ocr_line' id='line_1_26' title="bbox 155 2702 1748 2782; baseline -0.001 -16"><span class='ocrx_word' id='word_1_294' title='bbox 155 2712 217 2766; x_wconf 90' lang='lat' dir='ltr'>tur.</span> <span class='ocrx_word' id='word_1_295' title='bbox 247 2708 299 2766; x_wconf 80' lang='lat' dir='ltr'>An</span> <span class='ocrx_word' id='word_1_296' title='bbox 325 2722 392 2766; x_wconf 92' lang='lat' dir='ltr'>non</span> <span class='ocrx_word' id='word_1_297' title='bbox 415 2705 524 2766; x_wconf 86' lang='lat' dir='ltr'>cadem</span> <span class='ocrx_word' id='word_1_298' title='bbox 550 2705 585 2764; x_wconf 91' lang='lat' dir='ltr'>in</span> <span class='ocrx_word' id='word_1_299' title='bbox 608 2722 701 2765; x_wconf 87' lang='lat' dir='ltr'>causa</span> <span class='ocrx_word' id='word_1_300' title='bbox 725 2708 798 2764; x_wconf 84' lang='lat' dir='ltr'>sunt</span> <span class='ocrx_word' id='word_1_301' title='bbox 817 2706 931 2765; x_wconf 81' lang='lat' dir='ltr'>Anomi</span> <span class='ocrx_word' id='word_1_302' title='bbox 977 2703 1153 2766; x_wconf 88' lang='lat' dir='ltr'>intuentem</span> <span class='ocrx_word' id='word_1_303' title='bbox 1177 2704 1210 2764; x_wconf 93' lang='lat' dir='ltr'>in</span> <span class='ocrx_word' id='word_1_304' title='bbox 1238 2702 1291 2763; x_wconf 92' lang='lat' dir='ltr'>illa</span> <span class='ocrx_word' id='word_1_305' title='bbox 1313 2707 1437 2764; x_wconf 89' lang='lat' dir='ltr'>terrena</span> <span class='ocrx_word' id='word_1_306' title='bbox 1460 2704 1605 2782; x_wconf 85' lang='lat' dir='ltr'>praemia,</span> <span class='ocrx_word' id='word_1_307' title='bbox 1635 2703 1748 2782; x_wconf 91' lang='lat' dir='ltr'>quibus</span> 
     </span>
     <span class='ocr_line' id='line_1_27' title="bbox 156 2794 1748 2876; baseline -0.001 -18"><span class='ocrx_word' id='word_1_308' title='bbox 156 2799 263 2871; x_wconf 78' lang='lat' dir='ltr'>magni</span> <span class='ocrx_word' id='word_1_309' title='bbox 275 2815 311 2858; x_wconf 92' lang='lat' dir='ltr'>ac</span> <span class='ocrx_word' id='word_1_310' title='bbox 325 2797 460 2872; x_wconf 82' lang='lat' dir='ltr'>minuti3</span> <span class='ocrx_word' id='word_1_311' title='bbox 477 2797 531 2876; x_wconf 89' lang='lat' dir='ltr'>qui</span> <span class='ocrx_word' id='word_1_312' title='bbox 544 2796 930 2858; x_wconf 88' lang='lat' dir='ltr'>conditoremTestamenti</span> <span class='ocrx_word' id='word_1_313' title='bbox 979 2797 1115 2859; x_wconf 86' lang='lat' dir='ltr'>coelestia</span> <span class='ocrx_word' id='word_1_314' title='bbox 1135 2794 1454 2875; x_wconf 71' lang='lat' dir='ltr'>representabantur,</span> <span class='ocrx_word' id='word_1_315' title='bbox 1470 2794 1589 2855; x_wconf 87' lang='lat' dir='ltr'>crimen</span> <span class='ocrx_word' id='word_1_316' title='bbox 1599 2812 1635 2855; x_wconf 88' lang='lat' dir='ltr'>ac</span> <span class='ocrx_word' id='word_1_317' title='bbox 1649 2796 1748 2859; x_wconf 86' lang='lat' dir='ltr'>scelus</span> 
     </span>
     <span class='ocr_line' id='line_1_28' title="bbox 155 2886 1745 2968; baseline -0.001 -18"><span class='ocrx_word' id='word_1_318' title='bbox 155 2890 271 2950; x_wconf 74' lang='lat' dir='ltr'>veteris</span> <span class='ocrx_word' id='word_1_319' title='bbox 289 2889 449 2950; x_wconf 86' lang='lat' dir='ltr'>affirmant</span> <span class='ocrx_word' id='word_1_320' title='bbox 475 2908 557 2950; x_wconf 88' lang='lat' dir='ltr'>novo</span> <span class='ocrx_word' id='word_1_321' title='bbox 580 2888 689 2951; x_wconf 86' lang='lat' dir='ltr'>foederi</span> <span class='ocrx_word' id='word_1_322' title='bbox 712 2887 874 2968; x_wconf 86' lang='lat' dir='ltr'>flagitiosa,</span> <span class='ocrx_word' id='word_1_323' title='bbox 899 2894 931 2950; x_wconf 87' lang='lat' dir='ltr'>et</span> <span class='ocrx_word' id='word_1_324' title='bbox 977 2888 1130 2949; x_wconf 85' lang='lat' dir='ltr'>iuerit.Si</span> <span class='ocrx_word' id='word_1_325' title='bbox 1141 2887 1264 2949; x_wconf 89' lang='lat' dir='ltr'>nullum</span> <span class='ocrx_word' id='word_1_326' title='bbox 1273 2886 1367 2948; x_wconf 89' lang='lat' dir='ltr'>fuisse</span> <span class='ocrx_word' id='word_1_327' title='bbox 1377 2887 1523 2962; x_wconf 79' lang='lat' dir='ltr'>dixerim,</span> <span class='ocrx_word' id='word_1_328' title='bbox 1534 2903 1571 2947; x_wconf 86' lang='lat' dir='ltr'>co</span> <span class='ocrx_word' id='word_1_329' title='bbox 1585 2886 1617 2948; x_wconf 94' lang='lat' dir='ltr'>id</span> <span class='ocrx_word' id='word_1_330' title='bbox 1629 2887 1745 2962; x_wconf 90' lang='lat' dir='ltr'>animo,</span> 
     </span>
     <span class='ocr_line' id='line_1_29' title="bbox 155 2978 1749 3061; baseline 0 -20"><span class='ocrx_word' id='word_1_331' title='bbox 155 2980 304 3042; x_wconf 82' lang='lat' dir='ltr'>obsroena</span> <span class='ocrx_word' id='word_1_332' title='bbox 330 2981 435 3042; x_wconf 88' lang='lat' dir='ltr'>fabula</span> <span class='ocrx_word' id='word_1_333' title='bbox 465 2980 649 3061; x_wconf 72' lang='lat' dir='ltr'>praelusisse,</span> <span class='ocrx_word' id='word_1_334' title='bbox 683 2985 714 3042; x_wconf 88' lang='lat' dir='ltr'>ct</span> <span class='ocrx_word' id='word_1_335' title='bbox 741 2980 780 3041; x_wconf 89' lang='lat' dir='ltr'>ad</span> <span class='ocrx_word' id='word_1_336' title='bbox 809 2980 929 3041; x_wconf 86' lang='lat' dir='ltr'>futuro-</span> <span class='ocrx_word' id='word_1_337' title='bbox 980 2985 1098 3043; x_wconf 86' lang='lat' dir='ltr'>etcum</span> <span class='ocrx_word' id='word_1_338' title='bbox 1120 2979 1395 3055; x_wconf 87' lang='lat' dir='ltr'>obfinemfaccrc,</span> <span class='ocrx_word' id='word_1_339' title='bbox 1412 2978 1571 3060; x_wconf 81' lang='lat' dir='ltr'>quemlex</span> <span class='ocrx_word' id='word_1_340' title='bbox 1591 2983 1689 3055; x_wconf 83' lang='lat' dir='ltr'>recta,</span> <span class='ocrx_word' id='word_1_341' title='bbox 1715 2985 1749 3041; x_wconf 92' lang='lat' dir='ltr'>et</span> 
     </span>
     <span class='ocr_line' id='line_1_30' title="bbox 156 3071 1748 3153; baseline -0.001 -19"><span class='ocrx_word' id='word_1_342' title='bbox 156 3091 229 3134; x_wconf 88' lang='lat' dir='ltr'>rum</span> <span class='ocrx_word' id='word_1_343' title='bbox 253 3073 493 3153; x_wconf 86' lang='lat' dir='ltr'>significandam</span> <span class='ocrx_word' id='word_1_344' title='bbox 519 3074 713 3134; x_wconf 82' lang='lat' dir='ltr'>sanctitatem</span> <span class='ocrx_word' id='word_1_345' title='bbox 737 3072 845 3151; x_wconf 86' lang='lat' dir='ltr'>figurae</span> <span class='ocrx_word' id='word_1_346' title='bbox 863 3073 931 3146; x_wconf 82' lang='lat' dir='ltr'>loco</span> <span class='ocrx_word' id='word_1_347' title='bbox 979 3072 1159 3153; x_wconf 86' lang='lat' dir='ltr'>exprolesso</span> <span class='ocrx_word' id='word_1_348' title='bbox 1170 3071 1381 3153; x_wconf 74' lang='lat' dir='ltr'>precipiebat,</span> <span class='ocrx_word' id='word_1_349' title='bbox 1392 3089 1464 3133; x_wconf 91' lang='lat' dir='ltr'>cum</span> <span class='ocrx_word' id='word_1_350' title='bbox 1473 3076 1504 3133; x_wconf 89' lang='lat' dir='ltr'>ct</span> <span class='ocrx_word' id='word_1_351' title='bbox 1513 3072 1748 3133; x_wconf 89' lang='lat' dir='ltr'>Testamentum</span> 
     </span>
     <span class='ocr_line' id='line_1_31' title="bbox 156 3163 1748 3246; baseline 0.001 -20"><span class='ocrx_word' id='word_1_352' title='bbox 156 3165 321 3243; x_wconf 83' lang='lat' dir='ltr'>nefariam,</span> <span class='ocrx_word' id='word_1_353' title='bbox 356 3171 389 3228; x_wconf 91' lang='lat' dir='ltr'>et</span> <span class='ocrx_word' id='word_1_354' title='bbox 409 3165 589 3246; x_wconf 81' lang='lat' dir='ltr'>sacrilegam</span> <span class='ocrx_word' id='word_1_355' title='bbox 612 3165 813 3244; x_wconf 83' lang='lat' dir='ltr'>cupiditatem</span> <span class='ocrx_word' id='word_1_356' title='bbox 845 3163 931 3226; x_wconf 91' lang='lat' dir='ltr'>adhi-</span> <span class='ocrx_word' id='word_1_357' title='bbox 978 3168 1083 3241; x_wconf 88' lang='lat' dir='ltr'>vetus,</span> <span class='ocrx_word' id='word_1_358' title='bbox 1105 3181 1167 3242; x_wconf 88' lang='lat' dir='ltr'>qua</span> <span class='ocrx_word' id='word_1_359' title='bbox 1187 3165 1423 3225; x_wconf 90' lang='lat' dir='ltr'>Testamentum</span> <span class='ocrx_word' id='word_1_360' title='bbox 1440 3169 1530 3226; x_wconf 86' lang='lat' dir='ltr'>retus</span> <span class='ocrx_word' id='word_1_361' title='bbox 1543 3169 1626 3240; x_wconf 89' lang='lat' dir='ltr'>erat,</span> <span class='ocrx_word' id='word_1_362' title='bbox 1651 3170 1748 3227; x_wconf 89' lang='lat' dir='ltr'>status</span> 
     </span>
     <span class='ocr_line' id='line_1_32' title="bbox 156 3254 1747 3336; baseline 0 -18"><span class='ocrx_word' id='word_1_363' title='bbox 156 3255 292 3319; x_wconf 80' lang='lat' dir='ltr'>buissel</span> <span class='ocrx_word' id='word_1_364' title='bbox 977 3256 1071 3317; x_wconf 83' lang='lat' dir='ltr'>fuerit</span> <span class='ocrx_word' id='word_1_365' title='bbox 1081 3254 1159 3334; x_wconf 90' lang='lat' dir='ltr'>legis</span> <span class='ocrx_word' id='word_1_366' title='bbox 1173 3256 1282 3334; x_wconf 85' lang='lat' dir='ltr'>menti,</span> <span class='ocrx_word' id='word_1_367' title='bbox 1293 3274 1328 3317; x_wconf 87' lang='lat' dir='ltr'>ao</span> <span class='ocrx_word' id='word_1_368' title='bbox 1342 3257 1498 3336; x_wconf 89' lang='lat' dir='ltr'>proposito</span> <span class='ocrx_word' id='word_1_369' title='bbox 1511 3261 1747 3336; x_wconf 87' lang='lat' dir='ltr'>consentaneus,</span> 
     </span>
     <span class='ocr_line' id='line_1_33' title="bbox 196 3347 1750 3429; baseline 0 -19"><span class='ocrx_word' id='word_1_370' title='bbox 196 3349 253 3411; x_wconf 84' lang='lat' dir='ltr'>IV.</span> <span class='ocrx_word' id='word_1_371' title='bbox 269 3349 356 3411; x_wconf 86' lang='lat' dir='ltr'>Nihil</span> <span class='ocrx_word' id='word_1_372' title='bbox 376 3348 472 3429; x_wconf 90' lang='lat' dir='ltr'>igitur</span> <span class='ocrx_word' id='word_1_373' title='bbox 490 3350 564 3411; x_wconf 88' lang='lat' dir='ltr'>istos</span> <span class='ocrx_word' id='word_1_374' title='bbox 585 3347 779 3428; x_wconf 83' lang='lat' dir='ltr'>Augustinus</span> <span class='ocrx_word' id='word_1_375' title='bbox 794 3348 927 3427; x_wconf 84' lang='lat' dir='ltr'>adjuvat.</span> <span class='ocrx_word' id='word_1_376' title='bbox 980 3354 1012 3410; x_wconf 88' lang='lat' dir='ltr'>et</span> <span class='ocrx_word' id='word_1_377' title='bbox 1023 3365 1190 3428; x_wconf 85' lang='lat' dir='ltr'>synagoga,</span> <span class='ocrx_word' id='word_1_378' title='bbox 1207 3348 1270 3408; x_wconf 87' lang='lat' dir='ltr'>sive</span> <span class='ocrx_word' id='word_1_379' title='bbox 1292 3348 1425 3410; x_wconf 88' lang='lat' dir='ltr'>Ecclesia</span> <span class='ocrx_word' id='word_1_380' title='bbox 1439 3348 1458 3409; x_wconf 88' lang='lat' dir='ltr'><strong>J</strong></span> <span class='ocrx_word' id='word_1_381' title='bbox 1460 3348 1580 3425; x_wconf 87' lang='lat' dir='ltr'>udaica,</span> <span class='ocrx_word' id='word_1_382' title='bbox 1594 3354 1750 3429; x_wconf 88' lang='lat' dir='ltr'>quatenus</span> 
     </span>
     <span class='ocr_line' id='line_1_34' title="bbox 159 3438 1749 3522; baseline 0 -18"><span class='ocrx_word' id='word_1_383' title='bbox 159 3442 229 3504; x_wconf 91' lang='lat' dir='ltr'>Non</span> <span class='ocrx_word' id='word_1_384' title='bbox 253 3442 383 3521; x_wconf 81' lang='lat' dir='ltr'>adjuvat</span> <span class='ocrx_word' id='word_1_385' title='bbox 408 3440 540 3504; x_wconf 85' lang='lat' dir='ltr'>autem?</span> <span class='ocrx_word' id='word_1_386' title='bbox 568 3442 634 3502; x_wconf 93' lang='lat' dir='ltr'>lmo</span> <span class='ocrx_word' id='word_1_387' title='bbox 660 3459 805 3522; x_wconf 85' lang='lat' dir='ltr'>peraeque</span> <span class='ocrx_word' id='word_1_388' title='bbox 827 3441 952 3502; x_wconf 87' lang='lat' dir='ltr'>nullus.</span> <span class='ocrx_word' id='word_1_389' title='bbox 979 3454 1154 3521; x_wconf 83' lang='lat' dir='ltr'>synagoga,</span> <span class='ocrx_word' id='word_1_390' title='bbox 1186 3439 1240 3499; x_wconf 93' lang='lat' dir='ltr'>illo</span> <span class='ocrx_word' id='word_1_391' title='bbox 1268 3438 1335 3520; x_wconf 89' lang='lat' dir='ltr'>ipso</span> <span class='ocrx_word' id='word_1_392' title='bbox 1363 3445 1461 3515; x_wconf 88' lang='lat' dir='ltr'>statu,</span> <span class='ocrx_word' id='word_1_393' title='bbox 1490 3459 1527 3502; x_wconf 91' lang='lat' dir='ltr'>ac</span> <span class='ocrx_word' id='word_1_394' title='bbox 1551 3442 1749 3504; x_wconf 82' lang='lat' dir='ltr'>Testamento</span> 
     </span>
     <span class='ocr_line' id='line_1_35' title="bbox 159 3532 1747 3613; baseline 0.001 -18"><span class='ocrx_word' id='word_1_395' title='bbox 159 3535 353 3611; x_wconf 82' lang='lat' dir='ltr'>adversatur,</span> <span class='ocrx_word' id='word_1_396' title='bbox 377 3534 427 3595; x_wconf 83' lang='lat' dir='ltr'>vel</span> <span class='ocrx_word' id='word_1_397' title='bbox 447 3534 508 3595; x_wconf 89' lang='lat' dir='ltr'>illia</span> <span class='ocrx_word' id='word_1_398' title='bbox 521 3534 598 3595; x_wconf 87' lang='lat' dir='ltr'>adeo</span> <span class='ocrx_word' id='word_1_399' title='bbox 617 3534 651 3594; x_wconf 93' lang='lat' dir='ltr'>in</span> <span class='ocrx_word' id='word_1_400' title='bbox 669 3533 743 3595; x_wconf 90' lang='lat' dir='ltr'>locis</span> <span class='ocrx_word' id='word_1_401' title='bbox 762 3533 846 3613; x_wconf 89' lang='lat' dir='ltr'>ipsis,</span> <span class='ocrx_word' id='word_1_402' title='bbox 861 3551 931 3613; x_wconf 79' lang='lat' dir='ltr'>qua</span> <span class='ocrx_word' id='word_1_403' title='bbox 980 3537 1085 3593; x_wconf 87' lang='lat' dir='ltr'>vetere</span> <span class='ocrx_word' id='word_1_404' title='bbox 1106 3537 1282 3593; x_wconf 88' lang='lat' dir='ltr'>censeatur:</span> <span class='ocrx_word' id='word_1_405' title='bbox 1305 3537 1454 3594; x_wconf 89' lang='lat' dir='ltr'>neutrum</span> <span class='ocrx_word' id='word_1_406' title='bbox 1474 3532 1574 3595; x_wconf 77' lang='lat' dir='ltr'>haret</span> <span class='ocrx_word' id='word_1_407' title='bbox 1595 3532 1635 3595; x_wconf 77' lang='lat' dir='ltr'>in</span> <span class='ocrx_word' id='word_1_408' title='bbox 1655 3535 1747 3596; x_wconf 86' lang='lat' dir='ltr'>vitio:</span> 
     </span>
     <span class='ocr_line' id='line_1_36' title="bbox 158 3623 1750 3707; baseline 0 -19"><span class='ocrx_word' id='word_1_409' title='bbox 158 3646 216 3707; x_wconf 87' lang='lat' dir='ltr'>pro</span> <span class='ocrx_word' id='word_1_410' title='bbox 229 3644 264 3688; x_wconf 90' lang='lat' dir='ltr'>se</span> <span class='ocrx_word' id='word_1_411' title='bbox 273 3626 420 3688; x_wconf 83' lang='lat' dir='ltr'>aderunt.</span> <span class='ocrx_word' id='word_1_412' title='bbox 436 3626 472 3687; x_wconf 94' lang='lat' dir='ltr'>ln</span> <span class='ocrx_word' id='word_1_413' title='bbox 479 3643 541 3705; x_wconf 89' lang='lat' dir='ltr'>quo</span> <span class='ocrx_word' id='word_1_414' title='bbox 555 3625 681 3686; x_wconf 86' lang='lat' dir='ltr'>illorum</span> <span class='ocrx_word' id='word_1_415' title='bbox 695 3624 932 3686; x_wconf 89' lang='lat' dir='ltr'>hallucinatiose</span> <span class='ocrx_word' id='word_1_416' title='bbox 980 3641 1038 3686; x_wconf 87' lang='lat' dir='ltr'>nec</span> <span class='ocrx_word' id='word_1_417' title='bbox 1051 3623 1166 3685; x_wconf 87' lang='lat' dir='ltr'>invidia</span> <span class='ocrx_word' id='word_1_418' title='bbox 1175 3624 1371 3699; x_wconf 76' lang='lat' dir='ltr'>damnandae,</span> <span class='ocrx_word' id='word_1_419' title='bbox 1384 3643 1419 3685; x_wconf 91' lang='lat' dir='ltr'>ac</span> <span class='ocrx_word' id='word_1_420' title='bbox 1428 3624 1553 3688; x_wconf 84' lang='lat' dir='ltr'>nelariae</span> <span class='ocrx_word' id='word_1_421' title='bbox 1571 3626 1750 3706; x_wconf 81' lang='lat' dir='ltr'>cupiditatis</span> 
     </span>
     <span class='ocr_line' id='line_1_37' title="bbox 159 3715 1747 3799; baseline 0 -19"><span class='ocrx_word' id='word_1_422' title='bbox 159 3718 328 3799; x_wconf 84' lang='lat' dir='ltr'>proditlld</span> <span class='ocrx_word' id='word_1_423' title='bbox 341 3722 434 3798; x_wconf 86' lang='lat' dir='ltr'>caput</span> <span class='ocrx_word' id='word_1_424' title='bbox 447 3734 569 3778; x_wconf 91' lang='lat' dir='ltr'>nonum</span> <span class='ocrx_word' id='word_1_425' title='bbox 581 3715 654 3777; x_wconf 87' lang='lat' dir='ltr'>libri</span> <span class='ocrx_word' id='word_1_426' title='bbox 669 3716 808 3793; x_wconf 90' lang='lat' dir='ltr'>secundi,</span> <span class='ocrx_word' id='word_1_427' title='bbox 822 3716 932 3796; x_wconf 79' lang='lat' dir='ltr'>Apolo-</span> <span class='ocrx_word' id='word_1_428' title='bbox 981 3715 1249 3792; x_wconf 84' lang='lat' dir='ltr'>onerandumest3</span> <span class='ocrx_word' id='word_1_429' title='bbox 1266 3735 1306 3778; x_wconf 91' lang='lat' dir='ltr'>ne</span> <span class='ocrx_word' id='word_1_430' title='bbox 1320 3716 1359 3778; x_wconf 87' lang='lat' dir='ltr'>ad</span> <span class='ocrx_word' id='word_1_431' title='bbox 1372 3717 1535 3796; x_wconf 88' lang='lat' dir='ltr'>utriusque</span> <span class='ocrx_word' id='word_1_432' title='bbox 1544 3718 1747 3794; x_wconf 88' lang='lat' dir='ltr'>conditorem,</span> 
     </span>
     <span class='ocr_line' id='line_1_38' title="bbox 159 3808 1752 3891; baseline 0.001 -21"><span class='ocrx_word' id='word_1_433' title='bbox 159 3815 269 3891; x_wconf 75' lang='lat' dir='ltr'>peticus</span> <span class='ocrx_word' id='word_1_434' title='bbox 281 3810 447 3890; x_wconf 82' lang='lat' dir='ltr'>Augustini</span> <span class='ocrx_word' id='word_1_435' title='bbox 459 3810 641 3870; x_wconf 89' lang='lat' dir='ltr'>concionem</span> <span class='ocrx_word' id='word_1_436' title='bbox 660 3808 793 3888; x_wconf 91' lang='lat' dir='ltr'>primam</span> <span class='ocrx_word' id='word_1_437' title='bbox 806 3809 880 3869; x_wconf 91' lang='lat' dir='ltr'>citat</span> <span class='ocrx_word' id='word_1_438' title='bbox 893 3808 932 3868; x_wconf 91' lang='lat' dir='ltr'>ad</span> <span class='ocrx_word' id='word_1_439' title='bbox 982 3814 1013 3872; x_wconf 88' lang='lat' dir='ltr'>ct</span> <span class='ocrx_word' id='word_1_440' title='bbox 1035 3813 1209 3870; x_wconf 81' lang='lat' dir='ltr'>exactorem</span> <span class='ocrx_word' id='word_1_441' title='bbox 1222 3808 1338 3888; x_wconf 87' lang='lat' dir='ltr'>injuria</span> <span class='ocrx_word' id='word_1_442' title='bbox 1355 3809 1412 3869; x_wconf 90' lang='lat' dir='ltr'>ista</span> <span class='ocrx_word' id='word_1_443' title='bbox 1429 3810 1600 3889; x_wconf 84' lang='lat' dir='ltr'>pertineat·</span> <span class='ocrx_word' id='word_1_444' title='bbox 1621 3811 1700 3871; x_wconf 90' lang='lat' dir='ltr'>Nam</span> <span class='ocrx_word' id='word_1_445' title='bbox 1724 3812 1752 3871; x_wconf 91' lang='lat' dir='ltr'>si</span> 
     </span>
     <span class='ocr_line' id='line_1_39' title="bbox 159 3899 1751 3981; baseline 0 -16"><span class='ocrx_word' id='word_1_446' title='bbox 159 3902 313 3965; x_wconf 83' lang='lat' dir='ltr'>Prolmum</span> <span class='ocrx_word' id='word_1_447' title='bbox 328 3919 431 3978; x_wconf 82' lang='lat' dir='ltr'>xxxrr,</span> <span class='ocrx_word' id='word_1_448' title='bbox 447 3901 534 3981; x_wconf 87' lang='lat' dir='ltr'>cujus</span> <span class='ocrx_word' id='word_1_449' title='bbox 547 3900 644 3962; x_wconf 85' lang='lat' dir='ltr'>verba</span> <span class='ocrx_word' id='word_1_450' title='bbox 655 3918 751 3981; x_wconf 88' lang='lat' dir='ltr'>supra</span> <span class='ocrx_word' id='word_1_451' title='bbox 760 3900 930 3961; x_wconf 87' lang='lat' dir='ltr'>reddimus.</span> <span class='ocrx_word' id='word_1_452' title='bbox 982 3901 1158 3980; x_wconf 90' lang='lat' dir='ltr'>impurum,</span> <span class='ocrx_word' id='word_1_453' title='bbox 1188 3908 1219 3961; x_wconf 90' lang='lat' dir='ltr'>et</span> <span class='ocrx_word' id='word_1_454' title='bbox 1244 3899 1428 3961; x_wconf 89' lang='lat' dir='ltr'>sceleratum</span> <span class='ocrx_word' id='word_1_455' title='bbox 1455 3901 1537 3961; x_wconf 89' lang='lat' dir='ltr'>istud</span> <span class='ocrx_word' id='word_1_456' title='bbox 1567 3900 1751 3981; x_wconf 91' lang='lat' dir='ltr'>obsequium</span> 
     </span>
     <span class='ocr_line' id='line_1_40' title="bbox 161 3990 1752 4071; baseline 0.001 -17"><span class='ocrx_word' id='word_1_457' title='bbox 161 3995 199 4054; x_wconf 93' lang='lat' dir='ltr'>ln</span> <span class='ocrx_word' id='word_1_458' title='bbox 218 3995 268 4055; x_wconf 89' lang='lat' dir='ltr'>bis</span> <span class='ocrx_word' id='word_1_459' title='bbox 288 3994 367 4054; x_wconf 91' lang='lat' dir='ltr'>illud</span> <span class='ocrx_word' id='word_1_460' title='bbox 387 3998 495 4069; x_wconf 79' lang='lat' dir='ltr'>exstat,</span> <span class='ocrx_word' id='word_1_461' title='bbox 522 3992 669 4053; x_wconf 76' lang='lat' dir='ltr'>«utiliter</span> <span class='ocrx_word' id='word_1_462' title='bbox 683 4010 701 4055; x_wconf 86' lang='lat' dir='ltr'>a</span> <span class='ocrx_word' id='word_1_463' title='bbox 715 3991 846 4053; x_wconf 86' lang='lat' dir='ltr'>Domino</span> <span class='ocrx_word' id='word_1_464' title='bbox 866 3994 932 4053; x_wconf 91' lang='lat' dir='ltr'>Deo</span> <span class='ocrx_word' id='word_1_465' title='bbox 983 3999 1111 4054; x_wconf 82' lang='lat' dir='ltr'>eatenrn</span> <span class='ocrx_word' id='word_1_466' title='bbox 1136 3990 1230 4054; x_wconf 89' lang='lat' dir='ltr'>fuisse</span> <span class='ocrx_word' id='word_1_467' title='bbox 1252 3997 1374 4071; x_wconf 87' lang='lat' dir='ltr'>putant,</span> <span class='ocrx_word' id='word_1_468' title='bbox 1397 3993 1511 4071; x_wconf 89' lang='lat' dir='ltr'>quain</span> <span class='ocrx_word' id='word_1_469' title='bbox 1532 3992 1604 4052; x_wconf 87' lang='lat' dir='ltr'>solis</span> <span class='ocrx_word' id='word_1_470' title='bbox 1621 3996 1752 4056; x_wconf 85' lang='lat' dir='ltr'>terrenis</span> 
     </span>
     <span class='ocr_line' id='line_1_41' title="bbox 161 4083 1751 4167; baseline 0.001 -20"><span class='ocrx_word' id='word_1_471' title='bbox 161 4085 345 4167; x_wconf 89' lang='lat' dir='ltr'>temporalia</span> <span class='ocrx_word' id='word_1_472' title='bbox 357 4086 416 4146; x_wconf 85' lang='lat' dir='ltr'>ista</span> <span class='ocrx_word' id='word_1_473' title='bbox 430 4085 566 4166; x_wconf 88' lang='lat' dir='ltr'>pollicita</span> <span class='ocrx_word' id='word_1_474' title='bbox 587 4101 652 4145; x_wconf 87' lang='lat' dir='ltr'>esse</span> <span class='ocrx_word' id='word_1_475' title='bbox 675 4083 849 4144; x_wconf 85' lang='lat' dir='ltr'>carnalibus</span> <span class='ocrx_word' id='word_1_476' title='bbox 866 4083 935 4146; x_wconf 80' lang='lat' dir='ltr'>hac</span> <span class='ocrx_word' id='word_1_477' title='bbox 983 4084 1154 4146; x_wconf 89' lang='lat' dir='ltr'>commodis</span> <span class='ocrx_word' id='word_1_478' title='bbox 1175 4084 1301 4146; x_wconf 86' lang='lat' dir='ltr'>sistebat</span> <span class='ocrx_word' id='word_1_479' title='bbox 1323 4084 1506 4146; x_wconf 84' lang='lat' dir='ltr'>Judaecrnm</span> <span class='ocrx_word' id='word_1_480' title='bbox 1527 4085 1660 4161; x_wconf 89' lang='lat' dir='ltr'>animus,</span> <span class='ocrx_word' id='word_1_481' title='bbox 1683 4087 1751 4150; x_wconf 89' lang='lat' dir='ltr'>sine</span> 
     </span>
     <span class='ocr_line' id='line_1_42' title="bbox 163 4176 1749 4258; baseline 0.001 -18"><span class='ocrx_word' id='word_1_482' title='bbox 163 4178 383 4240; x_wconf 77' lang='lat' dir='ltr'>amantibus.»</span> <span class='ocrx_word' id='word_1_483' title='bbox 402 4178 437 4239; x_wconf 92' lang='lat' dir='ltr'>Si</span> <span class='ocrx_word' id='word_1_484' title='bbox 452 4177 520 4239; x_wconf 87' lang='lat' dir='ltr'>uab</span> <span class='ocrx_word' id='word_1_485' title='bbox 534 4178 602 4256; x_wconf 86' lang='lat' dir='ltr'>ipso</span> <span class='ocrx_word' id='word_1_486' title='bbox 624 4176 759 4236; x_wconf 89' lang='lat' dir='ltr'>Domino</span> <span class='ocrx_word' id='word_1_487' title='bbox 779 4177 842 4237; x_wconf 88' lang='lat' dir='ltr'>Deo</span> <span class='ocrx_word' id='word_1_488' title='bbox 865 4194 936 4256; x_wconf 93' lang='lat' dir='ltr'>pro-</span> <span class='ocrx_word' id='word_1_489' title='bbox 983 4178 1149 4238; x_wconf 90' lang='lat' dir='ltr'>ullosensu</span> <span class='ocrx_word' id='word_1_490' title='bbox 1163 4177 1749 4258; x_wconf 85' lang='lat' dir='ltr'>coelestium,acpcrobdnctasumbras,</span> 
     </span>
     <span class='ocr_line' id='line_1_43' title="bbox 164 4267 1751 4348; baseline 0.002 -17"><span class='ocrx_word' id='word_1_491' title='bbox 164 4271 258 4331; x_wconf 87' lang='lat' dir='ltr'>missa</span> <span class='ocrx_word' id='word_1_492' title='bbox 270 4276 467 4331; x_wconf 87' lang='lat' dir='ltr'>essctcrrena</span> <span class='ocrx_word' id='word_1_493' title='bbox 476 4276 508 4330; x_wconf 89' lang='lat' dir='ltr'>et</span> <span class='ocrx_word' id='word_1_494' title='bbox 520 4267 656 4330; x_wconf 85' lang='lat' dir='ltr'>carnalia</span> <span class='ocrx_word' id='word_1_495' title='bbox 669 4267 896 4342; x_wconf 86' lang='lat' dir='ltr'>bona,terrenis</span> <span class='ocrx_word' id='word_1_496' title='bbox 905 4274 937 4329; x_wconf 87' lang='lat' dir='ltr'>et</span> <span class='ocrx_word' id='word_1_497' title='bbox 986 4275 1016 4332; x_wconf 91' lang='lat' dir='ltr'>ct</span> <span class='ocrx_word' id='word_1_498' title='bbox 1029 4269 1143 4348; x_wconf 85' lang='lat' dir='ltr'>figuras</span> <span class='ocrx_word' id='word_1_499' title='bbox 1152 4271 1410 4331; x_wconf 82' lang='lat' dir='ltr'>translucendum</span> <span class='ocrx_word' id='word_1_500' title='bbox 1419 4271 1590 4347; x_wconf 91' lang='lat' dir='ltr'>bonorum;</span> <span class='ocrx_word' id='word_1_501' title='bbox 1604 4271 1751 4335; x_wconf 88' lang='lat' dir='ltr'>nihilhoc</span> 
     </span>
     <span class='ocr_line' id='line_1_44' title="bbox 164 4359 1752 4442; baseline 0.001 -18"><span class='ocrx_word' id='word_1_502' title='bbox 164 4361 342 4425; x_wconf 84' lang='lat' dir='ltr'>carnalibus</span> <span class='ocrx_word' id='word_1_503' title='bbox 350 4360 789 4434; x_wconf 81' lang='lat' dir='ltr'>hominibus,ctantummod0</span> <span class='ocrx_word' id='word_1_504' title='bbox 797 4359 933 4436; x_wconf 83' lang='lat' dir='ltr'>dixisset,</span> <span class='ocrx_word' id='word_1_505' title='bbox 985 4370 1021 4423; x_wconf 91' lang='lat' dir='ltr'>ut</span> <span class='ocrx_word' id='word_1_506' title='bbox 1044 4363 1277 4424; x_wconf 90' lang='lat' dir='ltr'>Testamentum</span> <span class='ocrx_word' id='word_1_507' title='bbox 1303 4368 1405 4442; x_wconf 83' lang='lat' dir='ltr'>vetus,</span> <span class='ocrx_word' id='word_1_508' title='bbox 1435 4369 1466 4424; x_wconf 88' lang='lat' dir='ltr'>et</span> <span class='ocrx_word' id='word_1_509' title='bbox 1490 4381 1697 4442; x_wconf 83' lang='lat' dir='ltr'>synagogam3</span> <span class='ocrx_word' id='word_1_510' title='bbox 1726 4365 1752 4425; x_wconf 91' lang='lat' dir='ltr'>si</span> 
     </span>
     <span class='ocr_line' id='line_1_45' title="bbox 164 4452 1753 4536; baseline 0.001 -20"><span class='ocrx_word' id='word_1_511' title='bbox 164 4455 237 4515; x_wconf 74' lang='lat' dir='ltr'>sans</span> <span class='ocrx_word' id='word_1_512' title='bbox 247 4455 309 4516; x_wconf 89' lang='lat' dir='ltr'>boc</span> <span class='ocrx_word' id='word_1_513' title='bbox 321 4453 449 4516; x_wconf 90' lang='lat' dir='ltr'>essetad</span> <span class='ocrx_word' id='word_1_514' title='bbox 461 4452 660 4534; x_wconf 88' lang='lat' dir='ltr'>purgandum</span> <span class='ocrx_word' id='word_1_515' title='bbox 674 4452 935 4529; x_wconf 73' lang='lat' dir='ltr'>normandorum,</span> <span class='ocrx_word' id='word_1_516' title='bbox 985 4458 1153 4533; x_wconf 91' lang='lat' dir='ltr'>utrumque</span> <span class='ocrx_word' id='word_1_517' title='bbox 1165 4455 1205 4515; x_wconf 91' lang='lat' dir='ltr'>sit</span> <span class='ocrx_word' id='word_1_518' title='bbox 1218 4456 1465 4531; x_wconf 89' lang='lat' dir='ltr'>Testamentum,</span> <span class='ocrx_word' id='word_1_519' title='bbox 1480 4460 1534 4515; x_wconf 92' lang='lat' dir='ltr'>aut</span> <span class='ocrx_word' id='word_1_520' title='bbox 1550 4462 1586 4516; x_wconf 94' lang='lat' dir='ltr'>ut</span> <span class='ocrx_word' id='word_1_521' title='bbox 1595 4474 1753 4536; x_wconf 87' lang='lat' dir='ltr'>synagoga</span> 
     </span>
     <span class='ocr_line' id='line_1_46' title="bbox 165 4545 1754 4628; baseline 0.001 -19"><span class='ocrx_word' id='word_1_522' title='bbox 165 4554 195 4608; x_wconf 87' lang='lat' dir='ltr'>et</span> <span class='ocrx_word' id='word_1_523' title='bbox 207 4547 410 4628; x_wconf 88' lang='lat' dir='ltr'>promissum,</span> <span class='ocrx_word' id='word_1_524' title='bbox 422 4563 462 4607; x_wconf 88' lang='lat' dir='ltr'>ne</span> <span class='ocrx_word' id='word_1_525' title='bbox 475 4550 610 4625; x_wconf 88' lang='lat' dir='ltr'>turpem,</span> <span class='ocrx_word' id='word_1_526' title='bbox 618 4550 649 4605; x_wconf 91' lang='lat' dir='ltr'>et</span> <span class='ocrx_word' id='word_1_527' title='bbox 665 4564 678 4602; x_wconf 82' lang='lat' dir='ltr'>r</span> <span class='ocrx_word' id='word_1_528' title='bbox 694 4545 838 4605; x_wconf 84' lang='lat' dir='ltr'>vitiosam</span> <span class='ocrx_word' id='word_1_529' title='bbox 852 4545 938 4624; x_wconf 84' lang='lat' dir='ltr'>cupi·</span> <span class='ocrx_word' id='word_1_530' title='bbox 987 4546 1209 4607; x_wconf 87' lang='lat' dir='ltr'>consideretur.</span> <span class='ocrx_word' id='word_1_531' title='bbox 1222 4547 1295 4606; x_wconf 84' lang='lat' dir='ltr'>llaec</span> <span class='ocrx_word' id='word_1_532' title='bbox 1308 4547 1393 4607; x_wconf 87' lang='lat' dir='ltr'>enim</span> <span class='ocrx_word' id='word_1_533' title='bbox 1406 4547 1449 4607; x_wconf 91' lang='lat' dir='ltr'>sic</span> <span class='ocrx_word' id='word_1_534' title='bbox 1462 4549 1623 4609; x_wconf 86' lang='lat' dir='ltr'>enuntiata</span> <span class='ocrx_word' id='word_1_535' title='bbox 1637 4553 1669 4610; x_wconf 91' lang='lat' dir='ltr'>et</span> <span class='ocrx_word' id='word_1_536' title='bbox 1682 4567 1754 4610; x_wconf 89' lang='lat' dir='ltr'>con·</span> 
     </span>
     <span class='ocr_line' id='line_1_47' title="bbox 165 4635 1754 4720; baseline 0.003 -20"><span class='ocrx_word' id='word_1_537' title='bbox 165 4640 296 4701; x_wconf 81' lang='lat' dir='ltr'>ditatam</span> <span class='ocrx_word' id='word_1_538' title='bbox 324 4657 364 4699; x_wconf 82' lang='lat' dir='ltr'>ox</span> <span class='ocrx_word' id='word_1_539' title='bbox 395 4636 531 4719; x_wconf 83' lang='lat' dir='ltr'>professo</span> <span class='ocrx_word' id='word_1_540' title='bbox 559 4636 662 4697; x_wconf 84' lang='lat' dir='ltr'>lovere</span> <span class='ocrx_word' id='word_1_541' title='bbox 680 4640 841 4716; x_wconf 83' lang='lat' dir='ltr'>putaretur</span> <span class='ocrx_word' id='word_1_542' title='bbox 868 4635 937 4697; x_wconf 83' lang='lat' dir='ltr'>Non</span> <span class='ocrx_word' id='word_1_543' title='bbox 988 4643 1085 4717; x_wconf 89' lang='lat' dir='ltr'>cepta,</span> <span class='ocrx_word' id='word_1_544' title='bbox 1100 4637 1132 4697; x_wconf 94' lang='lat' dir='ltr'>id</span> <span class='ocrx_word' id='word_1_545' title='bbox 1143 4638 1267 4717; x_wconf 83' lang='lat' dir='ltr'>praecise</span> <span class='ocrx_word' id='word_1_546' title='bbox 1277 4638 1466 4718; x_wconf 86' lang='lat' dir='ltr'>significant,</span> <span class='ocrx_word' id='word_1_547' title='bbox 1482 4640 1566 4720; x_wconf 90' lang='lat' dir='ltr'>quod</span> <span class='ocrx_word' id='word_1_548' title='bbox 1579 4658 1618 4703; x_wconf 83' lang='lat' dir='ltr'>ex</span> <span class='ocrx_word' id='word_1_549' title='bbox 1630 4641 1754 4704; x_wconf 87' lang='lat' dir='ltr'>institu-</span> 
     </span>
     <span class='ocr_line' id='line_1_48' title="bbox 166 4726 1755 4811; baseline 0.002 -19"><span class='ocrx_word' id='word_1_550' title='bbox 166 4733 244 4792; x_wconf 77' lang='lat' dir='ltr'>crim</span> <span class='ocrx_word' id='word_1_551' title='bbox 258 4730 340 4792; x_wconf 76' lang='lat' dir='ltr'>Deua</span> <span class='ocrx_word' id='word_1_552' title='bbox 355 4728 450 4791; x_wconf 72' lang='lat' dir='ltr'>colors</span> <span class='ocrx_word' id='word_1_553' title='bbox 463 4728 651 4810; x_wconf 81' lang='lat' dir='ltr'>iniquitatem</span> <span class='ocrx_word' id='word_1_554' title='bbox 671 4738 704 4788; x_wconf 86' lang='lat' dir='ltr'>tu</span> <span class='ocrx_word' id='word_1_555' title='bbox 725 4747 755 4789; x_wconf 86' lang='lat' dir='ltr'>es</span> <span class='ocrx_word' id='word_1_556' title='bbox 771 4726 780 4760; x_wconf 90' lang='lat'>¹</span> <span class='ocrx_word' id='word_1_557' title='bbox 797 4748 804 4789; x_wconf 93' lang='lat'>:</span> <span class='ocrx_word' id='word_1_558' title='bbox 820 4732 936 4807; x_wconf 87' lang='lat' dir='ltr'>quanto</span> <span class='ocrx_word' id='word_1_559' title='bbox 988 4730 1073 4791; x_wconf 87' lang='lat' dir='ltr'>tione</span> <span class='ocrx_word' id='word_1_560' title='bbox 1087 4749 1154 4804; x_wconf 89' lang='lat' dir='ltr'>sua,</span> <span class='ocrx_word' id='word_1_561' title='bbox 1167 4735 1198 4791; x_wconf 88' lang='lat' dir='ltr'>et</span> <span class='ocrx_word' id='word_1_562' title='bbox 1210 4731 1755 4811; x_wconf 85' lang='lat' dir='ltr'>auctoris,aclegislatoriavoluntate</span> 
     </span>
     <span class='ocr_line' id='line_1_49' title="bbox 166 4820 1754 4907; baseline 0.002 -22"><span class='ocrx_word' id='word_1_563' title='bbox 166 4825 274 4885; x_wconf 88' lang='lat' dir='ltr'>minus</span> <span class='ocrx_word' id='word_1_564' title='bbox 286 4822 478 4902; x_wconf 72' lang='lat' dir='ltr'>precipiens,</span> <span class='ocrx_word' id='word_1_565' title='bbox 488 4840 523 4882; x_wconf 89' lang='lat' dir='ltr'>ac</span> <span class='ocrx_word' id='word_1_566' title='bbox 536 4820 639 4881; x_wconf 89' lang='lat' dir='ltr'>dedita</span> <span class='ocrx_word' id='word_1_567' title='bbox 653 4837 747 4900; x_wconf 87' lang='lat' dir='ltr'>opera</span> <span class='ocrx_word' id='word_1_568' title='bbox 761 4820 896 4896; x_wconf 88' lang='lat' dir='ltr'>eliciens,</span> <span class='ocrx_word' id='word_1_569' title='bbox 907 4825 939 4881; x_wconf 89' lang='lat' dir='ltr'>et</span> <span class='ocrx_word' id='word_1_570' title='bbox 988 4823 1048 4883; x_wconf 91' lang='lat' dir='ltr'>illis</span> <span class='ocrx_word' id='word_1_571' title='bbox 1061 4822 1226 4884; x_wconf 90' lang='lat' dir='ltr'>convenit:</span> <span class='ocrx_word' id='word_1_572' title='bbox 1242 4843 1307 4885; x_wconf 93' lang='lat' dir='ltr'>non</span> <span class='ocrx_word' id='word_1_573' title='bbox 1320 4825 1405 4904; x_wconf 88' lang='lat' dir='ltr'>quod</span> <span class='ocrx_word' id='word_1_574' title='bbox 1419 4825 1585 4887; x_wconf 92' lang='lat' dir='ltr'>bominum</span> <span class='ocrx_word' id='word_1_575' title='bbox 1606 4828 1754 4907; x_wconf 88' lang='lat' dir='ltr'>pravitas,</span> 
     </span>
     <span class='ocr_line' id='line_1_50' title="bbox 167 4912 1756 4994; baseline 0.001 -18"><span class='ocrx_word' id='word_1_576' title='bbox 167 4914 341 4993; x_wconf 81' lang='lat' dir='ltr'>instigansi</span> <span class='ocrx_word' id='word_1_577' title='bbox 357 4912 419 4974; x_wconf 86' lang='lat' dir='ltr'>Sed</span> <span class='ocrx_word' id='word_1_578' title='bbox 439 4930 476 4973; x_wconf 94' lang='lat' dir='ltr'>eo</span> <span class='ocrx_word' id='word_1_579' title='bbox 499 4930 564 4972; x_wconf 91' lang='lat' dir='ltr'>non</span> <span class='ocrx_word' id='word_1_580' title='bbox 590 4916 772 4987; x_wconf 73' lang='lat' dir='ltr'>contentus:</span> <span class='ocrx_word' id='word_1_581' title='bbox 787 4917 938 4990; x_wconf 88' lang='lat' dir='ltr'>tanquam</span> <span class='ocrx_word' id='word_1_582' title='bbox 990 4918 1020 4974; x_wconf 91' lang='lat' dir='ltr'>et</span> <span class='ocrx_word' id='word_1_583' title='bbox 1042 4914 1218 4993; x_wconf 88' lang='lat' dir='ltr'>corruptela</span> <span class='ocrx_word' id='word_1_584' title='bbox 1231 4916 1322 4975; x_wconf 78' lang='lat' dir='ltr'>boum</span> <span class='ocrx_word' id='word_1_585' title='bbox 1336 4915 1397 4994; x_wconf 89' lang='lat' dir='ltr'>legi</span> <span class='ocrx_word' id='word_1_586' title='bbox 1407 4916 1489 4977; x_wconf 89' lang='lat' dir='ltr'>mala</span> <span class='ocrx_word' id='word_1_587' title='bbox 1502 4923 1605 4979; x_wconf 88' lang='lat' dir='ltr'>mente</span> <span class='ocrx_word' id='word_1_588' title='bbox 1619 4919 1756 4979; x_wconf 87' lang='lat' dir='ltr'>servien-</span> 
     </span>
     <span class='ocr_line' id='line_1_51' title="bbox 168 5004 1753 5089; baseline 0.001 -21"><span class='ocrx_word' id='word_1_589' title='bbox 168 5004 940 5082; x_wconf 75' lang='lat' dir='ltr'>Anomorumistorumsententiamtantoanteprce·</span> <span class='ocrx_word' id='word_1_590' title='bbox 989 5005 1082 5080; x_wconf 90' lang='lat' dir='ltr'>tium,</span> <span class='ocrx_word' id='word_1_591' title='bbox 1113 5024 1152 5067; x_wconf 82' lang='lat' dir='ltr'>cx</span> <span class='ocrx_word' id='word_1_592' title='bbox 1176 5007 1327 5068; x_wconf 90' lang='lat' dir='ltr'>accidenti</span> <span class='ocrx_word' id='word_1_593' title='bbox 1355 5007 1415 5068; x_wconf 90' lang='lat' dir='ltr'>illis</span> <span class='ocrx_word' id='word_1_594' title='bbox 1442 5009 1609 5089; x_wconf 87' lang='lat' dir='ltr'>importare</span> <span class='ocrx_word' id='word_1_595' title='bbox 1642 5009 1753 5089; x_wconf 89' lang='lat' dir='ltr'>potuit.</span> 
     </span>
    </p>
   </div>
   <div class='ocr_carea' id='block_1_3' title="bbox 169 5095 1756 5181">
    <p class='ocr_par' dir='ltr' id='par_1_3' title="bbox 169 5095 1756 5181">
     <span class='ocr_line' id='line_1_52' title="bbox 169 5095 1756 5181; baseline 0 -22"><span class='ocrx_word' id='word_1_596' title='bbox 169 5099 298 5174; x_wconf 81' lang='lat' dir='ltr'>ridens,</span> <span class='ocrx_word' id='word_1_597' title='bbox 328 5096 450 5158; x_wconf 83' lang='lat' dir='ltr'>utiliter</span> <span class='ocrx_word' id='word_1_598' title='bbox 471 5096 613 5179; x_wconf 71' lang='lat' dir='ltr'>promissa</span> <span class='ocrx_word' id='word_1_599' title='bbox 639 5095 697 5157; x_wconf 82' lang='lat' dir='ltr'>illo</span> <span class='ocrx_word' id='word_1_600' title='bbox 715 5114 780 5158; x_wconf 85' lang='lat' dir='ltr'>csse</span> <span class='ocrx_word' id='word_1_601' title='bbox 806 5096 937 5175; x_wconf 87' lang='lat' dir='ltr'>scripsit.</span> <span class='ocrx_word' id='word_1_602' title='bbox 990 5098 1756 5181; x_wconf 84' lang='lat' dir='ltr'>QuemadmodumlcxipsaCbristiana,novumque</span> 
     </span>
    </p>
   </div>
   <div class='ocr_carea' id='block_1_4' title="bbox 203 5298 1188 5378">
    <p class='ocr_par' dir='ltr' id='par_1_4' title="bbox 203 5298 1188 5378">
     <span class='ocr_line' id='line_1_53' title="bbox 203 5298 1188 5378; baseline 0.002 -21"><span class='ocrx_word' id='word_1_603' title='bbox 203 5317 224 5357; x_wconf 85' lang='lat' dir='ltr'>a</span> <span class='ocrx_word' id='word_1_604' title='bbox 243 5303 390 5358; x_wconf 69' lang='lat' dir='ltr'>dumoru-</span> <span class='ocrx_word' id='word_1_605' title='bbox 415 5301 444 5357; x_wconf 86' lang='lat' dir='ltr'>itt</span> <span class='ocrx_word' id='word_1_606' title='bbox 471 5304 545 5358; x_wconf 79' lang='lat' dir='ltr'>Ratt.</span> <span class='ocrx_word' id='word_1_607' title='bbox 565 5301 662 5374; x_wconf 62' lang='lat' dir='ltr'>reim</span> <span class='ocrx_word' id='word_1_608' title='bbox 684 5299 798 5363; x_wconf 69' lang='grc' dir='ltr'>ἀνοσίους</span> <span class='ocrx_word' id='word_1_609' title='bbox 822 5298 939 5373; x_wconf 72' lang='grc' dir='ltr'>εἰσφέρων</span> <span class='ocrx_word' id='word_1_610' title='bbox 989 5303 1076 5371; x_wconf 63' lang='lat' dir='ltr'>stuta</span> <span class='ocrx_word' id='word_1_611' title='bbox 1091 5306 1188 5378; x_wconf 80' lang='grc' dir='ltr'><strong>τέχνην,</strong></span> 
     </span>
    </p>
   </div>
   <div class='ocr_carea' id='block_1_5' title="bbox 193 5478 328 5528">
    <p class='ocr_par' dir='ltr' id='par_1_5' title="bbox 193 5478 328 5528">
     <span class='ocr_line' id='line_1_54' title="bbox 193 5478 328 5528; baseline 0 -7"><span class='ocrx_word' id='word_1_612' title='bbox 193 5478 328 5528; x_wconf 55' lang='lat' dir='ltr'>ihu&amp;</span> 
     </span>
    </p>
   </div>
   <div class='ocr_carea' id='block_1_6' title="bbox 0 0 2089 6178">
    <p class='ocr_par' dir='ltr' id='par_1_6' title="bbox 0 0 2089 6178">
     <span class='ocr_line' id='line_1_55' title="bbox 0 0 2089 6178; baseline 0 0"><span class='ocrx_word' id='word_1_613' title='bbox 0 0 2089 6178; x_wconf 95' lang='lat' dir='ltr'> </span> 
     </span>
    </p>
   </div>
  </div>
 </body>
</html>
