4122 6248
316 358 377 422 601
825 356 1149 425 menwaldum
1172 355 1390 424 deessset!

316 523 485 586 existmttn
497 514 633 588 'earnalis
643 526 771 589 initium
783 526 872 614 dam
884 527 1014 589 alteram
1026 527 1083 588 ha·
1132 531 1263 588 matum
1280 520 1359 600 est¹,
1380 517 1494 583 cassu
1516 531 1628 595 eorpus
1651 516 1683 574 at
1699 509 1838 572 animam
1855 524 1899 611 na

316 614 389 677 bare
401 617 497 696 possit
507 626 560 680 ⁰.»
587 618 632 679 lbi
658 619 812 698 duplicem
828 619 962 698 cyrillus
981 626 1081 698 ὓπαρξιν
1132 624 1247 699 puncto
1261 614 1389 696 quidem
1398 610 1548 691 temporis
1560 625 1616 688 per
1629 622 1679 679 ⁸⁰·
1694 608 1726 664 θῒ
1743 616 1900 706 lllfffllffl

319 716 592 786 commemoratae
605 710 760 791 duplicem
774 709 864 786 ἀρχὴν,
877 711 910 773 id
923 710 1085 791 estprinci-
1132 712 1292 786 exstitisse,
1307 712 1474 786 antequam
1487 718 1559 764 cum
1571 694 1770 761 illisverbum
1779 709 1898 797 tundi·

314 801 586 881 piams,etrodiesm
613 803 710 865 illius:
732 804 828 865 altera
855 809 902 865 est
923 803 1084 865 existentia
1132 808 1229 865 retur.
1266 805 1354 863 Tune
1383 815 1458 877 ergo
1490 791 1685 858 existentiam
1713 785 1830 889 haltere
1856 790 1901 845 art

315 894 439 974 propria
460 894 567 969 Verbi,
579 895 815 958 eommunieatra
841 896 900 975 ipsi
917 895 1085 956 divinitatis
1132 901 1301 974 utrumque
1330 891 1477 970 eoepisse,
1510 883 1636 966 quando
1663 880 1697 941 in
1724 882 1899 939 11111V⁰112¹¹¹

315 985 1085 1067 principium,quodexmatraVirginenentiquam
1131 991 1325 1065 assumptum
1349 987 1416 1059 est:
1439 980 1483 1041 ita
1504 983 1542 1040 ut
1562 979 1821 1054 ὕοαρξιςούγχρονον,
1840 966 1901 1028 11⁰⁰

318 1076 438 1156 aceepit
462 1097 470 1139 :
497 1078 594 1140 altera
626 1080 742 1155 earnis,
789 1080 853 1140 sive
883 1079 1085 1140 humanitatis
1132 1084 1179 1140 est
1196 1075 1354 1139 assistentia
1376 1070 1472 1134 erden
1489 1069 1627 1150 temporis
1646 1066 1788 1124 moerente
1805 1064 1901 1138 cepta

315 1169 552 1248 propria,eujus
565 1169 656 1243 ἀρχὴν,
672 1171 731 1232 hoo
748 1176 794 1232 est
814 1171 936 1231 initiam
954 1170 1085 1249 sumpsit
1131 1169 1319 1244 altiliorum,
1334 1183 1397 1246 quo
1411 1160 1659 1239 suntmnjuneta
1675 1152 1786 1215 Verbo.
1823 1244 1829 1255 γ

317 1275 356 1319 ex
375 1260 493 1321 carnali
505 1261 707 1340 generatione
720 1263 871 1325 Verbum.
902 1263 1003 1341 Igitur
1018 1279 1083 1322 non
1173 1262 1292 1329 Quibus
1316 1257 1448 1320 subinde
1473 1253 1555 1315 istud
1581 1247 1731 1327 subjicit:
1759 1265 1775 1302 ι
1799 1238 1901 1345 Simul

316 1368 379 1411 une
389 1352 773 1432 eademqueestambobus
786 1355 959 1430 existentis3
972 1355 1084 1415 utinen
1132 1354 1216 1416 enim
1230 1370 1321 1427 oar03
1337 1348 1430 1410 simul
1444 1345 1499 1408 Dei
1514 1342 1609 1405 Verbi
1620 1356 1691 1400 earo
1703 1356 1711 1397 ε
1724 1334 1820 1397 simui
1833 1350 1900 1394 am-

316 1443 466 1505 existendi
493 1445 690 1525 prineipium.
714 1447 852 1507 Sedena
868 1447 1084 1526 «principium
1131 1452 1217 1507 mata
1233 1441 1418 1505 ratiormlis:
1443 1437 1535 1499 simul
1556 1434 1612 1497 ltei
1629 1429 1725 1493 Verbi
1744 1445 1817 1489 caro
1835 1443 1901 1486 ans-

315 1532 1079 1616 habetaDeoPatre,etomnetempusanteeeditlp
1131 1544 1216 1598 mata
1238 1534 1406 1597 rationalis.
1430 1533 1469 1592 In
1491 1530 1558 1609 ipso
1580 1526 1684 1591 enim,
1705 1527 1736 1583 et
1759 1535 1900 1622 11⁰¹{ltel'

315 1631 352 1685 ut
369 1626 452 1687 idem
474 1633 580 1706 postea
607 1630 740 1709 cyrillus
766 1631 831 1704 ait,
849 1630 909 1691 alia
930 1630 969 1692 de
991 1648 1082 1693 (arne
1130 1634 1262 1710 seipsam
1292 1626 1487 1689 existentiam
1512 1618 1632 1682 habirit.
1659 1614 1779 1692 omppe
1805 1608 1901 1715 simul

315 1717 450 1796 Virginis
463 1721 594 1800 sumpsit
605 1722 731 1783 initium
739 1721 772 1781 in
784 1728 935 1802 tempore.
1130 1738 1202 1784 oum
1215 1720 1310 1781 Verbi
1334 1722 1498 1797 conseptu,
1521 1713 1560 1774 ad
1582 1704 1817 1771 consistendum
1841 1707 1900 1763 1⁸1⁸

354 1810 411 1870 VI.
435 1812 516 1872 idem
529 1830 628 1891 genus
641 1815 918 1893 argumentationis
931 1832 970 1876 ex
989 1815 1082 1876 simili
1129 1813 1279 1894 producta
1291 1815 1384 1872 sunt:
1401 1814 1432 1870 et
1451 1807 1539 1868 unita
1556 1808 1629 1865 sunt
1647 1798 1707 1880 ipsi
1726 1794 1900 1859 secundum

314 1902 490 1964 testimonio
507 1904 675 1984 sophronii
693 1906 873 1967 conficitur:
894 1924 956 1986 quo
975 1925 1083 1986 perpe-
1130 1905 1330 1985 hypostasim,
1359 1901 1454 1963 simul
1479 1906 1572 1976 atque
1598 1894 1638 1955 ad
1665 1887 1899 1990 consistendum

313 2009 383 2054 ram
405 1997 453 2055 usl
475 2002 549 2057 sunt
570 1997 667 2076 aliqui
692 1998 866 2059 scholastici
892 1999 931 2058 ad
955 1998 1081 2060 nnioem
1130 1999 1280 2077 producta
1299 2000 1371 2055 sunt
1385 1992 1411 2054 ά.
1435 2014 1451 2051 ο
1478 1991 1535 2051 llio
1556 1993 1655 2067 οοαρξιν
1678 1980 1898 2083 quidam-en·
1929 2020 2057 2069 m

314 2085 509 2148 existentiam
522 2089 774 2168 approbandam:
790 2107 848 2151 neo
862 2090 900 2150 ad
915 2090 971 2150 hos
987 2090 1080 2152 refel-
1129 2092 1257 2154 stimant
1274 2106 1331 2167 pro
1347 2093 1480 2148 ὑποστάσει
1502 2082 1541 2143 ab
1566 2074 1740 2159 Sophronio
1762 2068 1896 2149 eoorp1¹,

314 2175 432 2255 leudos,
451 2186 534 2241 reete
549 2182 621 2242 satis
633 2181 709 2242 illud
723 2182 776 2243 alii
789 2187 864 2243 sunt
877 2182 1079 2262 interpretati.
1129 2185 1189 2246 hoo
1201 2187 1248 2242 est
1260 2178 1421 2260 supposito,
1437 2176 1488 2237 vel
1497 2190 1648 2255 persona:
1663 2168 1746 2249 quod
1760 2164 1839 2227 nihil
1852 2171 1900 2227 est

315 2268 427 2330 Scribit
458 2287 531 2346 ergo
559 2273 751 2352 sophronius
778 2272 1080 2353 Hierosolymitanns
1129 2291 1263 2337 neeesse.
1296 2273 1362 2332 lmo
1389 2268 1474 2348 quod
1501 2265 1594 2346 paulo
1622 2267 1694 2322 ante
1725 2258 1805 2320 dixit
1832 2275 1899 2317 11011

313 2360 489 2423 Putriareha
511 2365 545 2424 in
569 2364 698 2443 epistola
722 2366 880 2444 synodica,
907 2383 1001 2444 quam
1025 2384 1080 2446 pe-
1128 2375 1301 2448 ‚speseossssp
1316 2364 1434 2424 horest
1454 2366 1524 2422 oete
1540 2352 1714 2418 subsistenti
1736 2349 1833 2427 carni,
1849 2347 1898 2409 vel

311 2469 417 2530 raeque
441 2455 525 2533 piam
548 2460 580 2517 et
599 2457 752 2517 eruditam
772 2458 812 2518 ad
834 2458 978 2536 Sergium
996 2457 1082 2519 misit
1129 2460 1242 2520 anima
1256 2454 1436 2536 populatum
1449 2449 1545 2511 fuisse
1558 2446 1718 2508 Verbum:
1733 2460 1799 2504 non
1820 2445 1898 2520 puto

312 2545 686 2627 Constantinopolitanum
705 2550 933 2628 patriarcham
950 2567 1080 2628 quaeque
1129 2559 1265 2625 ὑποστῆναι
1288 2546 1411 2628 proprie
1433 2560 1511 2618 esse,
1531 2538 1688 2620 suppositi,
1703 2534 1751 2597 oet
1759 2549 1897 2614 pesona

313 2635 346 2693 in
358 2642 444 2698 sexta
461 2639 581 2718 synodo
595 2641 740 2716 recitata,
762 2641 953 2720 probataque
973 2647 1029 2716 est,
1049 2647 1081 2702 et
1129 2640 1212 2702 modo
1224 2639 1368 2701 coiere-e
1377 2656 1389 2699 .·
1403 2636 1457 2697 sed
1470 2632 1649 2712 simpliciter
1659 2628 1783 2690 existere
1802 2625 1834 2685 ia
1847 2642 1897 2685 re·

311 2725 345 2787 in
361 2734 428 2789 aota
449 2729 567 2791 relata:
592 2752 604 2789 ι
630 2734 829 2793 incarnatum
847 2751 914 2795 esse
929 2734 1076 2809 Verbum,
1129 2751 1198 2793 ram
1211 2737 1330 2804 saturo,
1347 2735 1379 2790 et
1393 2744 1513 2800 revera,
1535 2741 1600 2785 non
1619 2722 1721 2801 speeie
1739 2718 1805 2780 sola
1824 2734 1898 2778 oon·

311 2837 376 2880 non
391 2823 478 2883 narni
492 2823 671 2903 oopulatum
685 2824 921 2900 anteformatse,
935 2824 1078 2903 velfigu·
1128 2825 1257 2886 sistere:
1281 2840 1376 2902 quam
1403 2837 1468 2881 esse
1493 2815 1707 2879 tramlatitiam
1732 2812 1897 2873 notionem

309 2918 398 2985 ratae,
412 2931 513 2993 neque
528 2915 707 2977 subsistenti
719 2902 806 2996 prius
820 2932 997 2976 connexum
1010 2934 1078 2976 ‹nr-
1127 2914 1269 2977 voeabuli
1285 2914 1373 2974 istius
1385 2913 1469 2992 apud
1481 2911 1602 2972 Graecos
1619 2903 1780 2980 theologos
1793 2907 1898 2962 osten·

310 3004 398 3082 pori;
428 3006 478 3066 vel
498 3007 586 3086 prius
609 3008 788 3070 subsistenti
813 3007 926 3068 animes
952 3025 1078 3088 compo·
1127 3007 1246 3078 dimus,
1274 3007 1329 3067 diu
1353 3005 1449 3066 etiam
1472 3007 1579 3083 postea
1601 3002 1770 3072 retentam,
1798 3011 1895 3074 quam

309 3086 425 3157 situm':
450 3098 504 3159 sed
531 3116 603 3160 oum
628 3100 737 3160 iisdem
764 3101 908 3172 unitum,
937 3104 1013 3161 tuno
1038 3102 1079 3162 ad
1126 3102 1326 3180 hypostaseos
1354 3096 1472 3176 liquido
1498 3099 1530 3156 et
1556 3091 1698 3154 distinete
1728 3089 1897 3150 oonstituts

309 3186 504 3250 existendum
527 3190 772 3270 prodeuntibus,
792 3192 917 3271 quarmo
936 3193 1077 3253 Verbum
1126 3191 1307 3272 significatio
1320 3189 1430 3263 fuerat,
1446 3187 1556 3265 atejus
1571 3185 1610 3247 ab
1624 3186 1697 3262 stete
1706 3180 1894 3242 differentia.

307 3279 422 3356 ipsum,
450 3282 592 3362 Deusqus
619 3300 692 3344 eum
719 3283 781 3343 illis
807 3283 1075 3362 oonjungebatnr:
1128 3287 1282 3346 Caeterum
1309 3283 1343 3343 in
1374 3281 1482 3342 latina
1511 3274 1766 3357 interpretatione
1796 3270 1895 3334 aeteri

306 3371 385 3431 adeo
403 3378 439 3433 ut
458 3375 640 3436 naturaliter
660 3374 694 3436 in
711 3375 796 3436 idem
808 3380 932 3454 tempus
946 3392 1076 3436 oonour-
1125 3377 1237 3457 synodi
1256 3375 1365 3450 sextas',
1389 3378 1421 3434 et
1441 3371 1579 3451 epistole
1601 3368 1684 3429 illius
1713 3363 1893 3445 Sophronii,

306 3468 428 3525 rentem
461 3483 534 3527 oum
566 3467 729 3528 existentia
761 3467 989 3546 eopulationem
1021 3467 1077 3528 ha·
1125 3469 1228 3530 addita
1241 3467 1499 3539 voaiueratuao,
1513 3469 1545 3525 et
1558 3462 1602 3523 ita
1616 3457 1771 3522 loeusiste
1785 3457 1894 3520 sonci·

307 3554 452 3616 buerint:
474 3575 532 3619 neo
559 3563 630 3618 ante
657 3558 851 3619 verissimam
875 3575 948 3619 oum
973 3557 1075 3620 Verbo
1124 3560 1288 3641 piabatur:
1303 3557 1343 3620 In
1351 3557 1409 3619 illo
1420 3557 1530 3637 itaque,
1542 3560 1637 3615 elaea
1643 3570 1699 3632 per
1707 3549 1892 3630 semtipsum

303 3645 509 3725 J'unotionem,
525 3667 582 3728 per
594 3668 627 3710 se
640 3649 707 3729 ipsa
716 3650 832 3710 fuerint
844 3649 957 3710 ambo:
974 3667 1076 3729 neque
1126 3652 1233 3713 tabuit
1259 3651 1446 3712 eaisteaiom
1472 3666 1569 3709 οοοοτ.
1607 3644 1670 3706 Sed
1696 3661 1734 3704 ea
1764 3660 1828 3703 vox
1861 3639 1894 3701 in

307 3739 472 3818 quisquam
492 3741 587 3801 homo
607 3742 705 3802 nostri
720 3741 828 3807 similis
841 3740 990 3802 exstiterit
1007 3758 1075 3802 om·
1123 3745 1230 3806 ‘Grseoo
1250 3744 1353 3803 deest:
1375 3758 1446 3820 quse
1458 3739 1486 3800 si
1499 3742 1598 3812 esset3
1614 3743 1689 3798 tune
1701 3742 1803 3814 mepte
1823 3752 1895 3795 eon·

308 3832 404 3891 nino:
419 3848 529 3893 verum
539 3834 594 3909 sie,
605 3838 641 3893 ut
652 3850 726 3893 eum
734 3833 869 3893 naturali
877 3832 974 3894 Verbi
985 3851 1077 3911 eopu·
1124 3841 1218 3897 staret
1240 3852 1297 3914 pro
1320 3832 1478 3912 supposito
1505 3830 1598 3891 sumi.
1623 3829 1764 3891 Fomasse
1787 3834 1894 3889 autem

306 3922 422 3983 latione
436 3930 672 3986 concurrentem
691 3924 843 3986 haberent
859 3924 1074 3985 existentiam:
1124 3928 1277 4006 interpres
1289 3927 1333 3986 ita
1343 3926 1450 3986 Grmoa
1458 3922 1656 3985 reddiderat:
1671 3919 1814 3984 Uaeoam
1826 3935 1895 3979 cos·

306 4032 391 4075 aene
400 4015 643 4095 inietuquidem
652 4016 745 4091 osuii,
756 4016 982 4096 praeeedentem
990 4016 1077 4076 illam
1125 4024 1209 4099 septu
1223 4019 1331 4099 quippe
1345 4015 1441 4079 Verbi.
1457 4014 1545 4077 Unde
1557 4014 1695 4092 primum
1706 4009 1895 4072 vocabulum

304 4108 411 4167 sortita
423 4106 611 4169 fueruntts
646 4108 765 4175 Quibus
783 4108 887 4168 verbis
906 4107 995 4168 doeet
1018 4107 1076 4168 So·
1125 4107 1369 4180 anaetinuoum
1382 4097 1895 4183 mutatumpropteraooentumd

305 4198 458 4277 phrouius
480 4199 532 4276 id,
558 4199 642 4279 quod
665 4200 823 4279 superiore
842 4198 922 4259 libro
945 4199 1076 4260 demon·
1125 4194 1648 4276 anteoedentempartemorationis
1660 4196 1892 4255 retraetumsst

343 4424 364 4465 a
385 4409 453 4465 Cra.
474 4408 522 4462 ilat
546 4412 590 4477 τῆς
613 4407 915 4480 οαρκικῆςόττάρξεωςιὴν
939 4406 1076 4483 ἀρχὴνοόχ
1121 4407 1176 4464 καθ’
1199 4408 1271 4464 iered
1293 4409 1414 4481 γινόμενα
1434 4409 1546 4473 πώποτε,
1569 4406 1586 4474 ii
1608 4422 1674 4467 τινος
1698 4402 1830 4477 sapesso
1843 4409 1893 4458 νῦν

305 4489 388 4563 tripes
400 4490 466 4564 ἔχον
480 4491 614 4563 δυναμένης
625 4491 669 4559 τὴν
684 4491 751 4545 ὁδόν.
1109 4494 1174 4547 aad
1190 4493 1255 4565 ἡμᾶς
1268 4492 1351 4561 tripos
1365 4492 1395 4545 τό
1409 4492 1524 4563 παράπαν
1540 4487 1697 4561 ὓπαρξαντος·
1712 4486 1780 4541 ets
1790 4488 1892 4559 οὕνδον·

341 4573 444 4629 libid.
469 4573 502 4627 ‘0
517 4573 563 4645 γὰρ
581 4572 608 4626 ἔα
634 4575 689 4628 θεοῦ
710 4574 801 4645 πατρός
820 4572 865 4641 τὴν
886 4572 984 4646 ὓπαρξιν
1006 4573 1072 4647 ἔχων
1122 4595 1168 4648 γιον
1183 4576 1416 4648 ἕχοντατῇφυσικῇ
1429 4579 1474 4627 τοῦ
1487 4574 1564 4645 λόγου
1584 4572 1703 4642 sapidae
1721 4569 1767 4637 tls
1780 4570 1890 4641 ὕπαρξιν,

303 4655 348 4723 τὴν
361 4657 452 4719 παντός
464 4655 572 4711 iniussa
581 4658 682 4729 χρόνον.
1121 4660 1162 4713 καὶ
1176 4657 1221 4713 oda
1234 4657 1325 4727 λαιῑνης
1338 4657 1394 4713 otti
1405 4658 1439 4719 ὡς
1454 4656 1478 4713 ἰν
1493 4655 1620 4728 ὀφθαλμοῦ
1634 4653 1702 4725 ῥοιῇ,
1717 4654 1820 4721 ταυτηνὶ
1832 4671 1891 4725 σου·

341 4740 435 4795 ert.
458 4754 488 4804 11,
512 4755 575 4809 syn.
602 4738 748 4809 t1Sttphr.
772 4753 815 4808 ep.
836 4732 972 4810 Σιφκοῦται
986 4739 1073 4811 γοΰνό
1121 4741 1368 4813 τιριόουσανὲχοντι.

304 4821 380 4894 λόγος
405 4820 445 4875 sal
469 4821 522 4883 tat<
548 4821 578 4875 τό
598 4821 727 4893 episopus,
749 4821 777 4875 οὗ
799 4822 980 4894 apostostolus]
1002 4821 1074 4894 σαρκὶ
1156 4823 1266 4881 dibid.
1286 4823 1298 4844 ⁰
1319 4844 1353 4896 μα
1366 4819 1494 4895 γὰρσὰρξ,
1513 4821 1565 4892 ἅμα
1584 4819 1639 4873 θεοῦ
1652 4818 1730 4889 λόγου
1752 4816 1824 4889 σάρξ·
1840 4818 1890 4889 ἅμα

304 4906 494 4976 συναπτόμεναι,
509 4904 524 4970 ἢ
539 4905 746 4976 τρομορφωθέντι,
762 4904 803 4957 καλ
816 4902 870 4957 καθ’
887 4903 947 4958 adad
965 4911 1074 4976 apotas-
1122 4906 1232 4980 όμψυχος
1244 4826 1342 4979 λαγῶ,
1359 4908 1412 4977 ἅμα
1428 4907 1483 4959 θεοῦ
1495 4903 1572 4975 λόγου
1595 4899 1655 4972 σὰρξ
1667 4899 1778 4972 ἔμψυχος
1790 4900 1887 4971 λογσαὶ

303 4987 389 5041 στάντι
411 4986 471 5041 ποτὶ
489 4987 703 5059 προσιτλταόμτνος
725 4989 838 5058 σώματι,
861 4987 877 5053 ἢ
899 4989 1072 5060 προϋποστάσῃ
1123 4987 1147 5043 όν
1162 4989 1229 5062 αὐτῷ
1243 4988 1352 5061 γὰρ,αοὶ
1366 4988 1394 5043 οὗ
1406 4987 1459 5042 καθ’
1478 4984 1563 5054 ἑαυτὴν
1577 4984 1636 5058 lays
1654 4982 1699 5051 τὴν
1712 4980 1825 5054 ὕπαρξιν.
1839 4983 1889 5054 dus

303 5069 371 5141 ψυχῇ
391 5069 568 5142 ουντιθόμανος.
593 5067 658 5123 ἀλλὰ
681 5070 738 5125 stra
751 5069 846 5132 τούτοις
868 5070 1073 5142 παραγινομένοις
1121 5070 1212 5144 pipeti
1230 5073 1347 5144 συλλήψει
1361 5065 1404 5126 τοῦ
1417 5072 1494 5142 λόγου
1508 5073 1585 5124 ταῦτα
1598 5068 1712 5140 παρήχθη
1729 5067 1791 5138 πρὸς
1804 5066 1889 5121 σύστα-

303 5151 363 5222 πρός
372 5150 483 5224 ὓπαρξιν,
499 5153 540 5207 ότι
556 5152 637 5214 witois
646 5152 661 5205 d
671 5152 746 5224 λόγος
760 5150 841 5216 αὐτὸς,
857 5152 897 5205 καὶ
914 5152 966 5215 θοός
981 5152 1075 5207 warri-
1122 5173 1170 5208 σιν·
1182 5154 1310 5223 mittetis
1319 5154 1446 5227 essessa
1456 5154 1590 5211 lutosam:
1599 5153 1651 5225 ἅμα
1660 5149 1764 5222 adepte
1775 5149 1888 5205 σῦσταυιν

303 5234 360 5289 Vtro
373 5240 479 5304 φυσικῶς
494 5235 630 5309 σύγχρονον
655 5235 746 5308 ἔχοντα
759 5241 790 5309 τῇ
804 5234 959 5308 incipiaris
974 5235 1072 5299 troes,
1123 5236 1233 5308 ἄγασθαι.

304 5316 346 5371 sal
360 5315 390 5371 οό
401 5317 449 5389 πρὸ
462 5321 506 5386 τῆς
518 5319 578 5391 πρός
595 5319 638 5375 τόν
658 5320 733 5392 λόγον
747 5319 912 5391 ἀληθεστάτας
929 5316 1073 5388 optaras

332 5503 343 5546 t
359 5502 413 5559 Cap:
424 5515 473 5547 1.-
484 5503 499 5547 t
513 5503 542 5549 lit
552 5504 619 5563 Vasa.
632 5505 690 5562 dlsp.
702 5517 734 5559 τι,
744 5516 768 5550 n.
782 5505 804 5550 2.
