4078 6162
339 354 399 416 436
858 349 1184 412 THEOLOGICORUM
1203 346 1421 411 DOGMATUM

338 519 460 595 taverit,
475 522 557 580 recte
570 518 643 579 huic
657 516 791 599 cyrillus
805 517 984 579 occurritin
997 517 1107 578 eodem
1158 516 1284 578 cifixum
1311 506 1850 594 esse,interpretaturAmbrosius¹⁸,
1863 524 1924 567 non
2029 520 2030 599 ι

338 611 417 672 loco.
438 609 556 691 Quippe
577 630 641 672 non
664 610 769 671 minus
790 611 891 687 Pater,
913 616 945 671 et
973 609 1108 687 Spiritus
1157 609 1245 689 quasi
1259 609 1294 670 in
1303 608 1462 687 majestate
1474 624 1531 666 sna
1545 603 1726 666 crucifixum
1737 598 1922 682 pammach
2029 626 2030 635 ι

338 708 461 764 sanctus
474 702 621 764 esinuniti
641 721 705 764 esse
725 703 866 763 dicentur
885 720 980 783 quam
998 701 1104 776 Filius,
1157 701 1297 781 sedquia
1316 701 1400 762 idem
1422 701 1515 775 Deus,
1531 696 1690 770 ethomo;
1712 692 1924 774 perdivinita·

338 813 411 856 cum
435 799 467 856 et
495 794 554 875 ipsi
582 793 617 855 in
641 813 677 855 eo
704 794 847 855 habitent
872 794 927 874 qui
961 793 1109 855 mandata
1159 799 1222 854 tem
1247 794 1345 868 Deus3
1360 810 1417 873 per
1444 788 1670 870 susceptionem
1692 786 1794 848 carnis
1816 785 1924 856 bomo,

337 887 447 948 Christi
464 892 575 964 servet,
586 892 622 947 ut
634 887 773 949 Christus
781 885 1022 948 affirmat¹.'lum
1037 885 1107 965 Spi·
1156 886 1246 947 iesus
1272 885 1422 960 Christus,
1448 882 1599 944 Dominus
1618 878 1788 958 maiestatis
1816 877 1926 938 dicitur

338 979 415 1039 ritus
428 984 551 1041 sanctus
559 979 591 1040 in
600 978 684 1040 nohis
693 978 829 1041 habitare
840 977 1060 1040 dicitur'.Vide
1070 978 1108 1038 de
1157 977 1333 1048 crucifixus,
1361 977 1434 1056 quia
1459 992 1585 1037 consors
1605 973 1765 1052 utriusque
1790 975 1926 1046 natura,

337 1070 398 1132 hoc
411 1072 549 1152 Apostoli
562 1072 629 1134 loco
643 1071 724 1133 inter
734 1072 809 1133 alios
822 1071 1018 1134 Ambrosium
1032 1070 1109 1150 epis·
1157 1070 1190 1131 id
1203 1075 1249 1131 est
1258 1070 1417 1143 humanos,
1433 1072 1526 1147 atque
1538 1066 1649 1128 divine
1665 1084 1672 1125 :
1688 1064 1721 1125 in
1732 1069 1818 1124 terra
1824 1060 1926 1123 homi-

337 1164 401 1224 tola
414 1170 532 1225 octava.
1157 1161 1206 1223 nis
1220 1161 1315 1222 subiit
1327 1161 1557 1242 passionem,ut
1568 1157 1731 1220 indiscrete
1740 1154 1929 1217 etDominas
2031 1210 2032 1225 ,

376 1256 414 1319 V.
444 1257 566 1317 Rursus
589 1255 624 1316 in
642 1255 773 1335 epistola
797 1253 837 1317 cd
853 1252 1004 1331 Hebraeos,
1020 1254 1108 1334 cujus
1156 1254 1325 1333 majestatis
1337 1253 1457 1314 dicatur
1471 1269 1536 1314 esse
1548 1250 1603 1330 qui
1614 1267 1722 1329 passus
1734 1252 1793 1325 est,
1810 1245 1930 1308 etlilius

337 1347 476 1410 divinam
498 1348 726 1425 excellentiam,
762 1354 793 1408 et
826 1346 1008 1426 dignitatem
1043 1353 1108 1408 tam
1156 1344 1303 1420 hominis,
1319 1344 1398 1407 sieut
1417 1346 1566 1424 scriptum
1579 1348 1635 1421 est,
1651 1340 1705 1422 qui
1723 1339 1930 1402 descenditde

336 1440 495 1502 luculento
523 1440 679 1520 praeconio
707 1438 914 1518 celebraverat
940 1439 1107 1518 Apostolus
1157 1439 1244 1500 cislo.
1262 1464 1276 1493 2

337 1532 371 1593 in
382 1532 483 1612 primo
498 1532 609 1612 capite,
631 1531 770 1610 ejusdem
784 1549 859 1592 mox
881 1530 949 1591 Filii
963 1531 1106 1592 incarna-
1197 1531 1252 1591 VI.
1268 1529 1366 1592 Multa
1378 1527 1602 1609 ejusdemmodi
1612 1522 1862 1606 suppeditabunt
1875 1524 1931 1602 Gy·

336 1624 456 1685 tionem
470 1623 636 1704 pradicat3
653 1641 754 1685 unum
768 1642 832 1686 esse
846 1622 1035 1702 significans,
1051 1622 1106 1703 qui
1157 1622 1219 1683 rilli
1241 1621 1384 1685 Thesauri
1392 1642 1404 1691 ,·
1427 1622 1491 1683 imo
1509 1638 1590 1702 pene
1603 1636 1712 1681 omnes
1724 1617 1822 1696 bajus
1831 1616 1928 1677 libri:
2032 1618 2033 1621 ’

337 1721 368 1777 et
394 1715 532 1797 splendor
554 1716 595 1776 sit
610 1715 729 1794 pieria,
753 1735 788 1778 ce
811 1715 911 1797 fipuru
933 1714 1106 1778 substantie
1156 1730 1293 1776 necnon
1307 1714 1512 1776 Cassianusia
1525 1713 1612 1774 libris
1632 1718 1750 1791 septem
1767 1708 1806 1770 de
1824 1708 1930 1770 Incar-

336 1807 546 1888 Pctris⁸tper
560 1826 653 1888 quem
671 1807 778 1870 sucula
799 1808 865 1888 ipsa
886 1807 967 1887 sactu
991 1806 1103 1869 sunt⁸2
1157 1802 1930 1887 natione¹⁰.Augustinusitem,praesertiminprimo

336 1900 391 1981 qui
405 1901 529 1981 Angelis
542 1901 690 1962 omnibus
700 1900 887 1962 antecellens
895 1900 935 1961 ab
949 1899 987 1960 iis
998 1900 1107 1962 adore·
1157 1899 1237 1960 libro
1249 1897 1284 1960 de
1301 1899 1458 1977 Trinitate,
1479 1899 1578 1979 capite
1592 1913 1658 1972 ιιιι,
1675 1895 1731 1957 ubi
1748 1916 1764 1953 a
1781 1894 1932 1955 eumdem

336 1991 414 2054 tur⁸
432 1992 553 2073 :etqui
572 1990 594 2066 ⁶,
612 1998 739 2073 propter
761 1993 846 2072 quod
865 1989 993 2073 pueri⁷,
1016 1992 1108 2053 idest
1157 2010 1222 2054 esse
1245 1990 1358 2053 Filium
1371 1991 1507 2053 hominis
1533 1994 1661 2070 propter
1681 1988 1819 2049 formam
1837 1985 1930 2060 servi,
2033 2026 2034 2057 ;

337 2085 493 2158 homines,
509 2085 799 2147 communicaverunt
814 2085 904 2145 carni
916 2085 1105 2165 etseupuim',
1157 2101 1252 2163 quam
1266 2083 1395 2165 acccepit,
1409 2083 1464 2163 qui
1477 2088 1523 2145 est
1542 2082 1624 2143 filius
1644 2080 1710 2153 Dei,
1733 2086 1869 2160 propter
1882 2077 1933 2140 oei
2033 2076 2034 2083 ’

336 2177 438 2258 etipse
456 2176 598 2238 similiter
614 2176 818 2258 participavit
842 2175 968 2246 eisdem
992 2182 1027 2237 nt
1052 2195 1108 2257 per
1156 2175 1301 2253 formum,
1315 2175 1349 2236 in
1368 2194 1430 2255 qua
1454 2180 1539 2252 est,o
1560 2174 1728 2254 Scripturas
1742 2170 1932 2233 testimoniis

336 2276 458 2329 mortem
485 2267 643 2329 destrueret
671 2287 747 2342 eam,
776 2268 830 2349 qui
855 2267 979 2332 causac
1005 2268 1108 2330 mortis
1158 2267 1301 2346 pluribus
1328 2267 1490 2347 approbat.
1518 2266 1596 2327 vide
1619 2270 1651 2326 et
1670 2263 1878 2344 Agobardnm
1900 2262 1932 2324 in

337 2359 506 2440 imperium,
537 2361 634 2421 idest
657 2359 820 2422 diabolum.
852 2363 931 2422 Nam
950 2378 1051 2422 untrm
1077 2366 1108 2421 ct
1156 2359 1349 2421 librocontre
1363 2358 1486 2420 Felicem
1500 2357 1718 2439 Urpelitenum.

337 2453 483 2513 eumdem
511 2471 586 2529 csse,
615 2453 647 2512 ia
682 2471 776 2533 quem
809 2454 890 2516 cadit
923 2461 1104 2534 atrumque,
1196 2451 1243 2512 Ad
1258 2451 1326 2512 bec
1342 2450 1512 2530 Scripturas
1522 2451 1636 2531 passim
1645 2449 1930 2522 lesumeristam,
2034 2470 2035 2473 ¹

338 2544 1033 2627 Paulusibiapcrtedemonstratzquippequi
1047 2549 1106 2607 hoc
1156 2548 1306 2623 tanquam
1332 2561 1433 2605 unum
1459 2550 1491 2605 et
1508 2544 1666 2621 eumdem,
1686 2542 1880 2621 shringunt,
1903 2546 1932 2602 et

336 2635 456 2696 sibiilla
469 2636 502 2696 in
516 2636 644 2715 epistola
658 2638 829 2717 proposuit,
845 2639 996 2699 utJesum
1008 2637 1107 2699 Chris-
1156 2642 1365 2697 anniimerant
1378 2637 1461 2697 Patri
1479 2655 1486 2696 τ
1505 2633 1588 2700 Unus
1608 2634 1686 2697 Dein
1699 2633 1795 2697 Pater
1818 2653 1861 2695 ea
1877 2651 1932 2715 quo

335 2733 415 2801 tum,
440 2745 534 2808 quem
558 2728 719 2789 hominem
737 2728 833 2790 luisse
846 2729 1005 2791 constabat
1024 2729 1106 2791 inter
1157 2728 1267 2805 omnia,
1283 2728 1383 2808 inquit
1396 2725 1599 2808 Apostolus¹⁷,
1616 2733 1644 2788 et
1662 2746 1712 2789 nos
1726 2726 1758 2788 in
1771 2726 1888 2789 illum:
1902 2731 1931 2786 ct
2035 2802 2036 2807 ἵ

336 2821 406 2881 flios
419 2821 458 2881 ad
472 2838 550 2900 quos
561 2819 722 2897 scribebat,
735 2839 799 2881 non
813 2840 912 2882 unum
927 2822 1105 2883 babendum
1157 2839 1233 2881 uuus
1246 2819 1391 2882 Dominus
1402 2821 1486 2882 deam
1494 2819 1641 2897 Christus,
1653 2839 1709 2903 per
1721 2839 1806 2901 quem
1816 2823 1931 2898 omnia,
2035 2816 2036 2827 ’

337 2931 404 2974 esse
417 2914 456 2974 de
478 2912 596 2989 multis,
617 2913 671 2974 sed
693 2914 839 2975 eumdem
852 2915 965 2988 Deum,
988 2914 1104 2994 Deique
1156 2916 1214 2974 etc.
1232 2913 1280 2991 Et,
1299 2912 1369 2992 Ipse
1381 2921 1481 2974 auten
1498 2911 1587 2990 Dein,
1608 2920 1638 2973 et
1655 2912 1749 2973 Pater
1773 2920 1882 2990 amer,
1904 2920 1932 2972 et

334 3005 510 3066 naturalem
522 3005 624 3065 filium
638 3005 822 3068 ostenderet.
1159 3002 1302 3065 Dominus
1324 3011 1422 3067 noster
1439 3005 1521 3067 leues
1540 3003 1689 3081 Christus,
1707 3002 1825 3086 diripiat
1851 3008 1930 3066 uiam

375 3098 443 3157 Huc
469 3096 575 3157 omnia
602 3097 740 3158 revocari
770 3102 900 3177 possunt
929 3097 1105 3160 testimonia
1155 3104 1284 3158 nostram
1298 3094 1339 3158 ad
1351 3096 1833 3177 vos¹⁸.Acnonnunquametiam
1842 3094 1931 3158 Patri

337 3187 516 3268 Scripturas,
526 3187 639 3268 quibas
653 3188 796 3266 efficitur,
807 3208 872 3250 non
888 3189 993 3265 eham,
1011 3196 1105 3270 atque
1153 3189 1366 3269 praeponitur;
1381 3190 1465 3252 utin
1479 3189 1667 3251 secundaad
1692 3188 1930 3251 Thessalonicen·
2036 3184 2037 3187 ’

335 3279 442 3356 alium,
457 3281 510 3341 sed
524 3298 624 3342 unum
652 3289 683 3342 et
697 3282 843 3343 eumdem
865 3300 941 3357 esse,
963 3281 997 3341 in
1010 3300 1104 3361 quem
1152 3279 1233 3342 ses¹⁹.
1249 3281 1334 3343 Alias
1344 3282 1436 3343 etiam
1446 3283 1570 3343 additur
1584 3290 1615 3343 et
1623 3281 1754 3363 Spiritus
1763 3280 1928 3343 saactns”.

335 3377 366 3433 et
379 3373 501 3448 divinm;
528 3379 559 3434 et
583 3373 731 3435 humanm
757 3378 879 3435 naturae
902 3373 1104 3453 proprietates
1154 3372 1224 3434 Hac
1238 3373 1337 3453 iisque
1351 3374 1443 3454 plura
1466 3374 1683 3436 Theodoretus
1696 3374 1875 3437 observavit
1897 3375 1930 3436 in

334 3466 536 3526 conveniunt.
563 3466 720 3526 Nonnulla
734 3483 772 3526 ex
791 3466 829 3526 iis
851 3464 1036 3526 Athanasius
1054 3484 1104 3527 re·
1153 3465 1284 3543 epistola
1308 3466 1722 3529 axnu1’¹.tamverounum
1739 3486 1806 3529 csse
1825 3469 1928 3530 Chris-

333 3555 392 3616 lert
406 3554 430 3633 ⁸,
445 3555 530 3617 velat
543 3558 627 3637 quod
644 3558 682 3618 de
695 3575 727 3619 se
742 3557 805 3636 ipse
826 3557 964 3618 Christus
978 3557 1105 3638 profite-
1152 3560 1233 3633 tum,
1250 3575 1316 3618 non
1338 3558 1428 3636 duos,
1443 3577 1482 3621 ex
1496 3578 1533 3621 co
1553 3559 1764 3638 concluditur,
1794 3560 1881 3640 qaod
1904 3561 1930 3622 si

333 3653 385 3709 tur
401 3668 408 3709 :
425 3647 518 3710 Nemo
527 3648 655 3711 memdit
675 3652 707 3709 tn
725 3649 841 3727 calum,
856 3653 915 3710 nisi
929 3649 984 3728 qui
994 3648 1105 3712 descen
1153 3647 1216 3709 duo
1232 3656 1344 3726 emeat,
1359 3657 1493 3731 quatuor
1497 3652 1564 3731 jam
1577 3670 1719 3734 personae
1732 3658 1837 3715 essent
1847 3652 1929 3715 diri·

332 3739 378 3802 dit
390 3739 426 3802 de
438 3740 521 3815 coele,
545 3740 630 3822 filius
654 3739 790 3814 beminis,
810 3741 865 3822 qui
885 3751 926 3802 est
945 3741 978 3802 in
993 3741 1062 3803 cato
1077 3740 1101 3803 ⁸.
1153 3756 1214 3815 noe,
1233 3746 1264 3802 et
1279 3750 1411 3822 ὁμότιμοι,
1439 3763 1510 3825 qua
1532 3743 1673 3806 videlicet
1698 3744 1931 3808 indivinitatis
1970 3760 2037 3814 mu

332 3833 380 3907 Et,
399 3831 438 3894 Si
452 3852 522 3914 erpo
535 3832 667 3894 videretis
685 3833 787 3909 filium
810 3832 933 3894 bominis
946 3836 1102 3895 escenden-
1154 3832 1639 3918 mentionejungimtur,atquetn
1649 3838 1930 3918 summaemajesta·
1985 3820 2037 3868 μ

334 3933 392 3986 tem
406 3925 459 3986 ubi
467 3934 533 3987 eret
541 3925 657 4006 prius¹⁰
669 3924 684 3985 l
698 3927 778 3987 Item
792 3925 870 3987 illud
887 3945 894 3986 ε
909 3926 951 3987 At
965 3925 1104 3988 utioem't
1152 3924 1203 4001 tis,
1228 3931 1260 3986 et
1278 3927 1468 3990 auctoritatis
1485 3930 1738 3991 communionem
1762 3936 1925 3993 vacantia.

327 4017 483 4098 plenitudo
505 4018 656 4098 temporis,
685 4017 770 4078 misit
787 4016 865 4078 Dein
881 4016 981 4098 filium
1003 4037 1101 4094 suum,
1153 4017 1262 4098 ltaque
1276 4026 1358 4082 recte
1377 4021 1570 4101 Augustinus
1579 4020 1618 4099 ³³,
1636 4044 1652 4081 a
1667 4023 1737 4084 Non
1750 4023 1838 4085 enim
1851 4023 1926 4101 duo,

331 4111 445 4190 sactum
466 4129 503 4171 ee
517 4109 650 4183 isaiae,
666 4109 782 4189 suctum
804 4108 856 4170 sub
869 4109 933 4191 lepe
951 4108 985 4171 ¹¹.
1008 4112 1099 4181 Tam,
1152 4110 1237 4171 Deus
1265 4116 1296 4173 et
1321 4113 1428 4184 homo,
1456 4119 1493 4174 ut
1515 4113 1582 4194 jam
1606 4133 1670 4177 non
1693 4115 1855 4192 faciamus,
1875 4115 1927 4178 vel

335 4202 397 4278 Oui
420 4200 577 4278 deseendit,
606 4202 664 4282 epse
690 4211 730 4263 est
753 4202 851 4282 etqui
869 4200 997 4263 aseendit
1016 4222 1104 4284 super
1152 4203 1332 4266 noverimus
1352 4205 1549 4284 Trinitatem,
1565 4206 1619 4269 sed
1640 4208 1891 4287 quaternitatem.
1905 4234 1919 4262 ι

332 4294 425 4369 cuba,
441 4302 475 4354 ut
488 4293 627 4375 impleret
639 4292 736 4353 onznia
750 4290 786 4353 ¹³.
802 4293 971 4374 inquibus,
983 4294 1102 4355 etsimi-
1153 4294 1212 4356 Sed
1227 4296 1265 4358 de
1279 4296 1339 4359 hae
1351 4299 1522 4378 quaestione
1537 4305 1569 4360 et
1583 4301 1792 4380 quaternitate
1806 4309 1923 4383 postea.

331 4386 413 4448 libus
426 4387 502 4449 locis
519 4387 759 4462 demonstratur,
779 4404 845 4446 non
867 4385 946 4448 duos
957 4404 1034 4462 esse,
1049 4387 1103 4449 sed
1192 4388 1261 4451 Vll.
1291 4390 1361 4451 Non
1384 4392 1489 4453 minus
1516 4392 1672 4455 catholica
1685 4393 1761 4456 fidei
1782 4395 1925 4475 symbola
1948 4424 2037 4477 m,

332 4495 432 4539 unum
446 4480 550 4559 plane,
575 4478 630 4558 qni
644 4478 736 4539 ambo
751 4478 805 4538 illa
827 4479 958 4553 diversa,
984 4485 1101 4541 etcon·
1153 4480 1371 4543 eidemChristi
1384 4483 1925 4550 innatatisduabusunitatisuffia·
1971 4486 2037 4588 ὦ]

331 4571 428 4631 traria
448 4570 616 4651 susceperit
632 4591 639 4631 :
655 4575 691 4631 ut
708 4574 740 4631 et
763 4570 797 4631 in
817 4571 894 4632 ooelo
909 4576 998 4645 esset,
1024 4577 1055 4633 et
1068 4573 1101 4632 in
1151 4577 1277 4652 gantur,
1293 4579 1358 4636 tam
1372 4581 1472 4651 vetus,
1486 4594 1581 4657 quam
1595 4596 1665 4658 quse
1680 4578 1714 4640 in
1724 4578 1923 4659 generalibus

332 4662 446 4723 coelum
459 4668 639 4724 'ascensurus
652 4669 758 4743 postea
775 4663 855 4724 toret
871 4681 878 4723 :
895 4669 927 4724 et
939 4663 1023 4743 apud
1042 4663 1101 4724 Pa·
1151 4670 1257 4743 postea
1270 4666 1406 4728 conciliis
1419 4666 1502 4730 edita
1518 4669 1656 4731 fuerumt.
1667 4671 1829 4734 &mianum
1841 4676 1923 4734 certe

331 4758 412 4814 trem
426 4759 593 4815 exaetemo
620 4772 760 4829 manens,
785 4754 824 4815 ab
848 4755 958 4817 eodem
977 4755 1099 4830 missas,
1152 4775 1191 4817 ex
1204 4758 1330 4820 Nieaeno
1343 4758 1420 4820 illud
1431 4759 1533 4840 ipsum
1540 4764 1790 4842 argumentanda
1802 4763 1924 4827 conclu·

331 4845 426 4906 bomo
440 4845 539 4909 lactus
551 4846 599 4915 sit¹
620 4851 651 4906 et
665 4852 798 4908 mortem
815 4847 1008 4909 sustinuerit.
1024 4848 1102 4910 Vide
1152 4849 1198 4909 dit
1206 4848 1276 4910 sic'⁸
1289 4869 1297 4910 ε
1316 4871 1332 4908 a
1346 4851 1457 4913 Dicens
1470 4872 1545 4934 ergo
1556 4854 1736 4934 symbolum
1750 4856 1923 4918 Dominum

335 4937 538 4999 Athanasium
551 4938 585 4999 in
602 4938 742 5000 oratione
768 4937 803 4999 de
821 4959 877 5001 une
896 4938 1038 5002 Christe:
1069 4943 1102 5001 et
1150 4941 1258 5003 iesum
1273 4942 1431 5006 Christum
1446 4946 1544 5007 Deum
1565 4965 1676 5010 rerum
1694 4966 1733 5010 ex
1752 4950 1815 5011 Deo
1833 4966 1919 5016 vero.

331 5030 481 5110 Cyrillum
494 5027 527 5091 lu
538 5029 677 5109 ejusdem
690 5032 867 5110 argumenti
882 5029 1030 5110 dialogo¹⁸
1039 5031 1102 5093 .Sio
1150 5032 1338 5095 homousion
1351 5037 1448 5112 Patri,
1464 5056 1624 5119 perquem
1636 5040 1750 5102 amula
1761 5039 1921 5121 compagi·

331 5121 844 5204 illudquodlegimus,cllomiunm
857 5123 1101 5203 maiestatiscru·
1152 5129 1227 5186 natu
1245 5131 1328 5196 sunt,
1345 5135 1376 5190 et
1394 5130 1501 5191 omnia
1522 5131 1613 5208 lacta,
1640 5133 1699 5195 hoc
1721 5130 1922 5214 inseparabili

358 5310 368 5360 l
383 5318 448 5364 ioan.
456 5329 501 5368 ni,
513 5318 599 5363 m.-s
612 5317 632 5363 ll
643 5318 696 5363 lim
707 5318 783 5363 n.-8
796 5319 847 5364 an.
859 5331 875 5371 ι,
889 5318 938 5366 h·
949 5319 964 5364 t
977 5319 1009 5364 lb.
1021 5317 1313 5375 u.-5lb.1vctmq.-t
1326 5320 1359 5367 lb.
1370 5325 1451 5369 v1.-t
1465 5325 1516 5371 liet.
1528 5336 1559 5378 n,
1568 5326 1631 5372 lh·-
1645 5326 1919 5373 tiphernum.-

329 5379 344 5423 u
356 5382 420 5426 man.
432 5392 465 5432 in,
476 5382 571 5426 ra-so
583 5383 646 5427 deun.
657 5393 687 5433 u,
701 5381 766 5426 th·
776 5381 800 5424 ll
816 5383 864 5427 σαι.
875 5392 904 5435 ιι,
914 5381 995 5427 leth
1008 5382 1187 5436 spinum-lt
1195 5382 1254 5427 lom.
1267 5384 1284 5426 V
1298 5383 1653 5441 01³.cyr.-ltlcor.a.e.-1s
1665 5389 1714 5435 tlh.
1722 5390 1918 5436 ttionemn.-

330 5442 357 5486 td
370 5442 424 5488 lex.
437 5443 460 5488 ln
474 5445 508 5495 lv,
519 5456 538 5490 c.
553 5457 574 5489 i.
585 5449 661 5500 mssa.
672 5453 694 5489 et
706 5445 728 5488 lu
737 5445 777 5491 tlh.
792 5445 829 5495 Vl,
839 5454 859 5489 e.
870 5456 951 5489 ιιιι.-
961 5445 985 5489 Π
999 5445 1009 5489 l
1021 5446 1069 5490 Ger.
1083 5446 1190 5497 turm·
1203 5446 1230 5489 ¹8
1243 5445 1253 5489 l
1264 5447 1327 5492 thes.
1342 5459 1378 5501 ιιι,
1390 5449 1484 5496 th-ls
1498 5450 1518 5496 il
1533 5453 1597 5499 ibes.
1616 5464 1642 5504 u.
1660 5452 1715 5499 tt.-
1731 5453 1759 5499 m
1771 5455 1830 5500 lton.
1842 5462 1876 5505 ιι,
1885 5451 1918 5496 ὓ

329 5511 352 5549 ct
359 5505 380 5550 ll
389 5507 438 5557 Ger.
447 5517 498 5560 ιιιι,
510 5507 573 5553 m·
582 5507 607 5553 ul
622 5508 681 5554 Ten.
694 5507 762 5553 lil.-
769 5507 798 5553 m
809 5507 856 5555 sn.
865 5519 896 5552 ru
907 5509 934 5554 ds
944 5508 1040 5557 Dima.
1052 5519 1111 5553 vn·
1120 5508 1148 5553 it
1159 5507 1219 5553 Cass.
1233 5508 1249 5554 l,
1263 5509 1288 5554 Vl
1299 5510 1326 5556 ds
1335 5511 1407 5558 meur.
1416 5524 1437 5558 c.
1445 5524 1494 5566 vlu.
