4078 6162
166 1466 230 1510 Patro
248 1466 310 1513 Ales.

167 2657 296 2702 Athanasio.

333 348 392 411 too
845 346 1170 410 THEOLOGICORUM
1196 344 1414 410 DOGMATUM

334 530 408 574 nem
421 513 630 593 quidemeum
648 510 734 595 (ejus)
753 511 841 574 tacite
856 518 903 574 cst
918 512 1101 593 intelligere,
1152 512 1247 592 vulgo
1273 518 1400 590 autem,
1430 510 1465 575 de
1487 511 1616 575 wlmari
1642 512 1768 591 asma,
1792 518 1881 580 inuri·

335 622 406 666 cum
421 606 526 682 esurit,
537 612 569 665 et
581 605 740 684 fatigatur,
750 609 808 666 cic.
823 604 1021 666 Divinitatem
1030 622 1103 666 vero
1152 602 1255 665 bitur:
1272 624 1285 662 ν
1302 605 1361 679 Qui
1373 604 1537 666 dominum
1550 610 1687 667 unarum
1697 607 1793 668 team
1803 607 1882 672 (iaris

335 696 401 775 ejus
415 697 519 758 videre
542 715 650 758 rursus
672 697 791 757 clarum
805 702 861 769 est,
885 697 1009 777 quando
1031 697 1102 758 lau-
1152 702 1232 774 tum,
1248 695 1303 768 ait,
1327 714 1392 758 ηοη
1412 715 1451 758 cx
1470 698 1534 758 Deo
1547 704 1578 759 et
1593 696 1716 759 homino
1731 716 1818 761 unum
1831 718 1882 764 esse

334 790 426 850 datur
435 788 474 850 ab
486 789 651 867 Angelius
668 786 834 870 (adoraturi
846 787 1106 850 etcuaeuraloca
1154 788 1362 865 confitentum
1378 787 1457 854 sieut
1468 789 1617 871 scriptum
1629 801 1674 851 est
1685 791 1881 872 inlivauqeli03

335 882 418 960 apud
444 880 673 943 Theodoretum
698 880 760 960 legi
785 887 940 960 possunt:
959 885 990 943 et
1014 880 1101 957 alios,
1152 879 1207 961 qui
1227 879 1289 959 suit
1308 879 1416 958 Adam,
1438 881 1493 962 qni
1517 879 1582 961 fuit
1604 881 1660 943 Dei
1665 880 1688 958 ¹,
1703 881 1882 959 dirantnohis,

335 990 413 1052 qnos
427 974 599 1048 nominavi,
614 962 703 1035 duci.
1152 972 1228 1050 quid
1241 972 1280 1033 de
1293 972 1425 1033 Deoillo
1459 973 1606 1049 sentiant,
1622 975 1723 1054 quiin
1744 974 1884 1038 lormahai

375 1066 412 1126 in
424 1064 605 1145 fragmentis
617 1065 691 1128 libri
705 1064 970 1139 contraherem,
982 1064 1105 1127 etHeti·
1152 1063 1379 1137 existens,servi
1395 1064 1528 1127 formam
1540 1065 1696 1145 accepia.»

335 1174 408 1230 cern,
421 1175 492 1236 ηοω
508 1159 623 1236 Graece,
639 1160 808 1239 Latineque
826 1158 908 1219 edita
922 1156 1046 1219 suntab
1061 1158 1103 1221 R.
1194 1156 1376 1218 Eustathius
1398 1157 1610 1219 Antiochense
1631 1158 1670 1219 ab
1687 1158 1799 1220 Gelasio
1819 1159 1885 1240 Papa
1914 1180 1978 1225 assu

336 1248 372 1311 Ρ.
390 1249 811 1327 Sirmondo,inColtectonais
822 1248 1106 1325 anastasiicximia
1155 1248 1277 1324 citatus,
1290 1248 1325 1309 in
1338 1249 1419 1310 libro
1433 1256 1537 1312 rantra
1554 1251 1691 1327 Arianos,
1712 1250 1763 1312 ‹Si
1780 1252 1885 1313 enimin
1902 1234 1985 1278 ”m

336 1347 419 1417 sunt,
435 1348 467 1403 et
485 1342 677 1422 apertissima
695 1341 856 1422 Hippolyti
870 1341 1044 1402 testimonia
1067 1340 1106 1401 da
1157 1340 1291 1414 Christo,
1315 1341 1369 1418 ait,
1388 1341 1550 1421 plenitudo
1570 1342 1734 1404 diunitatis
1751 1342 1884 1418 inhabitat,

335 1433 456 1494 duabm
474 1434 593 1494 naturis
620 1435 654 1494 in
683 1435 815 1497 Christo.
842 1434 951 1494 Petrus
973 1433 1107 1494 Alexan·
1154 1431 1292 1512 primum
1314 1433 1441 1512 quidem
1453 1433 1538 1494 aliud
1558 1435 1700 1514 estquod
1717 1434 1884 1497 inhabitatur.

336 1525 444 1588 drinus
457 1526 630 1606 episcopus,
647 1534 679 1587 et
696 1531 827 1606 martyr,
841 1526 880 1585 ab
891 1523 1017 1586 Leontio
1037 1524 1105 1585 lau·
1156 1524 1189 1586 Si
1198 1529 1303 1584 autem
1316 1525 1886 1606 naturaediffaruntabaltarutris,neque

336 1617 426 1678 datus
440 1616 472 1679 ¹:
491 1618 589 1679 cliaec
602 1619 691 1680 ethis
704 1618 828 1691 similia,
846 1624 877 1679 et
890 1617 1104 1694 signaomnia,
1155 1616 1263 1676 mortis
1290 1617 1483 1695 passionem,
1511 1636 1614 1698 neque
1647 1619 1706 1680 cibi
1736 1621 1886 1700 appetitum,

336 1709 510 1788 quesierit,
539 1711 651 1790 inquit,
672 1717 705 1772 et
725 1711 858 1772 virtutes
880 1710 1105 1786 demonstrant,
1156 1708 1453 1787 aequepocrdornm
1467 1710 1666 1783 desiderium,
1682 1716 1736 1772 etc.
1750 1710 1888 1772 ηοηοθιη

336 1817 402 1861 esse
424 1819 496 1861 eum
524 1803 626 1863 Deum
646 1801 762 1864 factum
782 1802 955 1877 hominem,
975 1805 1107 1879 utruque
1156 1799 1328 1878 quamlibet
1340 1801 1546 1863 mutationem
1558 1800 1741 1881 plenitudini
1753 1802 1889 1863 diunitatis

336 1891 441 1971 itaque
468 1893 738 1970 demonstrantur,
768 1899 799 1956 et
823 1893 907 1972 quod
933 1896 1000 1953 erat
1026 1894 1108 1954 Deus
1156 1891 1325 1952 coexistere
1345 1891 1488 1953 tuaest.»
1507 1893 1596 1955 Idem
1610 1894 1644 1955 in
1661 1894 1834 1954 orationead
1849 1893 1889 1954 illa

336 1990 460 2059 natura,
474 1987 601 2064 siquod
621 1986 681 2046 tuit
693 1985 789 2046 homo
813 1990 963 2046 natura.»
1156 1982 1263 2054 verba,
1279 1982 1422 2044 Dominus
1454 1986 1570 2046 ονοουίι
1600 2004 1655 2062 me,
1671 1990 1726 2047 etc.
1756 1991 1889 2066 postquam

377 2077 525 2156 Cyriacus
545 2076 706 2158 episcopus
721 2077 830 2157 Paphi,
853 2094 936 2138 unus
950 2095 990 2137 cx
1012 2078 1107 2139 Nica·
1157 2073 1273 2152 docuit,
1299 2076 1441 2137 Verbum
1474 2077 1598 2138 nullum
1622 2077 1760 2139 habuisse
1778 2077 1888 2152 initium,

336 2184 386 2228 na
399 2169 511 2248 synodi
522 2170 674 2244 Patribus,
682 2169 765 2249 apud
773 2168 919 2230 cumdem
929 2169 1106 2247 Leontium,
1156 2184 1215 2227 nec
1225 2167 1328 2246 ipsum
1348 2186 1386 2228 ex
1400 2168 1531 2230 muliere
1546 2169 1685 2230 hatum
1702 2171 1783 2241 chat,
1800 2168 1887 2249 inquit,

341 2259 540 2339 «perlectum
563 2262 598 2321 in
623 2261 774 2322 ambabus
799 2260 976 2322 substantiis
1001 2260 1106 2322 Chris·
1157 2263 1270 2319 natura
1291 2276 1347 2319 sua
1370 2260 1455 2322 Deus
1487 2260 1546 2321 sibi
1577 2260 1739 2336 sufficiens,
1767 2259 1889 2333 infinitus,

337 2355 405 2411 tum
422 2357 523 2426 vocat,
546 2351 837 2414 wnsubstantialem
858 2354 932 2429 lieo,
947 2358 978 2413 et
1008 2352 1104 2429 Patri,
1157 2350 1432 2430 incomprehensus
1446 2372 1453 2412 :
1466 2371 1505 2414 ex
1524 2353 1658 2415 muliere
1672 2369 1742 2415 vero
1758 2352 1841 2414 factm
1857 2355 1891 2411 et

337 2443 901 2523 consubstantialemvirgini,etmatri
915 2464 922 2506 :
934 2444 1107 2506 sincmatre
1156 2442 1263 2516 homo,
1284 2443 1339 2522 qui
1359 2444 1393 2504 in
1409 2450 1500 2506 utero
1520 2444 1667 2525 virginali
1688 2445 1795 2526 Spiritu
1809 2447 1890 2504 uncto

337 2552 430 2615 supra
444 2554 482 2596 ex
502 2542 589 2617 patra
605 2556 612 2597 :
628 2537 695 2599 sine
719 2543 805 2614 patre
818 2536 899 2597 inira
914 2554 952 2598 ex
964 2543 1104 2598 matres
1157 2540 1336 2614 compactus
1349 2542 1447 2596 esa.»

377 2628 461 2688 XIV.
480 2629 552 2689 iam
574 2630 759 2690 Athanasius
779 2629 953 2690 innumeris
970 2629 1003 2690 in
1021 2628 1107 2706 locis,
1197 2626 1263 2687 XV.
1279 2627 1429 2689 Eusebius
1443 2629 1642 2691 Gasanensis
1660 2631 1694 2692 in
1708 2628 1799 2709 primo
1810 2626 1892 2690 liaris·

337 2725 369 2780 et
382 2719 510 2798 integris
528 2720 605 2781 adeo
621 2721 719 2797 libris,
741 2726 924 2781 naturarum
943 2721 1109 2782 discrimen
1156 2718 1279 2780 siastioce
1292 2717 1425 2781 ht'storioe
1437 2720 1529 2798 libro,
1540 2723 1615 2783 etin
1636 2727 1700 2784 toto
1718 2738 1810 2801 opera,
1826 2718 1892 2800 quod
1927 2715 1930 2719 ’
1961 2711 1964 2716 “

337 2810 371 2870 1η
384 2812 502 2874 Christo
515 2813 628 2874 tenuit.
640 2813 724 2873 Utin
736 2812 865 2893 epistola
877 2811 1107 2893 ndEpictetam,
1158 2808 1195 2871 ae
1209 2810 1397 2892 Eoonqelico
1406 2811 1654 2876 damomoatione
1663 2814 1814 2893 inscripsit,
1824 2817 1893 2872 natu·

338 2921 433 2983 quam
450 2905 596 2966 adversus
617 2904 806 2984 Apollinaris
824 2904 937 2983 dogma
951 2910 1027 2965 tunc
1047 2904 1109 2985 pri·
1157 2920 1265 2964 rarum
1278 2903 1413 2964 duarum
1425 2904 1606 2984 frequenter
1618 2906 1766 2968 meminit.
1778 2907 1809 2967 lu
1819 2902 1894 2983 priori

338 3012 428 3058 mum
440 2997 562 3073 vulgari
581 3005 717 3077 coeptum
742 2995 945 3057 elucubravit.
966 2997 1014 3057 lbi
1026 2998 1109 3058 inter
1158 3012 1262 3075 opere,
1281 2995 1430 3057 «duobus
1442 2997 1543 3057 modis
1555 2998 1602 3058 ait
1621 2995 1797 3060 conuderari
1812 2994 1892 3056 Chris

339 3086 411 3163 alia,
437 3109 450 3145 α
473 3088 618 3149 Potuitne
646 3087 827 3149 Christianis
853 3088 893 3148 ab
916 3088 1107 3165 hominibus,
1157 3090 1238 3162 tum,
1254 3093 1286 3148 et
1299 3105 1338 3148 ex
1351 3088 1401 3165 iis,
1415 3105 1486 3166 quas
1498 3088 1610 3151 insunt
1621 3090 1690 3171 ipsi,
1705 3089 1832 3159 alarum,
1840 3101 1893 3147 cor-

338 3177 450 3257 inquit,
466 3180 500 3239 in
517 3178 649 3240 dubium
667 3179 781 3254 vocari,
801 3184 982 3241 utrumnam
1003 3181 1107 3243 Domi·
1158 3179 1242 3258 poris
1264 3178 1356 3259 capiti
1382 3196 1447 3241 esse
1468 3180 1581 3258 simile,
1602 3187 1751 3261 qnatenrn
1771 3179 1894 3257 eogihbu

338 3286 398 3329 nus
421 3275 525 3331 noster
548 3289 588 3331 cx
613 3270 710 3333 Maria
733 3270 843 3349 editus,
868 3271 1053 3348 substantia,
1078 3280 1109 3334 ct
1158 3272 1265 3339 Deus,·
1279 3271 1423 3344 alterum,
1444 3289 1514 3334 oum
1537 3273 1670 3352 pedibus
1688 3271 1816 3343 mntem,
1832 3285 1893 3348 qua·

337 3373 449 3422 natura
469 3362 525 3423 liei
545 3362 627 3424 filius
648 3364 707 3439 sit;
723 3369 755 3424 at
778 3364 948 3425 secundum
969 3381 1105 3440 carnem,
1156 3366 1249 3423 tenus
1271 3361 1444 3441 hominem,
1474 3364 1650 3443 cujusmodi
1672 3382 1726 3426 nos
1750 3362 1894 3432 sumuset

337 3455 508 3515 exsemine
522 3457 657 3528 havidis,
674 3474 765 3517 carne
783 3475 858 3517 vcro
872 3461 985 3518 sancta
1003 3458 1108 3519 Mariae
1158 3454 1310 3516 similibus
1324 3454 1538 3517 affectionibus
1551 3457 1728 3536 praeditum,
1749 3456 1894 3533 pronastro

339 3546 547 3626 susceptustt
560 3568 576 3606 s
593 3550 632 3610 Et
645 3549 768 3609 inlibro
782 3548 1004 3628 quintorontra
1017 3549 1109 3612 Aria·
1158 3547 1255 3608 salute
1279 3545 1394 3608 subiit!
1406 3567 1441 3609 :a
1458 3549 1543 3627 quod
1563 3549 1708 3629 deinceps
1730 3546 1813 3608 latius
1829 3541 1893 3603 edis·

336 3655 411 3698 uos:
437 3639 640 3716 «Quomodo,
667 3640 780 3719 inquit,
811 3640 948 3702 Christus
971 3641 1107 3721 appella·
1157 3638 1515 3702 seritPosteriorisvero
1528 3640 1735 3721 totiuscperis
1744 3636 1891 3717 scopusast3

336 3728 421 3803 bitur
433 3729 529 3792 homo
542 3732 671 3793 merus?
684 3733 725 3792 at
737 3731 821 3793 idem
834 3732 937 3793 Verbo
946 3732 1108 3810 copulatus
1158 3732 1379 3806 demonstrare,
1399 3731 1555 3793 Christum
1570 3733 1671 3796 θοηηι
1685 3750 1747 3794 esse
1758 3729 1855 3810 perita
1870 3727 1894 3784 θῒ

336 3822 448 3883 merito
473 3824 614 3884 Christus
637 3823 808 3899 vocabitur,
834 3829 865 3884 et
878 3825 931 3886 liei
954 3825 1102 3887 filiast.»
1156 3825 1328 3887 hominem.

338 3913 456 3975 Rursus
464 3914 552 3976 initio
560 3914 632 3975 libri
641 3915 770 3976 secundi
779 3922 878 3976 contra
888 3914 1105 3996 Apollinarem,
1195 3915 1384 3996 Epiphanius
1398 3933 1491 3994 porro
1501 3916 1724 3996 ejusdemmodi
1739 3911 1894 3977 uehunt
1910 3908 1976 3967 trit

337 4022 400 4084 quo
410 4006 501 4067 titulo
510 4007 622 4068 citatur
630 4008 751 4069 achone
761 4013 869 4068 octava
879 4008 990 4088 synodi
1000 4014 1105 4087 sexta,
1155 4007 1328 4072 sententiis.
1352 4009 1394 4068 Ut
1404 4027 1477 4070 cum
1494 4009 1529 4069 in
1554 4008 1636 4071 libro
1654 4008 1752 4090 primo
1769 4002 1894 4068 deierat·

372 4201 394 4242 ot
413 4187 491 4240 ilias.
507 4189 539 4241 tn
547 4191 593 4242 Pa.
603 4199 621 4239 u
631 4182 704 4255 opud
720 4182 826 4240 Theod.
837 4183 903 4241 ibid.
917 4190 945 4242 ei
959 4186 1021 4242 Gel.
1037 4193 1105 4243 tom.
1158 4187 1260 4259 Χριστὸν
1274 4185 1306 4258 μὴ
1324 4184 1349 4239 ἔν
1362 4188 1428 4249 θεοῦ,
1443 4187 1484 4240 καὶ
1498 4185 1627 4258 ἀνθρώπου
1640 4187 1683 4241 ἕνα
1695 4173 1895 4257 opotopoutsht

336 4270 373 4326 IV
388 4269 452 4325 oto.
472 4261 550 4330 Οὗτος
572 4268 587 4322 θ
613 4266 738 4340 προελθὼν
764 4267 797 4330 εἰς
820 4270 862 4322 τὸν
886 4271 978 4341 κθομον
1001 4271 1108 4332 θεθςκα1
1156 4269 1292 4342 γέγραπται
1304 4266 1329 4322 ἓν
1338 4274 1375 4341 τῷ
1392 4268 1548 4342 Εθαγηολίῳ,
1560 4274 1604 4322 τοῦ
1620 4267 1706 4341 Ἀδὰμ,
1721 4270 1762 4321 τοῦ
1774 4266 1829 4328 θεοῦ,
1842 4256 1895 4328 itti·

338 4352 463 4422 ἄνθρωπος
476 4349 625 4423 ἐφανερώθη.
641 4349 683 4402 καὶ
697 4350 740 4404 τὸν
755 4350 797 4423 μὲν
812 4350 937 4423 ἄνθρωπον
949 4351 1023 4406 αθτοῦ
1039 4352 1107 4406 siso-
1157 4370 1239 4406 τωααν
1258 4356 1311 4413 πῶς
1327 4351 1368 4405 τθν
1392 4349 1417 4404 ἔν
1445 4358 1527 4425 μορφῇ
1549 4352 1605 4404 θεοῦ
1634 4351 1772 4425 ὑπάρχοντα
1790 4344 1849 4410 ioht,
1862 4338 1894 4392 oti

337 4435 388 4496 λως
409 4432 458 4489 ἐστὶ
472 4437 536 4487 νοεῖν
556 4436 597 4488 ὅτε
616 4437 698 4505 πεινᾷ,
713 4433 754 4487 καὶ
767 4437 852 4504 κοπιᾷ,
871 4443 925 4491 otc.
942 4435 976 4488 Th
989 4436 1015 4488 δὲ
1029 4435 1107 4489 θεῖκθν
1157 4435 1265 4489 λαθόντα
1279 4434 1368 4488 δούλου
1382 4433 1475 4506 μορφὴν
1489 4435 1660 4505 θπιιλιὶρασιν.

338 4516 413 4570 aizoo
438 4518 509 4571 πάλιν
532 4523 642 4590 φανερῶς
665 4515 730 4570 ἔστιν
751 4516 819 4585 ἰδεῖν,
843 4519 885 4573 ὅτε
915 4517 956 4573 ὕπ’
985 4518 1108 4592 ‘Antias
1195 4517 1308 4575 eEoot.
1326 4516 1578 4574 ostendunit-oli.
1594 4517 1662 4574 dial.
1678 4509 1894 4585 [campora

338 4604 516 4672 spectatissimi.
1158 4599 1185 4654 ts
1195 4600 1309 4673 γοναικθς
1323 4601 1337 4655 θ
1349 4602 1395 4664 ὢν,
1410 4601 1451 4655 sal
1470 4603 1523 4663 τοῖς
1540 4603 1668 4673 γεννητοῖς
1685 4601 1769 4653 ἅπασιν
1784 4592 1850 4651 αἴτιος
1859 4586 1894 4640 a.

375 4683 478 4739 baira.
502 4682 544 4739 ad
562 4687 661 4755 Epiot.
681 4683 739 4745 Πῶς
753 4683 779 4737 δὲ
793 4684 833 4737 καὶ
854 4682 1014 4756 ἀμφιθάλλειν
1041 4684 1109 4740 troi·
1159 4683 1216 4738 ἀλλ’
1228 4683 1280 4738 ἔστι
1294 4683 1338 4752 τὴν
1353 4684 1422 4757 φύσιν
1436 4684 1489 4748 θεθς
1498 4683 1628 4756 αὐτάρκης,
1636 4684 1741 4754 ἄπειρος,
1755 4675 1893 4750 &praec

339 4785 420 4839 μησαν
435 4765 459 4818 oi
470 4767 600 4838 λεγόμενοι
613 4766 763 4836 Χριστιανοὶ,
779 4764 800 4818 εἰ
814 4766 828 4821 θ
843 4764 974 4840 ἔκΜαρίας
983 4768 1108 4840 προελθὼν
1159 4765 1311 4840 ἔκγοναικθς
1335 4765 1362 4821 δὲ
1383 4768 1482 4840 γέγονεν
1507 4767 1641 4841 ἄνθρωπος,
1666 4766 1680 4821 θ
1705 4763 1770 4836 ἔντη
1790 4752 1895 4830 mimi

337 4850 429 4921 κύριος,
444 4850 495 4912 υἱὸς
510 4849 552 4922 μὲν
567 4854 597 4921 τῇ
612 4847 745 4919 οθσ1μ,κα1
758 4854 789 4922 τῇ
802 4850 871 4919 φύσει
880 4855 924 4910 τοῦ
937 4852 992 4905 θεοῦ
1006 4849 1067 4906 ἐστι.
1079 4851 1108 4905 th
1160 4852 1241 4923 μήτρᾳ
1252 4851 1371 4923 πνεύματι
1384 4849 1554 4924 παγε1ςᾶη1ῳ.

338 4930 365 4986 δὲ
379 4931 442 4987 κατὰ
458 4936 536 5005 σάρκα
557 4929 735 5003 θκοπτρμάτος
749 4930 800 4987 ἐστι
816 4933 903 4998 neoto,
925 4933 1012 5005 σαρκθς
1027 4933 1053 4987 δὲ
1066 4937 1110 5001 τῆς
1195 4932 1328 5006 sEosao.
1344 4934 1355 4989 Ι
1374 4936 1484 4989 nator.
1516 4949 1577 5004 cap.
1599 4949 1618 4988 t.
1637 4933 1723 4986 Διττοῦ
1735 4926 1761 4982 δὲ
1784 4925 1845 4983 bitot
1861 4917 1896 4971 ili
1988 4942 1989 4983 t

338 5010 410 5086 ἁγίας
422 5015 535 5088 Μαρθαςς
1157 5016 1213 5070 κατ’
1236 5015 1310 5071 αθτθν
1333 5018 1442 5089 τρόπον,
1456 5017 1498 5071 καὶ
1522 5010 1565 5070 τοῦ
1589 5015 1650 5088 μὲν,
1678 5015 1787 5085 σώματος
1810 5001 1896 5059 illim
1988 5070 1989 5077 ,

375 5100 512 5154 obtusa.
543 5103 619 5154 oottt.
646 5101 702 5153 Ar.
732 5096 781 5153 lib.
813 5098 843 5155 V.
871 5099 930 5161 Πῶς
956 5098 983 5153 δὲ
1009 5100 1107 5169 κληθείη
1157 5101 1261 5171 κεφαλῇ,
1276 5096 1356 5173 ᾔθεθς
1369 5101 1508 5154 ἐπινοεῖται·
1525 5105 1563 5153 τῶ
1576 5098 1613 5163 a,
1627 5099 1685 5152 aaut
1696 5084 1894 5167 ammonio,
1988 5090 1989 5133 3

338 5182 440 5254 Χριστὸς
455 5182 524 5255 halb<
540 5181 679 5253 ἄνθρωποςς
693 5181 818 5254 irupisse
832 5180 858 5237 δὲ
876 5183 993 5256 τῷλόγῳ
1010 5181 1109 5247 εἰκότως
1157 5178 1173 5257 ᾗ
1195 5185 1236 5238 τθν
1259 5182 1284 5237 ἐν
1304 5184 1362 5256 ἡμῖν
1383 5184 1509 5256 ἄνθρωπον
1531 5183 1727 5255 operositatis
1747 5175 1810 5248 hohi
1830 5168 1894 5223 &⁸¹⁰
1988 5192 1989 5219 l

339 5265 485 5338 χρηματίζοι
498 5265 601 5338 Χριστὸς
614 5265 654 5319 καὶ
668 5265 719 5328 υἱθς
728 5266 799 5332 θεοῦς
1158 5265 1232 5322 ὑπέδυ
1245 5267 1378 5339 σωτηρίας,

374 5347 396 5403 d
414 5349 480 5405 hun.
496 5348 638 5406 deSoiui.
654 5346 991 5420 αάο.01τθνκόριονὴμῶν
1007 5342 1106 5416 Ἰησοῦν

369 5514 378 5553 t
394 5512 452 5556 Τοιιι.
461 5514 496 5562 itt,
510 5524 557 5569 par.
573 5512 650 5559 lis-2
662 5515 713 5559 istc.
723 5524 759 5565 m,
770 5512 805 5565 ³8,
