4072 6164
362 338 424 401 548
868 337 1193 403 THEoLoelaoRUM
1220 339 1438 403 POGMATUM

362 502 503 565 videlieet
515 500 673 565 breviores
685 502 737 564 bic
751 502 877 572 erimus,
890 521 951 583 quo
966 504 1134 567 minuside
1183 503 1315 584 simplex
1325 515 1417 587 χωρεῖν
1431 503 1465 565 in
1479 500 1650 583 composito
1657 505 1799 578 περιχωρεῖν
1810 509 1926 568 nouum

360 600 548 673 repetemus,
564 611 634 673 quae
648 592 693 652 ibi
707 593 829 673 copiose
848 592 1018 655 admodum
1038 611 1134 673 eapo-
1184 602 1230 657 est
1243 613 1457 677 cupersanum
1470 595 1653 656 meareshoe
1661 598 1820 657 esineutm
1829 597 1925 676 potius,

361 686 418 746 sita
445 689 529 746 suni.
554 688 598 745 Αο
629 686 667 746 de
697 685 848 746 vocabulo
874 685 1016 765 primum
1036 703 1132 763 agen·
1182 705 1278 767 mam
1305 687 1405 749 activa
1432 687 1655 766 significatione
1682 686 1811 748 sumitur
1830 707 1837 748 ε
1855 689 1927 750 uta'

361 778 438 838 dum
458 778 583 839 videtur
600 797 607 836 :
624 777 713 856 cujus
730 795 805 839 sane
820 777 952 840 difficilis
969 782 1018 840 esi
1035 778 1131 839 inier-
1183 790 1328 861 περιχωριοι
1348 781 1436 861 quasi
1445 798 1506 859 per
1530 780 1628 841 orbem
1649 785 1678 841 ci
1701 779 1861 855 circuitam,
1882 799 1927 842 seu

360 869 494 949 protetio
512 888 519 929 ε
535 875 567 929 et
579 874 686 931 tamen
698 870 870 950 plurimum
883 870 924 930 ad
937 887 1004 931 rem
1018 869 1130 950 ipsam,
1184 871 1314 932 uicissim
1337 869 1446 947 redire,
1467 890 1503 933 ac
1526 870 1625 951 redipi
1634 890 1645 933 .·
1659 872 1746 951 quod
1767 872 1804 932 de
1825 871 1926 935 duabus

360 980 431 1041 quae
445 980 483 1022 eo
496 960 700 1040 significatur,
716 962 951 1041 intelligendam
976 961 1069 1023 valet.
1182 963 1276 1025 rebus
1294 964 1419 1040 dicitur,
1435 981 1505 1043 quae
1521 963 1555 1023 in
1571 981 1604 1025 se
1624 962 1758 1025 invicem
1775 963 1925 1041 incurrunt,

403 1056 475 1115 busa
496 1058 569 1114 sunt
588 1052 675 1115 verbi
687 1062 765 1134 χωρῶ
788 1054 952 1133 praecipuae
976 1053 1130 1115 notiones.
1183 1073 1310 1136 seseque
1323 1059 1559 1136 consequuniiu
1575 1073 1583 1117 ι
1599 1061 1635 1118 ut
1649 1074 1715 1116 una
1728 1055 1832 1136 posita,
1843 1073 1927 1118 sueoe·

360 1146 439 1206 Nam
453 1151 483 1207 et
492 1145 650 1226 praecedi,
665 1152 759 1224 atque
782 1145 945 1222 ambulare,
961 1145 1010 1207 vel
1034 1164 1131 1208 meare
1182 1148 1246 1226 dat,
1259 1149 1309 1209 vel
1322 1148 1418 1209 simul
1430 1148 1541 1210 existat
1554 1146 1662 1221 altera,
1681 1148 1845 1209 necesaria
1859 1167 1925 1227 que-

359 1237 512 1318 significat
528 1257 535 1297 τ
550 1244 582 1299 et
595 1257 709 1319 capere,
724 1239 775 1300 vel
797 1238 954 1314 continere,
977 1244 1013 1299 ut
1029 1245 1074 1299 est
1096 1239 1130 1299 in
1182 1240 1255 1301 dam
1264 1241 1493 1303 consecutione.
1505 1241 1584 1302 Hinc
1592 1241 1695 1320 aptius
1703 1239 1820 1301 videtur
1829 1258 1925 1301 nomen

358 1331 468 1410 glossis
487 1331 643 1392 veteribus
666 1351 673 1392 ε
694 1343 812 1412 χωρῆσαι
838 1351 949 1414 capere,
973 1339 1004 1395 et
1023 1344 1132 1415 χώρηοις
1180 1332 1487 1407 σι’νσαναιίπααωίοαω,
1499 1332 1926 1412 quamcircamimcmioaismt

358 1423 517 1504 capacitas,
534 1429 566 1484 et
577 1433 696 1505 χωρνχμιι.
717 1423 846 1486 alaeam.
864 1426 938 1499 Quae
952 1427 1022 1488 duee
1035 1428 1131 1506 signi-
1181 1425 1221 1488 ab
1234 1443 1272 1487 eo
1292 1426 1376 1505 quod
1395 1431 1442 1488 est
1462 1424 1679 1487 circumiaccdo
1702 1425 1841 1500 ducatum
1854 1425 1925 1504 qum

358 1516 517 1577 ficationes
551 1515 700 1596 simplicis
738 1517 824 1578 verbi
856 1518 891 1578 in
924 1521 1128 1600 oompositum
1182 1517 1216 1578 iu
1231 1518 1351 1588 orbem,
1372 1536 1409 1580 ac
1426 1517 1561 1579 uicissim
1575 1516 1923 1595 ambulent,ineedanue‚

358 1619 503 1690 περιχωρεῖν
515 1615 715 1685 concurrunt,
738 1611 863 1688 quando
878 1611 916 1671 do
928 1620 1055 1693 νεολοχῐρ,
1070 1612 1130 1675 boo
1181 1628 1251 1689 quae
1265 1612 1310 1672 sie
1324 1630 1357 1673 se
1370 1610 1499 1674 hubent.

359 1706 405 1761 est
418 1701 456 1762 de
470 1700 582 1761 divinis
596 1701 736 1780 personis
761 1718 941 1782 usurpatur.
966 1705 1128 1785 Siquidem
1220 1710 1384 1784 Περιχωρεῖν,
1418 1708 1454 1764 ui
1485 1703 1618 1764 Budoeus
1651 1703 1688 1763 in
1720 1700 1924 1764 commentariis

357 1799 428 1853 tum
442 1810 486 1853 ese
495 1810 560 1853 sese
571 1795 874 1872 mutuopervadunt,
885 1796 945 1857 hoc
959 1804 1005 1857 est
1019 1798 1129 1860 insese
1180 1794 1292 1855 Graece
1308 1795 1426 1874 linguae
1446 1795 1594 1867 adamat,
1615 1811 1839 1875 nonnunquam
1858 1793 1924 1855 idem

359 1892 547 1962 commeant,
573 1891 604 1946 et
618 1885 708 1965 quusi
722 1887 915 1964 penetrando
929 1890 1126 1967 procedunt:
1178 1885 1261 1946 valet
1287 1905 1323 1948 ao
1335 1896 1532 1968 repperisset,
1560 1887 1768 1967 νοΙπεριιλνεῖν,
1795 1886 1869 1966 quod
1887 1890 1924 1945 est

357 1983 426 2040 ium
437 1979 553 2040 eaedem
561 1997 626 2039 sese
634 1978 770 2058 capiunt,
783 1999 818 2040 ac
829 1986 940 2042 mutuo
949 1983 1126 2044 continent:
1179 1975 1323 2054 devenire,
1339 1979 1390 2040 vel
1401 1978 1517 2041 devolvi
1530 1999 1537 2040 ε
1553 1996 1615 2058 quo
1627 1978 1726 2041 verbo
1736 1971 1923 2056 jiirisooaudti

357 2072 429 2151 quia
442 2071 529 2132 nulla
548 2071 642 2132 latius
661 2070 721 2131 ulia
741 2071 936 2142 diffunditur,
953 2080 1008 2134 aut
1028 2077 1128 2155 magis
1179 2071 1450 2151 utuntur‚quando
1462 2090 1524 2132 rem
1538 2078 1593 2133 aut
1604 2067 1921 2145 carcassionensi,

357 2169 402 2224 est
415 2182 525 2242 eapax.
547 2164 582 2223 In
596 2170 726 2245 οἰκονομίᾳ
743 2182 817 2225 vero
836 2182 901 2225 nou
919 2171 984 2226 iam
1003 2167 1128 2247 proprie
1177 2161 1210 2222 id
1223 2168 1268 2223 esi
1280 2167 1436 2243 pervenire
1453 2164 1572 2226 dieunt.
1589 2164 1641 2225 Sia
1662 2163 1698 2224 in
1715 2162 1843 2224 Phocicis
1860 2161 1921 2221 Pau·

356 2256 503 2334 impletur
517 2259 649 2334 utreque
667 2256 859 2336 significatio.
876 2259 996 2338 Quippe
1013 2258 1126 2320 divini·
1178 2253 1290 2332 sanias,
1312 2257 1470 2333 «Morino,
1483 2256 1596 2336 inquit,
1613 2256 1758 2335 Phayiim
1774 2255 1811 2315 ad
1821 2254 1921 2315 Phaise

355 2353 452 2408 tatem
467 2365 532 2407 non
550 2355 701 2425 permeat,
723 2367 758 2409 ae
777 2350 917 2426 pervadit
934 2351 1123 2427 humanitas,
1178 2363 1249 2406 cum
1272 2346 1340 2425 ejus
1367 2347 1467 2408 filium
1491 2348 1657 2409 devolutus
1676 2354 1723 2408 est
1744 2344 1922 2408 Phooendum

356 2441 415 2499 hoe
441 2446 488 2500 est
521 2439 784 2518 simplicissimum
807 2441 951 2520 spiritum
979 2462 1127 2523 corporea
1177 2437 1375 2517 principatus
1386 2437 1446 2499 ὅ.»
1475 2440 1575 2513 Quam
1599 2458 1661 2519 ego
1682 2456 1854 2518 germanam
1870 2453 1921 2497 eme

354 2530 526 2592 substantia
540 2550 547 2590 ε
563 2549 621 2592 nee
634 2530 788 2592 infinitam
809 2533 1004 2596 divinitatem
1030 2540 1126 2598 tantae
1177 2529 1401 2605 arbitrorum,
1417 2536 1448 2592 et
1469 2537 1656 2610 potestatem
1673 2531 1756 2592 illius
1771 2531 1921 2605 voeiseum

353 2623 594 2703 amplectuntur,
611 2630 665 2683 aut
679 2625 840 2684 continent
856 2625 992 2687 hominis
1009 2645 1124 2707 angus·
1176 2621 1216 2682 ud
1238 2622 1357 2683 divinas
1379 2641 1528 2705 personas
1548 2624 1599 2685 vei
1620 2631 1751 2686 natiuae
1770 2625 1802 2684 in
1822 2621 1920 2683 cuba

354 2715 415 2776 tiae.
430 2715 580 2776 Dicuntur
593 2720 699 2775 tamen
707 2721 876 2794 utcumque
888 2717 926 2778 de
936 2718 1058 2779 duabus
1066 2720 1126 2781 ista
1175 2713 1254 2774 duas
1266 2717 1518 2777 eooommodetur
1536 2736 1544 2777 ε
1561 2721 1596 2777 ui
1606 2717 1752 2778 dieantm
1761 2723 1886 2796 περιχωρεῖν
1893 2717 1919 2781 εἰς

352 2809 472 2869 naturis
486 2825 543 2887 pro
553 2807 660 2879 modo,
677 2825 712 2869 ae
723 2807 901 2868 conditione
915 2827 982 2869 sua.
998 2811 1036 2869 Et
1053 2829 1124 2891 pos·
1174 2813 1296 2883 ἀλλήλους,
1311 2808 1370 2869 hoe
1387 2814 1434 2868 est
1448 2809 1520 2869 inse
1536 2809 1659 2870 invicem
1674 2807 1796 2883 reuolui,
1813 2824 1843 2866 cc
1857 2824 1918 2865 com·
2001 2866 2002 2873 ,

351 2902 447 2961 terior
461 2899 626 2961 ambarum
639 2899 672 2960 in
687 2899 821 2979 simplici
838 2900 933 2961 verbo
945 2903 1042 2977 notio,
1053 2921 1123 2981 quae
1174 2916 1282 2975 meare,
1302 2899 1346 2959 iia
1367 2906 1403 2960 ut
1424 2900 1572 2979 disjungi,
1592 2919 1629 2962 ae
1651 2900 1756 2962 divelli
1778 2900 1916 2977 nequeant
2001 2946 2002 2973 ,

350 2994 455 3053 miuus
469 2992 621 3071 quadrare
634 2991 819 3059 videtur,ah
832 2992 949 3071 Cyriilo
962 2994 1124 3056 interdum
1174 2989 1241 3063 Quo
1253 2991 1346 3052 eiiam
1356 2991 1436 3052 illud
1444 2992 1587 3072 Hesychii
1598 2993 1746 3072 pertinet,
1755 2992 1921 3072 οτιίπεριχιυρεῖ
2001 2978 2002 3053 i

349 3084 513 3145 adhibetur
530 3102 537 3142 z
553 3089 590 3143 ut
609 3101 681 3143 cum
707 3082 751 3143 ita
776 3083 893 3157 scribit,
915 3085 1123 3148 «Passionem
1173 3079 1396 3162 interpretatur
1407 3093 1584 3166 συμμίσγεται,
1615 3085 1650 3146 id
1677 3091 1724 3147 est
1737 3082 1914 3146 mmmm·
2000 3146 2001 3149 ι

349 3176 475 3257 quidem
486 3175 695 3236 uoluntariam
707 3175 856 3236 sustinuit
870 3177 925 3237 Dei
946 3177 1051 3246 Filius,
1068 3181 1120 3259 qui
1172 3173 1238 3235 Hoc
1251 3175 1336 3236 enim
1350 3177 1511 3254 miscendi,
1536 3176 1790 3259 amamc'scendiqaa
1809 3171 1916 3234 vocabu

349 3269 472 3330 Patrem
483 3268 517 3328 in
529 3285 562 3328 se
574 3267 668 3347 capii,
680 3284 774 3346 quem
785 3267 865 3329 nihii
878 3275 980 3350 potest
994 3289 1119 3351 capere:
1171 3264 1239 3327 lum
1253 3267 1362 3329 crebro
1379 3271 1487 3330 Patres
1505 3277 1683 3345 assumunt,
1703 3270 1742 3331 ed
1759 3273 1915 3329 nuturfflffl

302 3366 307 3371 '
348 3367 379 3423 et
391 3361 432 3422 ab
446 3361 512 3442 ipso
526 3359 660 3421 vicissim
677 3361 770 3422 Patre
791 3361 924 3440 capitur.
940 3363 1017 3424 Cum
1036 3364 1121 3426 enim
1171 3358 1912 3443 intimumnexum‚unitionemquededamndffl·

346 3456 469 3516 aPatre
483 3452 632 3532 capiatur,
651 3458 682 3514 et
695 3453 734 3513 sit
750 3453 784 3513 in
798 3454 870 3514 sinu
893 3456 1002 3524 Pairis,
1026 3458 1120 3518 etiam
1171 3451 1259 3513 Unde
1270 3458 1301 3514 et
1309 3454 1445 3515 ioannes
1454 3455 1664 3516 Damascenus
1673 3463 1830 3537 περιχωριροιν
1838 3444 1914 3528 expli
2000 3454 2001 3513 i

344 3547 380 3607 in
391 3545 517 3625 propria
528 3563 619 3605 cerne
629 3544 839 3624 inexplicabili
853 3548 1119 3626 quadamratione
1169 3549 1285 3625 eatper
1298 3547 1552 3622 vocemivdeeoe',
1568 3548 1656 3627 quod
1666 3567 1724 3629 pro
1737 3538 1913 3623 suhjmtarci
1938 3544 2000 3596 W

345 3637 560 3715 capiebatur&
576 3657 588 3693 υ
1168 3643 1292 3716 natura,
1308 3644 1340 3700 ei
1352 3639 1531 3701 conditione
1543 3658 1657 3701 verum
1671 3646 1717 3702 est
1731 3660 1738 3700 ι
1754 3639 1912 3699 nontamen

173 3778 322 3890 ιιοινιι
345 3727 1115 3901 duim-mmmmmumm:
1167 3725 1911 3904 iiip‘ssidiii‘hiidiiff’fdidd
1999 3852 2000 3855 w

343 3918 398 3992 tio,
411 3933 477 3976 non
489 3865 687 3974 itidem’cadit
696 3912 729 3974 iu
740 3913 946 3993 compositum
956 3924 1112 3993 περιχωρεῖν,
1164 3916 1320 3994 quoddam
1340 3922 1639 3998 οενπῆςπσριχωρήοιως
1663 3919 1697 3978 in
1712 3856 1908 3977 5Incuruatioue
1999 3908 2000 3969 i

343 4009 425 4088 quod
453 4025 491 4068 ex
518 4024 555 4068 ao
582 4005 750 4085 probatur,
781 4005 856 4084 quia
881 4023 947 4066 non
973 4004 1115 4066 dicicitur
1165 4006 1270 4070 Verbi.
1286 4008 1435 4070 Sedusus
1448 4009 1591 4070 vocabuli
1609 4009 1700 4071 istius
1713 4004 1849 4086 exemplis
1860 3999 1907 4062 uli·

342 4105 487 4173 περιχωρεῖν
497 4095 618 4173 ἅλληλαί,
634 4097 688 4157 sed
703 4103 738 4168 εἰς
752 4106 863 4174 ἄλληλα,
880 4098 930 4158 vel
944 4103 968 4158 ἐν
983 4103 1111 4173 ἀλλήλους.
1164 4105 1241 4178 quoi
1252 4099 1454 4163 illustrandus
1466 4106 1513 4163 eei
1525 4101 1612 4163 exiis
1624 4101 1800 4163 dilatioribus
1811 4092 1905 4177 pefifids

342 4184 434 4246 Prius
447 4192 552 4247 eutem
569 4187 706 4267 proiecto
728 4189 788 4250 diei
809 4189 945 4267 deberet,
971 4189 997 4249 si
1017 4189 1112 4250 coati-
1161 4192 1215 4271 qui
1230 4192 1309 4254 illud
1322 4199 1523 4272 usurparuui.

340 4276 441 4355 nendi,
457 4283 488 4340 et
498 4278 638 4358 capiendi
651 4287 730 4342 esset
743 4281 788 4341 ilii
801 4281 938 4360 subjecta
951 4281 1049 4341 notio.
1067 4283 1112 4343 Ex
1203 4285 1252 4346 111.
1270 4283 1394 4346 Primus
1413 4286 1491 4347 mihi
1504 4304 1591 4349 nune
1609 4286 1745 4348 ooourrit
1763 4276 1905 4360 Gregorius
1922 4283 1962 4328 ὓ*
1975 4276 1978 4285 ’

339 4389 402 4449 quo
425 4388 624 4433 communem
648 4372 733 4435 illam
755 4382 994 4455 ιῆςπεριχωρήοιως
1011 4373 1108 4435 inter·
1161 4375 1375 4438 Nazianzenus
1403 4396 1410 4437 ε
1439 4378 1538 4457 quiin
1551 4379 1681 4458 epistola
1694 4365 1903 4459 prioreaddle·

338 4464 543 4542 pretationem
577 4465 804 4544 redarguimus,
833 4484 895 4545 qua
929 4466 1012 4527 idem
1041 4484 1106 4528 esse
1158 4466 1291 4537 doniam,
1312 4469 1536 4531 «commisceri
1564 4470 1609 4531 ait
1642 4476 1679 4532 ut
1711 4473 1840 4539 naturas,
1868 4458 1903 4519 εἰν

336 4555 430 4635 vulgo
447 4557 611 4636 perhibent
627 4558 933 4635 circumimcmaaem,
949 4559 1013 4619 sive
1033 4576 1104 4619 mu·
1158 4560 1424 4640 appellationum
1433 4561 1691 4623 intersevioissim
1698 4561 1869 4623 eommeure‘
1877 4570 1898 4623 3·

335 4661 422 4708 tuam
455 4647 742 4730 comprehensionem,
774 4657 806 4712 ei
829 4651 1101 4732 circamsmioacm
1158 4653 1201 4714 ita
1214 4651 1367 4727 videlieet,
1384 4656 1421 4714 ui
1443 4672 1512 4733 quae
1536 4660 1609 4717 suut
1632 4654 1766 4717 hominis
1785 4642 1900 4730 propr'ss,

333 4742 574 4819 quaseresduae
583 4741 1103 4824 invioomeomplectuntur.Quippe
1156 4746 1240 4822 Deo;
1256 4751 1287 4806 et
1309 4762 1380 4825 qua
1407 4747 1463 4809 Dei
1487 4753 1571 4822 sunt,
1599 4746 1722 4808 homini
1746 4740 1901 4805 iubemur

367 4932 388 4972 a
407 4920 1013 4994 Cra.inlibpquaddclaaara.iilpar.
1031 4920 1100 4992 Eph.
1188 4922 1205 4977 b
1239 4922 1355 4977 Prasia.
1381 4921 1466 4979 Phoc.
1497 4921 1617 4978 Φαΰλλου
1638 4923 1666 4977 ei
1687 4920 1851 4979 αποθανόντος,
1871 4910 1899 4971 ‘k

329 5016 393 5074 syn.
414 5003 495 5066 Πάθος
512 5003 554 5076 μὲν
569 5003 694 5077 ὑπέμεινεν
710 5002 845 5058 ἐθελούσιον
858 5004 872 5057 d
887 5009 930 5058 τοῦ
941 5005 997 5058 θεοῦ
1008 5003 1068 5067 υἱὸς,
1087 5003 1101 5057 ὁ
1150 5005 1278 5059 Φάλαικον
1293 5005 1335 5060 τὸν
1355 5008 1438 5060 παῖδα
1453 5006 1528 5061 αὺτοῦ
1542 5008 1723 5082 περιεχώρησεν
1736 5004 1750 5073 ἡ
1765 5001 1788 5057 ἓν
1803 4999 1898 5054 omas

327 5093 418 5159 χωρῶν
436 5084 460 5139 ἔν
475 5086 555 5160 ἑαυτῷ
571 5087 614 5141 τον
636 5086 767 5161 ἇχώρητον
783 5089 887 5160 πατέρα·
903 5088 1060 5162 χωρούμενος
1074 5085 1101 5140 δὲ
1149 5090 1288 5142 δυναστεία.

328 5170 369 5223 καὶ
377 5169 449 5231 αὐτὸς
458 5170 506 5224 ὑπὸ
515 5171 667 5242 τοῦπατρὸς,
678 5171 836 5245 χωρούμενος
844 5173 885 5224 καὶ
895 5171 942 5226 ὑπὸ
954 5176 998 5225 τοῦ
1007 5170 1100 5242 πατρὸς
1185 5187 1200 5227 α
1219 5172 1345 5229 Nimius.
1355 5179 1425 5229 urai.
1440 5190 1477 5228 ιι.
1487 5172 1641 5246 Κιρναμὲνων
1654 5172 1737 5243 ὥσπερ
1750 5174 1796 5224 τῶν
1808 5164 1895 5238 φόνων
1996 5186 1997 5247 χ

323 5254 367 5315 uui
381 5256 416 5307 ὢν
433 5253 456 5307 ἔν
472 5261 508 5327 τῷ
522 5256 608 5328 κόλπῳ
622 5250 665 5309 τοῦ
679 5255 780 5328 πατρὸς,
801 5253 918 5329 ἐχωρεῖτο
932 5253 1043 5328 ἀρρήτως
1058 5254 1112 5315 οιαὶἸ
1149 5255 1214 5310 οὕτω
1226 5254 1255 5323 δὴ
1270 5257 1311 5308 καὶ
1333 5263 1383 5311 τῶν
1397 5257 1519 5325 κλήσεων,
1533 5258 1575 5311 οιαὶ
1590 5260 1777 5330 περιχωρονσῶν
1789 5248 1820 5313 εἷς
1831 5243 1894 5309 md·
1996 5274 1997 5345 μ

326 5334 351 5390 ἔν
364 5336 454 5411 apiolas
463 5339 544 5411 sapui.
1146 5337 1193 5401 λας
1207 5343 1245 5412 τῷ
1258 5337 1329 5412 λόγῳ
1342 5343 1386 5409 τῆς
1399 5336 1528 5415 συμφυΐας.

351 5507 363 5553 1
378 5507 457 5557 videl.
471 5505 498 5550 iv
510 5507 537 5554 da
551 5506 631 5554 Triuia.
644 5518 665 5555 α.
676 5518 722 5560 m,
734 5506 833 5565 §isi
843 5506 889 5553 bib.
899 5505 935 5559 lv.
948 5518 970 5556 σ.
979 5518 1025 5556 nr.
