4136 6178
342 300 384 362 82
835 291 1161 357 rencncclcceull
1180 290 1396 354 munerun

344 468 400 534 est,
416 466 447 523 et
456 461 585 540 obJ'ects.
601 461 722 522 Etenim
740 476 829 521 amor
840 459 909 535 iste,
924 476 986 538 quo
1000 458 1110 519 volun·
1165 455 1306 519 Christi*
1321 475 1331 516 .·
1351 454 1421 517 ideo
1432 455 1534 516 omnis
1545 455 1726 534 hujusmodi
1741 472 1798 536 per
1810 473 1933 535 praeve-

343 559 391 615 tas
400 554 552 631 justitiam
566 554 691 633 expetit,
704 571 741 613 ac
753 553 960 632 prosequitur,
969 557 1112 612 actuosus
1163 549 1302 609 nlentem
1308 548 1760 628 grstiamexoitutesvoluntetis
1768 548 1931 631 impulsio,

344 651 400 714 est,
416 646 490 719 sive,
506 651 648 721 utvooat,
661 645 831 726 practicus,
846 645 906 706 hoc
919 650 965 705 est
978 643 1113 705 efficiens
1161 657 1255 720 quem
1281 658 1427 714 amorem,
1457 645 1487 700 et
1513 637 1700 700 dilectionem
1728 639 1864 720 justitie·
1892 639 1934 700 ab

345 738 411 815 ejus
433 739 518 817 quod
544 738 669 817 appetit.
687 737 779 797 limat
801 736 886 797 enim
905 736 989 815 quod
1011 735 1113 814 reipsa
1161 730 1707 812 Augustinovoceriauprsdiximus3
1722 731 1936 810 habetadjun·

344 829 485 890 iudendo
512 829 598 907 cupit
623 827 756 907 assequi.
779 827 959 904 cujusmodi
981 845 1046 887 non
1068 828 1114 886 est
1161 822 1781 903 ctumpiumetbenevolumncsaioquem
1790 840 1933 900 sensum,

346 921 462 994 divina,
478 926 509 982 et
522 922 657 981 incrmta
673 919 803 997 justitie,
819 919 869 980 vel
880 919 1045 993 honestss3
1060 915 1114 977 sed
1162 921 1194 974 et
1219 916 1366 979 effectum
1393 932 1467 994 erga
1493 915 1649 977 Christum
1673 915 1866 992 Dominum,
1898 933 1936 977 ac

347 1019 460 1087 creata,
474 1019 504 1073 et
515 1013 597 1087 nisu,
614 1012 795 1090 actioneque
808 1012 957 1073 humanu
970 1010 1114 1071 volunte-
1162 1008 1272 1069 Deum.
1286 1009 1365 1069 Nem
1378 1014 1410 1068 et
1422 1008 1507 1068 huno
1519 1006 1651 1086 dignum
1664 1024 1730 1069 esse
1739 1005 1870 1086 judicat,
1883 1008 1935 1069 cui

309 1144 312 1149 ·
347 1105 386 1166 tis
399 1104 610 1184 exprimenda.
626 1105 665 1164 ln
678 1122 740 1183 quo
754 1103 857 1165 differt
865 1121 954 1165 amor
964 1101 1017 1163 ille
1027 1101 1116 1180 justi-
1163 1099 1202 1161 de
1215 1101 1308 1162 rebus
1321 1099 1457 1176 occultis,
1470 1106 1501 1161 et
1514 1105 1634 1160 naturas
1647 1104 1773 1179 captum
1785 1117 1937 1180 snpercn·

346 1195 400 1259 tiae
427 1215 541 1258 asera
566 1197 753 1276 proprieque
780 1196 863 1257 dicta
885 1196 1023 1267 scritate,
1053 1210 1116 1272 qus
1163 1192 1246 1255 tibus
1267 1191 1455 1254 mvamnti
1477 1197 1560 1252 certa
1579 1191 1655 1253 tides
1677 1192 1888 1254 edhlbeatnrs
1904 1197 1936 1255 et

348 1290 429 1351 Deus
440 1295 565 1369 propter
585 1306 618 1348 se
640 1287 790 1366 diligitur.
807 1289 908 1348 Deum
928 1302 1116 1366 porrorum
1163 1286 1312 1363 quoniam
1325 1285 1474 1365 promissa
1488 1284 1604 1359 omnis,
1622 1284 1734 1364 quihus
1749 1284 1789 1345 ed
1801 1284 1933 1365 peccati,

347 1380 428 1456 dico,
453 1381 605 1459 justitiam
627 1398 751 1459 quoquc
774 1380 846 1456 Dei,
874 1385 905 1440 et
930 1378 1113 1449 homnem,
1164 1381 1195 1437 et
1208 1375 1322 1439 diaboli
1338 1377 1450 1455 jugum
1472 1376 1700 1449 excutiendum,
1717 1376 1829 1437 (thnstl
1856 1394 1935 1438 vero

347 1476 378 1532 et
415 1472 632 1551 quodcumque
665 1471 792 1534 tandem
820 1471 901 1532 inest
928 1472 1018 1546 Deo,
1052 1469 1116 1529 sive
1164 1466 1936 1549 suscipiendum,allieiturhumanns'nnimus;vel

347 1564 431 1625 Deus
449 1569 509 1639 est,
537 1562 670 1641 intelligi
703 1561 784 1624 volo.
809 1564 890 1624 Nem
923 1579 1027 1624 emere
1061 1559 1117 1621 Dei
1164 1559 1272 1621 reterri
1284 1561 1427 1641 supplicii
1438 1560 1704 1638 comminationes,
1717 1560 1832 1640 qulbus
1848 1561 1936 1622 salu-

344 1655 513 1733 justitiam,
540 1673 601 1735 qua
623 1655 742 1715 bonum
763 1660 810 1716 est
834 1654 900 1731 Dei,
915 1652 1049 1717 caritatis
1071 1655 1117 1713 est
1162 1651 1259 1715 briter
1271 1653 1458 1729 concutitur,
1472 1671 1507 1714 cc
1520 1657 1676 1729 terretur,
1691 1671 1758 1713 non
1777 1652 1845 1714 sine
1859 1652 1935 1715 reli·

347 1748 500 1828 perfectoe,
509 1766 545 1809 ac
558 1746 747 1829 Tteoquicoe,
758 1752 794 1808 ut
802 1746 969 1828 appellant,
979 1744 1114 1805 virtutis.
1164 1744 1253 1824 glosa
1272 1745 1311 1806 de
1335 1747 1412 1820 Deo,
1433 1749 1526 1824 etque
1546 1746 1667 1807 Christo
1690 1744 1887 1825 cogitatione,
1906 1749 1936 1807 et

348 1840 409 1901 Sed
422 1858 488 1900 non
501 1845 548 1901 est
560 1839 630 1900 talis
642 1856 732 1901 amor
744 1842 812 1916 iste,
827 1839 867 1900 de
878 1857 939 1918 quo
953 1855 1038 1919 nunc
1051 1836 1116 1915 sgi-
1164 1836 1336 1898 honorifico
1347 1836 1474 1915 judicio,
1490 1856 1526 1899 sc
1538 1837 1680 1916 placendi
1693 1837 1846 1899 desiderio
1860 1856 1936 1918 pee-

347 1949 427 2008 mus,
435 1932 581 2010 justitian
594 1932 648 1992 sed
656 1929 1004 1993 virtutibuscommunis
1013 1930 1115 1990 omni·
1165 1934 1281 1990 catorm
1295 1934 1501 2005 commovent,
1517 1936 1548 1991 et
1561 1927 1712 2009 paulatim
1721 1935 1910 1991 convertunt
1926 1947 1934 1989 τ

346 2023 405 2085 bus
419 2044 426 2084 ι
442 2040 577 2103 querum
589 2023 677 2084 nulle
688 2023 748 2083 nisi
761 2023 938 2099 honestum,
949 2040 985 2083 oc
995 2021 1115 2100 justum
1166 2027 1344 2083 necesseest
1356 2021 1458 2083 inesse
1467 2021 1599 2082 tacitum
1612 2021 1779 2101 quemdam
1792 2021 1855 2082 illis
1863 2039 1935 2102 per·

347 2116 427 2177 nihil
440 2115 647 2196 persequitur.
670 2115 759 2189 Quod
781 2117 820 2179 de
833 2116 894 2177 illis
913 2116 991 2177 adeo
1009 2115 1114 2176 dicen·
1165 2113 1357 2175 motionibus
1374 2113 1489 2174 amoris
1511 2112 1675 2191 affectum,
1695 2113 1936 2177 acdesiderlum

347 2207 424 2269 dum
443 2202 508 2284 est,
528 2225 598 2286 quae
625 2206 812 2287 implicitum
836 2207 953 2270 habent
975 2224 1116 2268 amorem
1164 2205 1254 2281 tanti,
1275 2205 1363 2286 errjus
1384 2210 1540 2286 compotes
1562 2224 1628 2268 esse
1651 2205 1792 2287 cupiunt,
1818 2212 1851 2269 ct
1872 2225 1936 2287 qno

348 2299 414 2377 ejus
436 2301 490 2379 qui
511 2298 555 2359 sic
580 2304 674 2375 emat,
699 2304 731 2360 et
757 2300 855 2361 amori
876 2298 1115 2381 masupiscentioe
1165 2315 1269 2359 cerere
1283 2298 1536 2374 metuunt,boni.

348 2391 440 2464 vulgo
454 2390 654 2465 tribuuntur;
670 2395 706 2452 ut
719 2391 898 2451 cumhomo
911 2408 1020 2469 spe,ae
1032 2390 1135 2451 desi-'¹
1207 2390 1417 2456 Quamobrem
1437 2390 1515 2451 illud
1532 2391 1679 2452 adversus
1696 2383 1812 2454 novem
1824 2391 1935 2454 tactio·

348 2482 434 2544 derio
453 2481 605 2543 felicitatis
619 2482 744 2543 aeterna
758 2483 929 2562 potiundae,
945 2482 1118 2562 vslsempi·
1166 2499 1240 2543 nem
1263 2489 1335 2544 ante
1359 2482 1467 2543 omnis
1488 2483 1687 2544 retinendum
1710 2490 1774 2557 est;
1795 2502 1937 2546 emerem

349 2573 969 2651 ternasvitandaedsmnotionis,adlleum
981 2574 1118 2635 converti
1163 2573 1937 2659 justitiegenerstimuniversequcsumptoe,quam

349 2666 512 2745 expetitu
521 2665 592 2726 odio
599 2664 959 2745 peccatiecdetestatione
967 2665 1116 2745 tangitur,
1167 2666 1336 2742 caritatem,
1352 2666 1609 2746 dilectionemque
1621 2666 1758 2747 justitias,
1771 2673 1826 2728 aut
1841 2670 1938 2730 etiarn

348 2763 405 2818 aut
435 2758 572 2819 melioris
602 2757 804 2833 inchoendse,
834 2776 871 2819 ee
896 2758 1119 2837 prosequende
1167 2758 1243 2833 Dei,
1270 2775 1498 2838 nonnunquam
1531 2765 1621 2820 vocat
1653 2759 1860 2835 Augustinus,
1898 2761 1937 2823 ad

349 2850 433 2925 vites,
447 2849 512 2911 sive
535 2849 648 2910 divinae
662 2848 861 2911 observandae
881 2849 958 2930 legis
979 2849 1120 2910 volunte-
1167 2851 1273 2911 omnia
1285 2852 1438 2911 virtutum
1455 2852 1693 2913 christicnemm
1711 2869 1823 2929 genere
1843 2854 1938 2934 perti·

348 2947 413 3003 tem
427 2941 567 3020 suscipit.
581 2942 658 3002 Cum
679 2942 764 3003 enim
783 2943 923 3021 justum,
938 2942 1119 3003 honestum·
1168 2960 1254 3019 nere,
1267 2949 1359 3023 etque
1372 2954 1481 3003 omnes
1490 2943 1568 3023 pios,
1581 2944 1764 3005 ethonestos
1774 2945 1936 3026 complecti

350 3053 411 3114 que
429 3035 468 3095 sit
487 3034 701 3113 obtemperare
722 3034 799 3107 Deo,
815 3038 846 3095 et
865 3034 948 3113 quod
971 3034 1022 3095 hic
1038 3035 1117 3113 vult,
1167 3034 1335 3096 voluntatis
1348 3034 1486 3111 allectus,
1501 3034 1556 3114 qui
1569 3052 1609 3096 ex
1622 3037 1846 3115 christigratia
1860 3037 1938 3099 deri·

351 3125 555 3205 imperatque,
577 3126 697 3202 facere3
717 3125 791 3186 velit
818 3131 933 3197 cutem
955 3144 991 3186 ac
1012 3126 1121 3205 jubeat
1167 3132 1298 3202 vantur;
1310 3127 1436 3188 ethunc
1449 3127 1551 3207 ipsum
1568 3144 1709 3189 amorem
1718 3128 1847 3208 justitiae
1862 3131 1936 3192 elias

351 3218 436 3278 Deus
451 3237 459 3292 3
475 3221 584 3278 timere
606 3217 707 3293 illum,
717 3218 772 3296 qui
786 3222 886 3297 potest
899 3223 930 3281 et
940 3218 1078 3280 enimam
1090 3225 1122 3280 et
1168 3218 1349 3298 perfectum,
1362 3219 1437 3279 alias
1459 3219 1688 3299 imperfectum,
1703 3226 1735 3282 et
1754 3221 1936 3285 inchoatum

352 3326 463 3389 corpus
504 3309 634 3389 perdere
656 3310 691 3369 in
718 3309 904 3386 gehennam,
946 3316 976 3372 et
1003 3318 1121 3373 selerne
1168 3310 1298 3390 exprimi
1314 3310 1475 3371 abeodem
1491 3311 1674 3389 Augustino.

351 3402 450 3463 vitere
463 3401 627 3481 supplicic3
637 3408 706 3462 tum
716 3420 790 3463 vero
800 3402 837 3461 iis
848 3401 922 3482 ipsis
935 3404 1120 3465 anteoculos
1210 3403 1276 3464 Vll.
1299 3403 1405 3481 Neque
1418 3402 1933 3483 ver0,quodisti-ialscexistlmant,
1957 3405 2035 3496 ssim,

352 3493 468 3573 positis,
484 3493 576 3554 idest
595 3511 757 3554 ocensemrs
771 3493 928 3555 intellectis
940 3502 969 3556 et
980 3497 1118 3575 provisis,
1165 3493 1294 3573 justitie,
1310 3495 1399 3573 cujus
1408 3512 1548 3555 amorem
1562 3495 1698 3556 caritatis
1706 3496 1834 3558 nomine
1843 3497 1936 3558 afficit
1966 3463 2035 3554 ἰ’ῗιῗη

352 3604 470 3664 sapere,
507 3603 543 3646 oo
573 3592 733 3662 peccatum
769 3586 878 3663 odisse,
913 3587 1120 3668 virtutemque
1169 3584 1370 3661 Augustinus,
1385 3587 1467 3646 Deus
1486 3592 1533 3647 est
1552 3586 1616 3666 ipse
1640 3588 1774 3667 proprie,
1794 3589 1934 3670 etexpli-
1956 3564 2035 3610 ''m''

353 3678 469 3753 colera;
486 3677 620 3757 profecto
635 3679 689 3755 qui
703 3677 786 3737 istud
797 3677 881 3754 facit,
892 3678 1012 3756 justum
1022 3679 1120 3742 hone·
1171 3682 1286 3753 catast
1299 3683 1335 3737 ut
1342 3676 1454 3738 schole
1467 3677 1651 3757 loquuntur,
1662 3678 1936 3760 formaliterobjec·

353 3776 510 3848 stumque,
523 3768 555 3829 id
569 3774 614 3831 est
626 3768 686 3848 legi
701 3774 732 3830 et
744 3766 897 3830 voluntati
919 3769 1032 3832 ‹livinae
1051 3790 1122 3832 oon·
1170 3774 1237 3843 tus;
1264 3769 1318 3830 scd
1342 3769 1478 3846 mutuae,
1503 3776 1534 3831 et
1555 3779 1667 3850 scalpo,
1683 3789 1718 3832 cc
1739 3771 1782 3847 vi,
1805 3772 1881 3847 sive,
1900 3778 1935 3833 ut

354 3866 537 3924 sentuncum
561 3880 639 3941 opus
664 3861 749 3938 tecit,
773 3867 805 3923 et
830 3861 915 3940 quod
940 3880 996 3941 per
1020 3881 1063 3940 se,
1087 3883 1123 3926 cc
1171 3862 1288 3923 easdem
1310 3861 1551 3923 bmbarlssantes
1569 3862 1681 3923 scholae
1703 3863 1803 3925 dicere
1816 3869 1932 3941 ament,

354 3954 477 4030 nullum
491 3953 530 4013 ad
543 3952 740 4014 linemalium
754 3971 789 4013 ec
801 3952 958 4014 diversum
970 3959 1041 4015 actu
1054 3956 1121 4035 ipsc
1170 3954 1349 4015 virtualiter.
1366 3953 1454 4027 Quod
1476 3953 1640 4035 dupliciter
1664 3956 1776 4016 evenit.
1792 3956 1934 4018 Primum

354 4046 525 4119 redactum,
535 4044 627 4105 laude
641 4043 1120 4125 approbationequesitdignum:
1170 4051 1323 4126 quatenus
1334 4044 1411 4106 boni
1423 4046 1545 4122 omnis,
1568 4048 1740 4126 presertim
1757 4049 1891 4123 honesti,
1904 4052 1934 4109 ct

355 4131 610 4213 quandoquidem
623 4132 700 4210 ejus,
716 4151 772 4194 our
784 4132 849 4209 liat,
863 4133 993 4196 honesta
1005 4141 1036 4196 et
1048 4155 1121 4216 pro·
1169 4138 1291 4199 virtutis
1306 4137 1434 4217 proprii,
1448 4137 1517 4197 fons
1530 4143 1561 4199 et
1573 4140 1660 4218 origo
1674 4144 1720 4200 est
1733 4141 1825 4214 Deus,
1840 4139 1934 4221 idque

354 4224 467 4287 babilis
481 4223 584 4285 afferri
598 4242 689 4284 causa
708 4229 818 4302 potest.
842 4225 875 4287 ld
895 4231 1001 4288 autem
1022 4228 1121 4291 hone·
1169 4228 1317 4308 peculiari
1344 4228 1478 4308 quodem
1504 4229 1635 4303 ratione,
1660 4237 1692 4293 et
1716 4231 1876 4295 voluntate
1901 4232 1933 4293 in

355 4322 450 4392 stum,
471 4321 652 4395 eapropter
679 4334 712 4377 se
739 4317 947 4396 appetendum
969 4319 1093 4381 dlcitur¹
1110 4342 1119 4399 3
1168 4321 1257 4382 nobis
1271 4320 1375 4382 efficit.
1398 4321 1514 4383 Deinde
1528 4322 1613 4401 quod
1629 4321 1803 4385 istiusmodi
1822 4324 1932 4387 volun·

354 4426 420 4469 non
429 4408 511 4488 quod
527 4407 643 4499 nullius
649 4407 695 4468 rei
707 4406 832 4469 alterius
844 4410 1016 4488 gratia,sed
1029 4430 1121 4493 prop·
1168 4414 1239 4475 tetis
1252 4414 1402 4494 impetus,
1417 4420 1448 4474 et
1462 4414 1614 4476 motiones
1628 4432 1665 4476 ex
1683 4413 1755 4491 lide,
1769 4422 1801 4477 et
1813 4422 1932 4479 antece·

354 4505 402 4560 ter
424 4517 456 4560 se
479 4499 581 4560 solum
608 4500 912 4579 asperrimorum
934 4503 1018 4581 quod
1036 4521 1120 4566 erse
1168 4505 1261 4568 dente
1288 4506 1357 4579 liei,
1386 4506 1513 4586 ejusque
1538 4506 1676 4567 mandati
1707 4507 1837 4583 notitia,
1865 4515 1932 4570 tum

353 4590 458 4666 hebet,
475 4591 558 4651 unde
585 4590 724 4668 honeste,
742 4610 778 4652 ac
803 4592 999 4655 landabiliter
1019 4602 1121 4676 potest
1167 4598 1327 4660 effectuin
1349 4598 1437 4658 illum
1452 4597 1514 4677 pio,
1530 4615 1566 4678 se
1587 4598 1753 4676 benevolo,
1768 4600 1815 4660 uti
1840 4600 1931 4680 paulo

353 4682 467 4760 appeti,
482 4682 539 4743 etsi
560 4681 598 4742 dc
609 4682 697 4743 nullo
720 4683 781 4742 allo
792 4685 953 4763 cogitetur,
969 4691 1119 4767 tanquam
1167 4696 1240 4751 ante
1271 4690 1423 4765 diximus,
1454 4690 1599 4751 existunt.
1630 4691 1718 4752 Unde
1742 4708 1931 4774 consequens

352 4772 494 4834 ulteriori
505 4773 609 4853 atqle
620 4773 695 4835 fine.
1167 4782 1336 4847 voluntatis
1350 4781 1476 4858 electio,
1492 4801 1554 4862 qus
1565 4781 1663 4843 libere
1672 4782 1827 4861 justitiam
1847 4784 1931 4846 illam

181 4884 206 4934 ln
232 4888 328 4937 mortem
392 4865 447 4926 Vl.
470 4866 508 4926 Et
521 4865 671 4944 qaroniam
692 4865 838 4930 nullecst
859 4867 899 4928 ed
920 4869 1119 4934 christianam
1167 4879 1199 4934 et
1210 4873 1406 4934 honestatem
1416 4874 1676 4955 qualemcumque
1690 4874 1929 4957 arripit,viprae·

192 4944 317 5053 wfflst
352 4956 571 5033 lronestctem,
603 4956 653 5018 vel
680 4957 833 5035 justitiam
866 4960 919 5038 pie
952 4963 1119 5026 voluntatis
1167 4964 1302 5027 cedentis
1316 4964 1398 5025 illius
1411 4965 1574 5027 instinctus
1587 4967 1740 5045 gratiaein
1754 4969 1852 5029 lleum
1863 4974 1930 5030 teu·

182 5051 328 5149 “igme
352 5051 460 5124 motio,
475 5066 546 5127 quea
557 5065 623 5108 non
637 5066 676 5108 cx
686 5048 747 5110 tide
761 5051 982 5129 proficiscetur,
996 5060 1031 5115 ut
1044 5073 1118 5116 ron·
1166 5056 1450 5136 dit,etedjunctnm
1456 5056 1551 5119 habet
1560 5076 1631 5120 cum
1641 5058 1928 5126 honestideslderic.

180 5156 327 5224 placuerum
351 5139 521 5203 etenterab
536 5139 708 5219 Augustino
723 5141 856 5203 traditur
881 5142 997 5206 :Fides
1020 5153 1118 5207 uatem
1167 5147 1224 5208 Dei
1247 5147 1344 5228 ipsius
1370 5166 1521 5227 amorem,
1537 5168 1573 5211 sc
1596 5167 1723 5212 sensum
1744 5151 1930 5213 excellentie

191 5214 317 5323 ,fffiffl
352 5252 389 5294 err
403 5232 510 5295 cadite
535 5243 576 5294 eet
605 5230 887 5296 :redimentem
914 5254 974 5316 per
999 5237 1116 5301 eatam
1167 5238 1259 5311 illius,
1274 5245 1328 5303 aut
1341 5241 1554 5329 indulgentie,
1564 5262 1601 5306 ec
1615 5243 1772 5325 bomtatis,
1788 5250 1842 5307 eut
1850 5258 1929 5308 seve

380 5436 390 5481 l
402 5435 424 5484 t.
433 5435 474 5482 tls.
485 5433 538 5491 l.ll,
547 5446 570 5492 q.
582 5445 654 5488 mrsu,
666 5445 687 5481 a.
698 5432 721 5488 t,
733 5434 760 5483 sd
772 5446 818 5481 ι.-
830 5441 843 5482 t
856 5436 917 5486 dom.
926 5434 975 5493 et
