4072 6164
371 373 430 433 532
864 367 1190 430 THEOLOGICORUM
1209 367 1425 431 Bccharum

369 533 661 597 consubstantialem
674 532 785 607 nobis,
801 539 833 594 et
850 533 1019 595 animatam
1035 533 1139 593 anima
1190 532 1315 612 aliquod
1333 532 1420 613 prius
1446 537 1563 605 essent,
1591 549 1626 593 ac
1647 531 1690 594 sie
1706 531 1743 594 ab
1763 532 1811 593 illo
1824 532 1919 596 luerim

368 626 529 701 rationali,
552 630 584 686 et
606 624 815 705 intelligente:
841 644 978 699 carnem,
998 627 1137 705 inquam,
1189 631 1373 704 assumpte:
1390 626 1444 686 sed
1458 643 1529 704 qum
1543 624 1578 684 in
1591 624 1673 685 illius
1691 624 1836 704 hypostasi
1846 627 1919 686 crsti-

368 718 533 797 ejusmodi,
550 735 621 797 quae
636 735 695 779 nec
715 717 797 778 oculi
815 717 900 777 nictu
919 716 1006 796 prius
1023 716 1138 777 substi·
1188 716 1301 777 ierint!
1305 762 1311 775 .
1327 738 1343 773 ιι

367 815 467 871 terat:
493 809 547 870 sed
567 808 602 869 in
625 808 691 889 ipso
704 810 766 869 Deo
780 808 882 869 Verbo
900 815 969 869 tum
992 814 1028 869 ut
1048 812 1136 882 esset,
1228 807 1408 869 Theodorus
1427 824 1552 887 quoquc
1575 807 1732 888 presbyter
1753 807 1920 869 Rhatuensis

368 907 437 962 tum
455 906 492 962 ut
505 900 701 974 subsisteret,
727 900 874 979 accepite.
891 924 907 958 n
924 901 1022 974 Quem
1034 899 1139 961 locum
1187 899 1222 959 in
1239 899 1320 960 libro
1339 898 1374 959 de
1393 897 1620 972 luminatione,
1646 897 1717 960 fidei
1740 898 1920 960 definitionem

369 992 558 1073 Errthymius
571 1010 695 1072 quoque
708 992 854 1053 describit
864 991 997 1053 intitulo
1008 991 1138 1071 septimo
1188 990 1360 1069 explicans;
1375 991 1460 1070 quod
1474 992 1506 1051 in
1520 991 1718 1070 asscriptum
1730 996 1787 1066 est,
1805 990 1920 1051 unitione

369 1083 541 1164 Puuoplioe.
1026 1136 1030 1143 .
1187 1082 1359 1143 secundum
1392 1082 1584 1163 hypostasim
1606 1082 1777 1163 copulatam
1797 1083 1851 1144 Deo
1869 1100 1920 1143 esse

408 1178 460 1238 tv.
482 1179 618 1239 loannes
631 1178 706 1239 item
728 1178 934 1239 Damascenus
961 1175 1080 1255 aliquot
1105 1176 1138 1235 in
1188 1181 1333 1235 naturam
1354 1174 1502 1247 hominis,
1523 1173 1695 1255 significare
1708 1175 1759 1250 ait,
1781 1192 1837 1234 non
1852 1174 1920 1254 prius

367 1268 442 1330 locis
452 1269 586 1349 idipsum
597 1270 733 1339 tradidit,
745 1276 781 1331 ut
792 1270 826 1330 in
836 1268 915 1330 libro
927 1269 1028 1335 tertio.
1040 1268 1138 1347 capite
1187 1268 1358 1328 humanam
1376 1271 1522 1327 naturam
1540 1284 1605 1328 esse
1627 1267 1799 1339 formatam,
1812 1265 1919 1327 etsicin

367 1361 516 1435 meando,
533 1380 626 1441 quem
639 1361 745 1422 locum
757 1362 823 1440 jam
835 1357 1064 1439 descripsimus¹
1081 1380 1088 1420 :
1105 1360 1138 1421 in
1187 1358 1297 1437 ipsam,
1313 1357 1444 1419 subiisse
1466 1358 1681 1420 diuinitatem:
1709 1358 1761 1419 sed
1777 1358 1874 1437 potius,
1890 1374 1919 1418 oo

367 1470 430 1532 quo
453 1452 547 1513 etiam
568 1453 712 1514 divinum
732 1452 870 1513 Verbum
884 1452 928 1512 ait
947 1453 1138 1531 hypostasim
1186 1447 1254 1528 ipso
1268 1457 1439 1519 momento,
1460 1468 1523 1529 qno
1537 1450 1701 1512 subsistere
1712 1450 1810 1531 erepit,
1824 1448 1920 1509 unitam

367 1543 483 1604 lactum
511 1562 576 1606 esse
604 1545 698 1619 carni,
724 1563 794 1624 quae
815 1561 978 1623 nunquam
999 1544 1063 1604 sola
1082 1561 1138 1623 per
1186 1558 1252 1603 csse
1266 1541 1449 1603 divinitatit.

364 1646 433 1696 'sese
447 1628 595 1712 s'ubsistit,
611 1637 664 1697 sed
677 1636 711 1696 in
725 1636 845 1710 Verb03
860 1642 929 1697 tum
941 1635 993 1696 illa
1002 1634 1134 1713 subjicit,
1227 1633 1276 1695 Sic
1316 1634 1497 1695 Theodorus
1541 1633 1620 1695 alter
1659 1633 1920 1714 hierosolymitmns

367 1745 437 1806 quae
451 1731 592 1807 proxime
606 1733 679 1789 ante
698 1746 736 1788 ex
750 1728 901 1802 Maximo,
919 1734 950 1788 et
967 1727 1135 1788 Athanasio
1185 1725 1369 1803 patriarcha,
1387 1725 1418 1786 in
1434 1723 1583 1806 Synodion
1594 1725 1772 1806 professione
1781 1724 1853 1806 fidei,
1865 1742 1919 1803 que

366 1819 694 1888 commemoravimus,
724 1819 853 1880 osimrrl
880 1837 1007 1881 carnem
1028 1819 1133 1895 fuisse,
1185 1818 1219 1878 in
1234 1824 1302 1879 aeta
1312 1816 1451 1899 septimae
1463 1817 1575 1897 synodi
1589 1818 1688 1879 relata
1696 1823 1751 1887 est,
1760 1817 1799 1877 ait
1813 1816 1916 1877 chuma-

365 1910 458 1971 simul
472 1912 529 1972 Dei
543 1911 640 1973 Verbi
662 1928 806 1984 carnem,
821 1934 837 1970 n
854 1929 913 1973 nec
930 1930 995 1972 nou
1017 1911 1136 1973 ibidem
1184 1927 1259 1969 nam
1282 1916 1426 1970 naturam
1440 1909 1556 1970 Christi
1570 1928 1588 1970 a
1608 1910 1712 1990 primo
1726 1922 1873 1988 conceptus
1883 1907 1917 1968 sni

364 2002 489 2083 prohat,
522 2022 587 2065 non
619 2009 763 2083 oportere
784 2002 963 2085 Deiyteotum
991 2002 1136 2066 bominem
1185 2008 1356 2078 momento,
1370 2000 1525 2062 divinitati
1538 2002 1631 2064 luisse
1642 1999 1863 2082 copularant.»

364 2094 476 2171 dicere,
486 2095 546 2156 hoc
556 2099 603 2156 est
613 2114 650 2155 ex
658 2113 744 2157 mero
753 2095 882 2156 homine
890 2095 1006 2156 factum
1017 2098 1131 2157 Deum:
1224 2093 1262 2153 V.
1295 2094 1383 2155 Idem
1417 2098 1464 2154 cst
1496 2095 1683 2156 Latinorum
1715 2095 1916 2172 theologorum.

363 2192 399 2247 ut
426 2188 606 2248 Nestoriana
634 2187 749 2249 scilicet
774 2186 909 2248 habebat
930 2188 1065 2249 haeresis.
1101 2189 1135 2250 ld
1186 2182 1918 2266 Patremquesensuaequibushugustinusrariis

363 2279 447 2357 quod
470 2280 648 2358 frequenter
671 2280 813 2359 usurpari
831 2280 935 2341 rideas
949 2279 988 2340 ah
1003 2280 1057 2356 iis,
1079 2280 1133 2360 qui
1184 2274 1218 2335 in
1244 2276 1318 2337 locis
1344 2277 1422 2338 illud
1442 2278 1581 2339 tradidit.
1611 2277 1651 2340 In
1678 2276 1857 2349 Eneiriridio,
1880 2293 1917 2335 cr·

362 2383 470 2430 contra
484 2372 660 2432 Nestorium
675 2372 876 2450 scripserunt,
894 2377 930 2432 ut
947 2372 986 2432 ab
1001 2371 1130 2452 Gyrillo,
1183 2368 1246 2447 pite
1261 2386 1379 2430 xxxvi.
1398 2390 1415 2427 ιι
1439 2370 1598 2450 Numquid
1624 2376 1726 2446 antea,
1754 2368 1852 2449 inquit,
1874 2366 1918 2426 trit

362 2462 449 2540 cujus
457 2462 615 2542 perbrevis
629 2469 674 2524 est
687 2468 833 2525 tractatus
843 2464 876 2524 in
886 2464 961 2526 actis
970 2464 1132 2544 Ephesium
1182 2458 1297 2537 homo,
1318 2475 1349 2522 et
1372 2461 1431 2522 hoc
1455 2462 1482 2523 ei
1504 2462 1663 2541 singulare
1675 2461 1916 2537 heneficinmpre·

360 2555 483 2633 synodi,
496 2556 534 2616 de
544 2555 771 2633 incarnatione,
782 2557 837 2635 qui
847 2556 913 2616 haec
928 2557 1008 2617 inter
1021 2563 1133 2618 caetera
1182 2551 1290 2613 stilum
1324 2559 1387 2626 est,
1422 2560 1459 2615 ut
1492 2553 1692 2633 singulariter
1723 2554 1917 2633 promereretur

360 2646 515 2721 continet,
536 2669 548 2703 ι
571 2647 743 2709 Nonnullos
756 2648 935 2708 auditorum
949 2648 1060 2709 animis
1075 2668 1132 2728 per
1180 2643 1305 2704 Deum?
1319 2646 1435 2725 Nempe
1449 2664 1488 2707 er
1498 2665 1560 2725 quo
1574 2647 1672 2707 homo
1687 2663 1750 2708 csse
1767 2643 1855 2723 oepit
1867 2658 1916 2701 ⁰⁰¹¹

359 2736 500 2799 heodem
525 2738 689 2819 obrepere,
717 2739 862 2815 dicentes,
878 2742 978 2801 Deum
991 2740 1131 2802 Verbum
1179 2735 1263 2796 alind
1277 2739 1370 2816 coepit
1390 2756 1456 2799 esse
1470 2737 1577 2815 homo,
1599 2756 1697 2818 quam
1712 2737 1765 2799 Dei
1775 2737 1853 2797 tilius.
1867 2733 1917 2792 elit

359 2830 558 2911 assumpsisse
572 2831 733 2893 hominem
748 2850 755 2891 :
772 2832 813 2893 ob
827 2831 920 2911 idque
932 2850 1129 2912 progressum
1179 2827 1214 2887 in
1227 2829 1325 2909 capite
1337 2847 1385 2903 xi,
1393 2852 1408 2888 ιι
1415 2830 1548 2910 gratiam
1556 2831 1610 2891 Dei
1625 2827 1915 2912 praedicatquahomo

358 2939 423 3004 esse
446 2941 501 3001 per
524 2929 662 2984 sanctam
683 2923 860 3002 Virginem:
885 2929 916 2983 et
928 2924 1013 2984 hunc
1026 2925 1129 3004 ipsum
1178 2921 1271 2981 nullis
1282 2921 1528 3001 precedentibus
1542 2923 1677 2998 meritis,
1693 2924 1726 2983 in
1740 2923 1800 3001 ipso
1815 2916 1915 2980 exordio

357 3013 518 3075 hominem
528 3015 704 3076 deificatum
718 3033 783 3076 esse
798 3017 860 3075 Deo
875 3013 1005 3076 Verbol.
1017 3037 1032 3074 ιι
1177 3018 1297 3074 natiuae
1311 3031 1387 3090 suae,
1405 3033 1467 3095 quo
1482 3033 1547 3076 csse
1558 3018 1665 3095 erepit,
1677 3014 1776 3078 Verbo
1785 3012 1833 3074 Dei
1843 3028 1889 3087 cop
1905 3041 1915 3052 ·

398 3107 519 3166 Rursus
546 3108 645 3185 capite
676 3107 858 3167 duodecimo
889 3107 961 3167 libri
988 3108 1127 3186 ejusdem
1177 3103 1293 3165 latetur
1303 3105 1337 3165 in
1350 3110 1470 3168 tantam
1484 3124 1625 3184 personae
1638 3106 1795 3179 unitatem,
1809 3101 1915 3164 utidrm

356 3193 438 3253 tertii
452 3195 590 3255 loannes
609 3196 815 3256 Damascenus
834 3194 901 3256 fuse
919 3195 1001 3256 istud
1022 3196 1127 3276 ipsum
1177 3203 1255 3258 essct
1277 3197 1360 3258 filius
1387 3199 1454 3275 Dei,
1478 3199 1533 3278 qui
1556 3198 1642 3260 fitius
1656 3199 1799 3268 hominis,
1812 3192 1914 3257 elilim
1995 3218 1996 3223 ¹

357 3284 475 3361 asserit,
499 3305 535 3346 ac
558 3286 618 3347 tria
644 3286 710 3348 hac
736 3286 828 3347 simul
854 3287 1001 3348 exstitisse
1025 3289 1124 3367 docet,
1175 3288 1321 3366 hominis,
1337 3290 1392 3370 qui
1405 3291 1488 3352 lilius
1501 3291 1597 3352 Dei.»

360 3398 376 3435 u
389 3377 635 3457 assumptionem
645 3378 757 3451 carnis,
770 3378 865 3457 hujus
878 3380 1078 3453 exstantiam,
1094 3388 1125 3444 et
1216 3382 1255 3441 Et
1267 3381 1301 3442 in
1315 3381 1395 3444 libro
1410 3382 1643 3445 decimo-tertio
1657 3382 1693 3445 de
1710 3381 1857 3454 Trinitate,
1875 3394 1913 3437 ea·

356 3468 583 3530 deificationem
612 3488 631 3530 a
664 3471 726 3531 Deo
760 3471 893 3531 Verbot.
930 3471 1123 3550 Conceptum
1174 3473 1238 3550 pite
1251 3490 1324 3534 xru.
1343 3474 1419 3535 «Ex
1436 3492 1497 3554 quo
1510 3475 1607 3537 homo
1623 3494 1689 3537 esse
1703 3476 1808 3555 rapit,
1821 3488 1854 3532 cr
1871 3467 1913 3527 illo

355 3578 479 3639 quoque
487 3560 591 3637 Verbi,
607 3566 638 3622 et
649 3562 749 3622 carnis
763 3562 794 3622 in
808 3563 874 3642 ipso
888 3562 991 3624 Verbo
1006 3569 1125 3625 exstan-
1175 3571 1221 3625 est
1234 3570 1264 3626 et
1278 3568 1399 3627 Deus.»
1416 3568 1497 3628 Tum
1511 3567 1543 3627 iu
1563 3566 1645 3629 libro
1659 3567 1695 3629 de
1709 3562 1913 3644 Cori-ephoros!
1994 3570 1995 3573 ’

354 3652 430 3712 tiam
453 3652 562 3714 eodem
589 3658 747 3714 momento
776 3653 900 3715 suiset.
922 3676 937 3711 ιι
959 3656 1002 3716 Αι·
1030 3656 1124 3734 paulo
1174 3658 1291 3736 gratio,
1318 3659 1419 3739 capite
1433 3659 1611 3722 undecimo.
1633 3682 1649 3719 σ
1673 3661 1750 3721 Deus
1762 3656 1912 3732 ergonatu·

353 3743 593 3815 anteadixerat,
612 3766 627 3802 ιι
643 3764 706 3806 non
726 3745 882 3807 habitasse
904 3747 1001 3807 Deum
1016 3747 1049 3807 in
1065 3748 1122 3809 ho·
1173 3766 1241 3809 ram
1254 3757 1405 3826 nostram,
1421 3750 1475 3826 ait,
1491 3752 1523 3812 id
1537 3753 1737 3814 cstanimam
1748 3745 1911 3814 rationalem
1993 3796 1994 3827 2

353 3835 438 3896 mine
460 3842 531 3897 ante
550 3836 712 3898 formato&
736 3858 752 3894 n
770 3839 921 3916 Eteapite
942 3839 1121 3915 undecimo,
1173 3860 1361 3922 carnemque
1371 3843 1507 3905 hominis
1518 3843 1661 3907 Christus
1671 3843 1808 3925 suscepit,
1817 3852 1912 3914 scrop

357 3928 678 4007 «Primitias,inqnit,
695 3929 860 4009 assumpsit
873 3948 981 3991 massae
995 3944 1120 4007 nostra,
1172 3933 1258 3995 tione
1285 3935 1485 4014 singulariter
1508 3935 1666 4009 mirabili,
1691 3935 1737 3998 rel
1759 3927 1912 3995 mirabiliter

353 4036 417 4080 non
431 4039 502 4101 quse
516 4038 618 4101 perse
632 4020 844 4098 subsisterent,
859 4028 914 4083 aut
927 4022 1123 4084 individuum
1172 4025 1334 4105 singulari,
1360 4033 1397 4088 ut
1418 4028 1515 4089 nullis
1532 4029 1664 4106 justitie
1691 4020 1912 4108 anapracedett‘
1992 4052 1993 4077 ι

387 4255 409 4296 a
427 4241 531 4297 nixu.
550 4239 667 4313 anau
681 4239 756 4309 aaa
770 4240 895 4296 :taem
908 4241 987 4315 :aa
1001 4242 1123 4298 ιτοίιι
1172 4246 1341 4319 πύργοισι
1363 4245 1406 4319 μιν
1420 4246 1537 4321 annu,
1550 4251 1594 4302 aa
1612 4249 1700 4322 aaa,
1719 4246 1797 4316 aaa
1816 4232 1909 4314 apol
1991 4318 1992 4333 ,

350 4340 435 4378 στασιν
445 4320 489 4392 τὴν
499 4323 557 4397 ἡμῖν
573 4323 714 4396 θμοοθσιον,
731 4323 890 4398 ἐθοχωμίνην
907 4326 973 4399 ψυχῇ
987 4326 1074 4401 λογικῇ
1083 4347 1120 4400 τε,
1171 4326 1195 4381 ίν
1211 4328 1277 4401 αὐτῷ
1291 4329 1410 4403 τῷλόγῳ
1425 4329 1532 4403 θπαρξις.

349 4408 389 4461 καί
403 4410 484 4480 νοερᾷ·
514 4405 567 4460 otc’
590 4407 625 4470 ὣς
647 4406 670 4460 ἔν
694 4408 752 4481 ῥιπῇ
772 4408 899 4482 ὀφθαλμοῦ
920 4413 1120 4482 προῦποστᾶσαν,
1206 4428 1221 4468 e
1240 4411 1309 4468 thid.
1328 4411 1363 4466 bt
1381 4415 1604 4485 προδιαπλασθίντι
1621 4415 1742 4489 ἀνθρώπῳ
1757 4410 1873 4477 bonim-

351 4489 407 4542 ἀλλ’
418 4488 442 4542 ἔν
453 4490 520 4563 αὐτῷ
529 4496 566 4562 τῷ
580 4492 627 4562 θεῷ
640 4491 710 4564 λόγῳ
723 4491 764 4544 καί
780 4493 810 4545 το
824 4485 897 4560 εἶναι,
911 4493 952 4546 καί
966 4493 995 4545 τὸ
1010 4492 1118 4562 innoti·
1206 4494 1227 4569 f
1242 4495 1284 4552 ld.
1309 4494 1435 4569 Ἀπαρχὴν
1458 4495 1506 4569 γὰρ
1521 4496 1623 4552 ἂνίλαθι
1637 4506 1681 4553 τοῦ
1695 4497 1807 4571 ἡμετέραν
1818 4490 1908 4565 ΜΨ·

350 4591 390 4625 ναι
403 4573 536 4627 λαθοῦσαν.
1168 4595 1219 4642 τος,
1231 4576 1259 4643 oi
1269 4576 1323 4631 καθ’
1333 4576 1418 4645 ίαντὴν
1432 4579 1585 4644 taonem,
1596 4583 1638 4635 ιιαί
1651 4573 1906 4654 dispergerenteam*

386 4654 403 4710 h
421 4655 454 4711 ln
467 4662 522 4711 act.
540 4655 607 4726 Eph.
624 4671 660 4712 ex
681 4656 850 4714 Bibliothec.
865 4657 982 4715 Boeoti.
1001 4674 1035 4715 er
1050 4659 1117 4716 edit.
1168 4663 1296 4733 πρότερον,
1315 4662 1356 4715 καὶ
1370 4660 1447 4725 οὕτως
1459 4661 1502 4716 ὑπ’
1525 4661 1600 4718 attor
1614 4664 1812 4736 προσληφθεῖσα.
1826 4648 1906 4709 nr'b

350 4737 454 4795 Comei.
479 4735 656 4792 Ὕποιιλίπτειν
674 4739 754 4793 τοίνυν
770 4734 867 4794 οίονταί
882 4759 944 4804 τινες
959 4746 1010 4796 τῶν
1025 4740 1119 4814 dapum
1168 4747 1199 4816 τῇ
1214 4739 1289 4798 edroi·
1302 4744 1435 4800 θποστάσει
1448 4744 1599 4818 θπάρξασαν.

350 4821 428 4893 μίνιον
444 4819 488 4882 τὰς
497 4819 586 4893 ψυχὰς,
597 4821 733 4892 ἄνθρωπον,
753 4823 822 4893 φησί,
832 4823 946 4896 λέγοντες
964 4823 1118 4896 ἀνειληφέναι
1201 4829 1381 4897 preconari.
1399 4829 1582 4886 comitato.
1602 4818 1905 4899 discriminantem
1989 4826 1990 4839 ¹

348 4903 392 4958 τίιν
414 4902 467 4956 isba
480 4903 567 4974 λόγον,
581 4903 623 4956 καί
636 4903 677 4956 διὰ
698 4909 772 4959 τοῦτο
794 4907 901 4977 πρόοδον
919 4909 1064 4975 πεποιῆσθαι
1077 4908 1118 4961 διὰ
1167 4913 1197 4981 τῇ
1211 4909 1264 4962 καθ’
1277 4909 1425 4976 θπίστασιν,
1443 4911 1556 4983 σημαίνει
1570 4911 1648 4984 τομὴ
1669 4913 1783 4983 πρότιρον
1797 4898 1905 4960 &mxli

348 4990 391 5055 τῆς
409 4985 480 5058 ἁγίας
503 4986 631 5057 παρθίνον·
658 4988 698 5040 καί
721 4994 808 5043 τοῦτον
835 4988 909 5043 αὐτὸν
933 4991 977 5044 τὸν
991 4991 1117 5063 ἄνθρωπον
1166 4989 1221 5044 σθαι
1235 4991 1279 5059 τὴν
1296 4991 1481 5065 impunitum,
1496 4994 1537 5046 καί
1551 4994 1629 5056 οθτως
1644 4992 1706 5066 abrit
1720 4987 1860 5046 etaetatis
1870 4977 1904 5047 eir
1988 5012 1989 5025 ¹

349 5068 527 5125 ἂκοτεθσῶσθαι
537 5075 573 5141 τῷ
583 5070 631 5141 θεῷ
646 5069 725 5143 λόγῳ.
1166 5074 1277 5143 θεθιητα·
1293 5074 1350 5128 ἀλλ’
1367 5077 1405 5129 ta
1418 5075 1472 5130 κατ’
1486 5076 1545 5131 abab
1562 5075 1757 5149 chlotovechus,
1771 5072 1811 5139 τὴν
1822 5066 1902 5140 amur

383 5168 399 5209 c
418 5153 533 5209 Drunsc·
558 5150 604 5215 Ὧς
614 5151 677 5224 ὁμοῦ
695 5155 806 5225 γενέσθαι
822 5153 932 5227 chapter,
947 5153 991 5223 thr
1008 5156 1117 5229 πρόσλη-
1166 5156 1243 5231 ἀρχὴν
1257 5158 1340 5224 lucro
1353 5164 1384 5232 τῇ
1397 5160 1503 5228 irisan.

347 5236 397 5308 ψιν,
408 5235 452 5304 τὴν
466 5233 575 5307 inspira,
586 5234 631 5301 τὴν
640 5235 726 5290 θέωσιν
737 5235 811 5305 airh(
824 5236 872 5291 berb
886 5232 1025 5310 τοῦλόγου.
1200 5239 1220 5294 lt
1237 5241 1298 5297 Act.
1312 5258 1342 5297 111
1364 5243 1438 5315 Sept.
1460 5258 1522 5313 syn.
1548 5250 1615 5299 tom.
1637 5242 1757 5300 Venno.
1778 5230 1900 5299 ’ffl'iw'

381 5317 404 5374 d
421 5317 490 5375 thid.
509 5316 562 5370 'ils
578 5318 630 5389 ἅμα
643 5316 793 5392 indilatae,
807 5320 847 5374 καί
861 5319 877 5387 ἡ
891 5319 1116 5394 θπαρξιςτεθσνμα·
1165 5323 1238 5395 pirou
1251 5324 1327 5399 ταύτῃ
1342 5322 1366 5388 ii
1376 5325 1451 5398 ἄκρας
1460 5326 1611 5398 reliditur.

373 5506 385 5550 t
400 5506 448 5552 mn.
457 5506 496 5559 nr,
508 5519 528 5552 ιι.
538 5518 586 5559 nn,
600 5507 646 5564 Η.

1975 5880 1985 6135 l
