3994 6164
329 258 389 318 111
838 258 1166 323 THEOLOGICORUM
1186 258 1404 322 DOGNATUM

330 440 401 500 quae
414 426 515 500 potest
528 422 701 485 incarnatio
715 440 780 484 esse
794 441 868 484 vera
877 442 915 483 ex
926 429 1015 485 utero
1025 425 1095 483 Vir-
1146 430 1323 503 susceptum
1341 443 1361 484 a
1374 423 1462 485 nobis
1475 426 1508 488 in
1531 428 1590 488 hoo
1603 442 1668 487 uno
1686 426 1892 504 senescant

329 514 410 592 ginis
422 514 636 591 seminecum
649 515 682 575 in
691 516 781 576 illum
792 515 918 577 aliunde
931 516 1097 594 importata
1145 514 1372 576 affirmaremus
1387 520 1527 579 muctam
1541 519 1705 598 Virginem
1720 535 1782 578 esse
1795 527 1891 579 tenatos

330 624 413 679 caro,
427 625 493 668 non
504 624 588 669 exeo
600 608 743 681 delibata,
764 608 930 686 genitasque
949 608 1067 668 dicatur
1081 607 1097 667 1
1146 605 1238 666 idest
1260 606 1318 667 Dei
1336 613 1521 685 genitricem.
1547 610 1640 690 Atqrn
1655 610 1680 670 si
1694 610 1732 669 de
1744 609 1825 680 coelo,
1839 627 1891 668 uon

331 698 380 758 Ita
394 716 495 778 neque
509 699 563 759 Dei
577 706 687 776 mater,
713 718 749 760 ac
771 717 811 759 ne
835 698 949 759 Christi
970 698 1096 778 paridem
1146 714 1182 758 οιι
1197 697 1322 776 Virgine
1336 698 1412 778 ipsa,
1428 700 1543 761 iactum
1554 719 1618 762 csse
1629 700 1760 761 dicimus
1771 704 1892 760 sanctum

329 789 438 849 haberi
463 790 656 851 sanctissima
687 792 781 870 Virgo
816 790 928 851 merito
960 790 1093 852 debebit.
1146 805 1258 868 corpus
1291 792 1454 852 servatoris
1488 792 1631 853 omnium
1664 796 1802 853 nostrum
1831 791 1891 851 lesu

330 881 409 942 Nam
422 900 480 942 nec
493 882 1093 962 divinitaaperseseortumexeacoepit:
1146 879 1269 955 Christi,
1294 882 1349 960 qui
1374 883 1499 944 tandem
1519 884 1734 988 intelligemus
1747 882 1891 943 illamesse

327 990 429 1052 neque
456 992 538 1050 caro,
561 992 656 1053 quam
674 993 691 1035 c
706 976 782 1035 coelo
796 974 930 1035 delatam
942 975 1096 1053 Eutyches
1144 971 1197 1031 Dei
1214 972 1393 1049 genitricem
1406 974 1422 1034 1
1437 976 1536 1048 Quem
1549 976 1635 1036 enim
1650 974 1777 1035 omnino
1790 973 1889 1051 genuit,

327 1066 470 1145 opinatus
498 1071 567 1141 est;
597 1085 656 1128 nee
678 1067 743 1146 ipse
764 1073 918 1145 postremo
946 1084 1038 1138 unus,
1063 1072 1095 1127 et
1143 1063 1203 1123 nisi
1216 1082 1326 1124 verum
1339 1066 1379 1125 sit
1381 1065 1890 1153 ,genitumabeaseeuudumcar

326 1164 470 1218 constans
497 1177 536 1219 ex
548 1163 681 1237 utroque
706 1159 870 1220 Christus:
886 1159 936 1219 cui
956 1158 1036 1219 nihil
1055 1177 1094 1219 ex
1143 1173 1216 1215 nem
1231 1157 1486 1219 Emmanuelcmt
1498 1158 1538 1218 1ο

326 1249 433 1311 Marias
452 1269 544 1311 carne
560 1251 739 1330 decerptum
755 1250 921 1312 tribuitur:
938 1250 990 1310 sed
1003 1268 1092 1328 aqrrae
1183 1248 1249 1321 Quo
1263 1249 1340 1310 ulud
1351 1250 1400 1310 re
1398 1251 1459 1310 erri
1480 1251 1572 1311 dehet
1588 1248 1664 1309 abbi
1678 1267 1697 1309 a
1711 1248 1798 1309 nolus
1809 1248 1891 1308 adno-

325 1359 412 1403 more
436 1361 491 1421 per
511 1343 650 1404 canalem
669 1348 833 1421 erumpent
833 1344 870 1415 is,
894 1342 1022 1402 nonnisi
1038 1360 1093 1421 per
1143 1344 1242 1401 tatum
1259 1338 1481 1414 1,νοοο1ιιιΙιιιο
1495 1351 1569 1403 τίκτω
1579 1359 1645 1401 non
1658 1338 1888 1418 tautumsigoih-

325 1451 394 1493 eam
408 1434 553 1496 transisse
567 1435 712 1495 creditur.
734 1436 846 1513 Earuis
862 1440 968 1494 autem
980 1433 1092 1494 tubum
1143 1450 1224 1507 care,
1239 1451 1356 1512 parere,
1371 1434 1424 1494 sed
1437 1434 1532 1495 etiam
1544 1433 1679 1513 pignere,
1694 1437 1761 1494 tum
1772 1432 1807 1493 de
1819 1438 1889 1511 patre

324 1542 359 1585 ac
372 1524 509 1585 fistulam
513 1545 635 1606 ,aquea
652 1532 687 1586 ut
700 1527 742 1586 ita
760 1526 889 1586 dixerim
893 1532 1089 1605 ,parentem
1142 1524 1240 1583 nihilo
1254 1524 1351 1585 secius
1364 1543 1400 1585 ac
1413 1525 1451 1586 de
1469 1530 1568 1586 matre
1588 1524 1733 1604 usurpari
1746 1522 1889 1603 passimab

323 1615 414 1676 idest
433 1618 585 1696 originem
608 1618 778 1679 nominet?
798 1618 980 1678 Prorsusab
994 1618 1089 1696 fonte,
1141 1616 1317 1676 auctoribus
1339 1617 1459 1678 Grecis.
1483 1616 1571 1677 Unde
1594 1625 1709 1686 θεοτοκος
1727 1634 1788 1675 non
1804 1613 1889 1674 solum

323 1725 388 1767 non
414 1708 454 1768 ab
478 1709 599 1770 canali
591 1728 632 1783 rs,
653 1710 707 1788 qui
731 1728 786 1788 per
810 1727 883 1770 cum
909 1714 1187 1784 transmeasset
1201 1727 1271 1788 qrrae
1285 1709 1413 1789 peperat,
1390 1710 1466 1769 tid
1482 1708 1620 1770 estlndit
1647 1714 1783 1769 exntero
1796 1709 1888 1780 ileum,

321 1797 425 1877 liquor
438 1801 514 1861 orirr
505 1801 650 1862 dieitur.
666 1803 705 1861 Et
720 1801 833 1862 frustra
857 1802 1093 1862 Nestoriornvi·
1141 1800 1304 1861 sedetiam
1325 1787 1519 1882 quaey'enuit
1540 1802 1650 1878 ltaqtoe
1664 1798 1825 1873 Nestorius,
1845 1796 1889 1876 qui

321 1889 405 1950 diam
417 1892 555 1972 Eutyhes
575 1893 723 1967 iaciebat,
742 1911 814 1954 eum
832 1892 1025 1953 tolerabilius
1040 1893 1091 1954 ille
1142 1893 1261 1952 Deum
1253 1912 1287 1952 ιο
1301 1892 1437 1971 Virginis
1457 1898 1545 1953 ntero
1559 1910 1634 1953 cum
1653 1892 1889 1952 lromineuteum-

322 1981 360 2042 de
377 1983 497 2045 Christo
501 1986 649 2064 ,ejusque
663 1985 823 2062 genitrice,
837 2002 937 2064 quam
950 1984 1007 2045 iste
1020 2003 1090 2045 sen·
1141 2002 1201 2062 que
1215 1983 1394 2063 copulatum
1407 1985 1571 2060 asserebat,
1588 2003 1629 2045 ex
1642 2002 1739 2063 eaque
1748 1982 1889 2061 junctione

321 2075 406 2150 serit,
425 2077 539 2155 quippe
562 2078 620 2137 salt
607 2083 671 2138 tem
683 2077 818 2138 hominis
833 2076 947 2137 Christi
960 2084 1092 2138 matrem
1141 2076 1301 2137 hominem
1313 2077 1459 2155 eppehari
1473 2076 1600 2156 coepisse
1616 2077 1727 2147 Deum,
1734 2080 1889 2136 nontamen
1916 2080 1970 2173 terp

322 2165 480 2229 Nestorius
490 2169 651 2247 Vrrgrnem
665 2174 907 2249 essepassusest:
922 2169 1006 2247 qrrod
1018 2169 1255 2231 burctsottaov
1289 2168 1394 2228 vocari
1427 2169 1562 2247 patiebat
1563 2187 1601 2228 nr
1637 2167 1809 2245 Virginem,
1845 2166 1889 2227 sed
1910 2188 1970 2233 nas

323 2258 440 2319 ademit
454 2260 617 2339 Eutyches.
1141 2269 1268 2341 θεοδόχον,
1277 2261 1361 2338 quod
1373 2261 1471 2320 Deum
1485 2261 1571 2322 velut
1583 2259 1720 2340 hospitio
1733 2241 1970 2336 excepisset*

362 2349 537 2411 Ferrandus
564 2352 718 2412 Diaconos
744 2351 991 2430 Carthaginensis
1019 2353 1091 2412 Ful·
1143 2352 1326 2431 utCyriNus
1339 2349 1467 2412 retent.

323 2441 420 2518 gentil
445 2442 612 2522 discipulus
639 2443 672 2503 in
700 2443 830 2523 epistola
848 2442 888 2503 nd
904 2443 1091 2520 Anatolium,
1182 2443 1368 2522 Atquinihil
1389 2448 1455 2504 erat
1475 2444 1559 2522 qnod
1572 2453 1690 2506 teoataou
1707 2460 1815 2503 nomeu
1827 2441 1889 2501 adeo

327 2554 340 2590 a
356 2534 437 2607 Duo,
453 2535 554 2613 inquit
569 2534 591 2607 ¹,
607 2540 762 2614 qnantum
774 2535 906 2614 legimus
920 2536 1033 2596 erroris
1045 2537 1093 2597 sui
1143 2535 1310 2613 refugeret,
1326 2534 1351 2595 si
1361 2534 1393 2595 id
1405 2540 1484 2595 esset
1497 2535 1610 2595 solum.
1625 2553 1741 2616 parere,
1756 2535 1811 2595 hoo
1822 2531 1890 2593 estin
1970 2520 1971 2593 1

322 2625 384 2685 1ο1ο
404 2628 545 2705 portabat
573 2627 736 2705 Eutyches,
763 2627 847 2687 nude
870 2634 1035 2689 exeuntem
1054 2629 1093 2690 de
1145 2626 1238 2687 lacon
1250 2624 1398 2706 effundere
1411 2644 1451 2686 ex
1463 2629 1564 2703 utero,
1581 2646 1678 2705 quern
1692 2627 1890 2706 utiqueDeum

325 2717 489 2778 Dominioo
516 2717 613 2780 latere
647 2724 797 2797 tanquam
827 2718 964 2798 perfidus
991 2720 1092 2794 miles,
1144 2718 1251 2780 haberi
1264 2718 1481 2797 nominarique
1495 2737 1551 2779 suo
1568 2719 1677 2794 modo,
1698 2734 1891 2779 aoseusunon

324 2809 488 2870 vulnerare
507 2809 650 2890 cupiebat
663 2810 841 2871 Ecclesiam.
868 2811 990 2889 Negans
1011 2811 1095 2872 enim
1144 2810 1310 2890 improbat.
1326 2810 1388 2870 Sed
1405 2809 1557 2871 nimirum
1579 2810 1782 2889 intelligebat,
1801 2824 1892 2868 voccm

324 2900 453 2962 Mariam
480 2921 602 2982 semper
634 2902 794 2980 Virginem
830 2902 927 2962 sancti
962 2903 1095 2981 Spiritus
1144 2902 1231 2963 illam
1247 2911 1359 2964 θεοτόκον
1379 2901 1418 2962 ad
1440 2920 1510 2963 eam
1532 2902 1791 2982 pertinereque
1810 2902 1892 2961 [1οιιοι

326 3000 474 3071 operante
486 2994 601 3054 virtute
619 2994 777 3054 nascituro
791 3012 829 3054 ex
841 2993 987 3055 humanis
998 2995 1094 3055 visee-
1144 2999 1296 3075 parauisset,
1312 2999 1344 3054 et
1365 2993 1519 3073 originem
1539 2994 1569 3055 ei
1588 2994 1722 3056 dedisset
1743 2992 1892 3054 secundum

325 3083 412 3144 ribus
439 3084 602 3162 unigenito
624 3087 686 3146 Deo
712 3085 813 3146 carnis
840 3104 904 3146 suoe
932 3088 1096 3149 materiam
1145 3103 1282 3147 carnem.

326 3176 526 3250 ministrasse,
552 3176 848 3239 consubstantialem
875 3177 976 3238 filiurn
1002 3179 1095 3240 matri
1185 3178 1242 3238 Xl.
1257 3178 1394 3237 loannes
1417 3176 1571 3236 secundus
1595 3177 1758 3238 Romanus
1775 3174 1892 3256 pontilex

325 3266 414 3328 fateri
429 3269 592 3328 nolebat.»
1145 3269 1178 3330 in
1193 3266 1520 3348 epistolasecundaod
1537 3268 1736 3375 Avienum3o
1738 3264 1892 3350 lioaqueSc·

155 3387 254 3441 pam
267 3397 302 3430 vo
367 3360 463 3421 X.Ut
476 3361 515 3421 de
528 3368 662 3436 θιοτόκοο,
684 3361 715 3421 id
730 3366 776 3422 est
790 3359 927 3441 Dcipcrce
945 3362 1095 3424 vocabulo
1144 3358 1283 3421 notor⁶es
1287 3362 1512 3439 ,rPropterea
1536 3379 1622 3439 ergo,
1640 3363 1714 3441 qnia
1732 3360 1892 3442 proprie,et

189 3442 268 3505 ennato
326 3450 921 3532 potrssrmumagam,nonnunush1nc
940 3454 1096 3516 adversari
1143 3453 1307 3528 veraciter,
1322 3452 1435 3531 inquit,
1452 3451 1510 3512 Dei
1529 3453 1624 3513 Filius
1641 3454 1892 3516 exeoincarnatns

155 3506 199 3539 11011
227 3495 302 3538 minus

169 3549 296 3658 Εἰηιιιῐιοοιιὴιθοήι
327 3542 473 3622 Eutychis
490 3545 645 3620 haeresim,
668 3563 763 3623 quam
785 3545 858 3605 Nest
845 3546 928 3618 torii,
951 3546 1095 3607 demons·
1145 3549 1209 3619 est;
1221 3544 1290 3605 ideo
1305 3543 1440 3623 proprie,
1454 3550 1485 3604 ct
1495 3545 1647 3606 veraciter
1664 3553 1791 3606 matrem
1803 3545 1848 3604 Dei
1861 3557 1892 3600 ex

178 3656 275 3707 aaron,
327 3638 389 3694 trat
403 3635 511 3713 Cyrilli
525 3635 678 3696 sententia
690 3637 844 3714 quaedam,
859 3653 1001 3715 quamex
1015 3638 1094 3718 epis·
1144 3654 1181 3697 ea
1194 3635 1357 3712 incarnati,
1374 3641 1404 3695 et
1417 3635 1482 3695 nati
1497 3654 1562 3697 csse
1584 3638 1792 3698 confitemur:
1813 3636 1845 3695 Et
1859 3648 1891 3691 ue

154 3721 292 3806 pffiffi,
326 3726 389 3787 tola
401 3727 461 3788 ad
453 3733 670 3805 imperatorem
680 3727 898 3799 Theodosium,
913 3729 986 3789 citat
1002 3730 1021 3788 J
1023 3730 1096 3790 ustr
1146 3728 1294 3788 Dominus
1307 3728 1397 3787 lesus
1409 3745 1465 3806 per
1482 3726 1763 3832 honorificentiam,
1777 3726 1822 3788 rel
1832 3742 1890 3804 gra·

325 3819 438 3880 nianus
451 3820 678 3899 imperatorin
702 3819 821 3899 Tppo¹,
841 3821 984 3899 quemad
998 3823 1094 3899 quin·
1143 3819 1220 3879 tiam
1244 3818 1298 3878 Dei
1325 3836 1442 3879 nomen
1468 3819 1621 3898 accepisse
1650 3821 1799 3892 credatur,
1825 3817 1891 3876 sient

324 3914 388 3971 tam
398 3911 554 3991 synodum
565 3911 1095 3992 scripsitExstatauteminepistola
1143 3910 1301 3971 Nestorius
1327 3909 1421 3971 sentit
1444 3911 1590 3972 insulsus.
1619 3911 1776 3974 Veraciter
1802 3913 1891 3968 autem

325 4003 462 4080 ejusdem
471 4002 767 4083 Cyribindloanncm
777 4002 1093 4066 societatemn
1142 4003 1224 4076 ideo,
1251 4019 1291 4063 ne
1312 4002 1492 4079 phantasma
1519 4007 1574 4063 aut
1596 4003 1702 4084 aliquo
1723 4003 1819 4075 modo,
1837 4015 1890 4059 uon
1953 4023 1958 4031 ·

324 4094 419 4172 igitur
432 4101 590 4157 accusatus
608 4095 647 4156 ab
670 4095 926 4156 obtrectatoribus
942 4103 1019 4157 esset
1036 4097 1091 4176 Cy·
1140 4112 1248 4155 reram
1256 4094 1421 4173 sumpsisse
1430 4113 1556 4156 carnem
1566 4095 1710 4157 credatur
1722 4113 1757 4157 ex
1770 4092 1888 4171 Virgine,

324 4185 422 4258 rillus,
440 4184 523 4265 quod
538 4187 652 4247 Christi
666 4205 777 4267 corpus
786 4204 851 4247 non
865 4206 903 4248 ex
917 4188 951 4247 Β.
960 4188 1090 4266 Virgine
1140 4187 1219 4248 sicut
1233 4187 1363 4247 asseruit
1372 4186 1486 4266 impius
1501 4188 1670 4265 Eutyches.
1684 4209 1700 4246 ο
1718 4188 1772 4248 llio
1790 4184 1888 4246 unius·

324 4285 497 4358 sumptum,
513 4279 566 4339 sed
580 4297 597 4339 e
611 4278 688 4340 coelo
708 4279 868 4359 delapsum
885 4296 950 4339 esse
964 4279 1090 4357 diceret,
1140 4297 1201 4358 que
1215 4296 1321 4339 causas
1330 4279 1471 4359 exposuit
1484 4279 1634 4358 pontifex,
1655 4298 1711 4341 cur
1723 4284 1784 4339 tam
1797 4277 1889 4337 Nesto·

324 4387 361 4430 eo
374 4377 559 4447 argumento
573 4371 761 4432 calumniam
775 4371 1091 4450 mfehitistm,quod
1139 4372 1215 4447 rius,
1230 4388 1325 4449 qoam
1338 4371 1502 4450 Eutyches,
1519 4380 1633 4433 οεοτόκοο
1647 4371 1832 4443 vocabulum,
1845 4364 1887 4425 ille
1920 4360 1972 4414 11111

324 4461 393 4522 11οοί
408 4463 527 4541 nequit,
544 4470 578 4525 ut
593 4463 777 4542 quiescatur
790 4481 856 4524 esse
869 4462 999 4524 Mariam
1013 4482 1092 4525 asse-
1139 4481 1185 4539 re,
1201 4481 1237 4523 ac
1259 4462 1354 4522 verbo
1369 4482 1376 4537 ;
1399 4463 1466 4537 iste,
1486 4481 1520 4523 re
1539 4465 1699 4533 duntaxat,
1715 4461 1885 4543 respuerent·

324 4557 421 4628 verat,
431 4554 458 4613 is
471 4555 528 4614 Dei
541 4573 667 4616 carnem
679 4574 745 4615 non
759 4574 798 4616 ex
816 4555 1000 4635 eugenitem
1014 4555 1090 4616 exis
1140 4554 1296 4615 Nimirum
1316 4555 1400 4633 quod
1421 4555 1577 4616 Nestorius
1590 4574 1655 4617 non
1669 4548 1888 4636 pennatulus

324 4643 425 4705 timet.
460 4646 752 4722 «Animadvertere,
779 4647 891 4725 inquit,
920 4665 972 4708 eos
998 4647 1091 4726 plane
1139 4652 1219 4723 tum,
1240 4645 1302 4706 sive
1322 4645 1485 4709 homiuem
1506 4648 1541 4707 in
1554 4649 1659 4709 Verbo
1678 4648 1885 4711 subsistentem,

323 4735 401 4797 illud
416 4737 587 4816 oportebat,
602 4743 703 4799 totum
712 4744 791 4819 pene
801 4743 957 4800 certamen
963 4757 1020 4818 pro
1031 4738 1090 4800 tide
1134 4737 1261 4819 proprie
1274 4756 1339 4799 esse
1349 4739 1450 4799 Deum
1466 4759 1473 4800 :
1487 4740 1642 4819 Eutyches
1654 4759 1739 4817 vero,
1752 4737 1804 4819 qui
1815 4747 1887 4794 eum·

361 4929 382 4970 a
402 4916 511 4970 Ctnltt..
532 4913 606 4969 ’Ἔδει
629 4922 713 4986 σαφῶς
737 4915 825 4981 ἔννοῖν,
855 4919 893 4971 ὅτι
919 4917 1008 4990 σχεδὸν
1030 4919 1092 4979 ἅπας
1140 4934 1229 4988 φαμεν,
1244 4918 1288 4969 τοῦ
1301 4915 1399 4969 πάντων
1413 4915 1484 4989 ἡμῶν
1499 4923 1610 4989 σωτῆρος
1626 4919 1740 4991 Χριστοῦ,
1755 4919 1803 4977 πῶς
1819 4908 1886 4965 hta

324 4995 383 5069 ἡμῖν
397 4997 411 5050 ὁ
425 4999 478 5070 περὶ
492 5003 534 5066 τῆς
543 4999 646 5061 πίστεως
660 4999 726 5072 ὄγὼν
741 5001 927 5072 συγκεκρότηται
941 5000 1092 5052 διαὸεὸαιοο-
1140 5001 1225 5052 νοοῖτο
1246 4999 1373 5065 iterduca,
1397 5000 1452 5053 τ1να
1474 5001 1521 5074 γὰρ
1546 5001 1611 5065 ὅλως
1636 5003 1741 5067 τέτοκεν,
1756 4998 1776 5052 εἰ
1789 4996 1819 5070 μή
1832 4993 1885 5047 tant

213 5092 219 5101 ·
326 5081 459 5152 patranda
480 5082 592 5146 iterduca
607 5081 670 5137 ἕοτὶν
691 5084 706 5151 ἡ
727 5082 785 5154 ἇγ1α
799 5083 923 5155 παρθένος.
946 5080 1002 5134 ἀλλ’
1025 5080 1093 5153 εἴπερ
1143 5080 1239 5151 ἀληθὲς,
1254 5083 1293 5136 ὅτι
1306 5083 1434 5155 γεγέννηκε
1447 5084 1510 5138 κατὰ
1523 5086 1602 5158 σάρκα
1611 5085 1653 5140 τὸν
1668 5080 1835 5157 'anwilt

325 5158 528 5235 1ξοῦροινοῖι,ιια1
542 5164 587 5219 οὐκ
601 5164 625 5227 ἐξ
636 5164 710 5233 αὐτῆς
724 5166 754 5219 το
765 5167 835 5237 ἅγιον
857 5171 931 5236 σῶμα
951 5162 1094 5236 γεγενῆσθαί

324 5385 338 5427 ⁵
351 5323 368 5429 ἒ
379 5325 441 5370 111οιιι.
454 5325 744 5434 111681τ111ο111ὶιρᾶνοοιμ
754 5326 769 5370 t
781 5325 839 5370 lust.
851 5325 874 5369 tn
887 5330 903 5370 t.
915 5325 941 5370 111
950 5325 1045 5370 Cone·-
1058 5325 1072 5370 ³
1085 5324 1147 5370 Τοπι.
1158 5326 1174 5367 V
1187 5324 1236 5383 Cpr.
1250 5325 1272 5370 io
1282 5325 1368 5381 ‹ta-t
1381 5324 1443 5371 Tam.
1454 5327 1483 5380 ll,
1497 5327 1535 5375 lib.
1548 5327 1579 5373 111
1588 5329 1615 5375 dc
1626 5328 1703 5376 trinit.
1717 5337 1763 5384 cap·
1775 5334 1803 5375 tl,
1812 5316 1884 5378 111·

370 5398 480 5441 prun·
536 5399 581 5434 om.
658 5400 692 5434 ιιο.
