3994 6164
319 235 379 294 m
844 223 1170 290 rnnonoclconunl
1191 225 1409 291 manarunt

321 413 430 459 rursus
443 400 574 476 urgente
587 393 1088 469 catholico;etutmentemsuam
1136 389 1199 452 tola
1221 392 1262 454 od
1288 394 1422 470 Ledam,
1450 413 1512 476 qua
1540 412 1669 458 eausam
1693 394 1849 476 Eutychis,
1870 402 1897 458 et

322 488 466 550 disertius
490 488 656 567 expliraret
675 487 841 547 hortante:
866 483 944 544 nihil
971 483 1088 543 hiscere
1138 484 1369 548 damnationem
1384 487 1528 568 explicat,
1551 490 1668 569 dogma
1681 488 1765 549 illius
1778 488 1898 549 declarat

324 580 408 641 aliud
422 579 552 640 sustinet
563 579 728 651 Eranisles,
743 577 881 649 nisiben,
895 593 928 636 se
941 576 975 635 in
990 574 1091 653 Scrip
1138 576 1172 636 in
1195 576 1279 639 huno
1304 579 1452 641 modum:
1477 602 1493 639 e
1511 581 1591 643 Auta
1616 580 1898 643 inhumanationem
1931 612 1966 661 ,ny

323 678 405 748 tura,
423 672 574 748 Verbum,
603 676 634 730 et
651 687 788 738 carnem,
806 669 866 729 hoc
889 674 935 729 est
961 672 1088 728 natruss
1140 668 1266 747 quidem
1288 672 1454 734 Salvatoris
1468 673 1566 735 nostri
1583 674 1661 735 lesu
1686 673 1811 747 Christi,
1832 673 1899 735 daos
1925 668 1966 763 yffi

323 766 399 826 diras
411 765 524 844 legere,
541 769 572 824 et
584 781 636 824 eas
649 762 781 823 subinde
792 778 893 822 uuum
905 777 969 822 esse
982 759 1086 835 factas,
1140 766 1267 823 naturas
1277 782 1353 841 esse,
1367 765 1539 831 divinitatis
1551 772 1583 827 et
1597 764 1806 826 humanitatis
1821 784 1828 825 :
1842 771 1899 843 post
1917 772 1966 833 aas

323 857 474 918 nimirum
487 874 595 930 unam,
611 860 647 915 ut
664 854 791 934 quidem
815 851 1086 932 interpretabatur,
1141 853 1316 916 unitionem
1341 874 1428 934 vero,
1457 876 1553 918 unam
1581 864 1734 918 nutrirem
1754 856 1895 918 factam.»
1930 832 1966 875 Μ

325 954 479 1009 naturam.
1140 944 1217 1019 Hoc,
1234 946 1292 1007 nisi
1307 947 1455 1009 alterutra
1467 955 1665 1029 consumpta,
1689 954 1722 1010 et
1734 948 1768 1008 in
1785 947 1899 1010 alteram

363 1040 656 1103 Praeclareomnino
671 1039 783 1100 dehoc
797 1038 944 1119 Eutychis
970 1038 1087 1117 inepto,
1140 1045 1259 1099 mutata
1269 1058 1277 1114 ;
1293 1040 1342 1101 vel
1366 1041 1486 1102 duabus
1504 1042 1660 1119 extinctis,
1686 1046 1720 1102 et
1739 1041 1773 1101 in
1785 1040 1899 1102 alteram

324 1151 360 1193 ao
373 1150 479 1194 secum
492 1140 651 1213 pugnante
664 1130 785 1206 delirio,
797 1130 944 1206 Gelasius,
960 1148 1025 1190 non
1038 1130 1089 1190 ille
1141 1132 1296 1192 conversis
1307 1151 1315 1207 ;
1336 1133 1386 1193 vel
1405 1139 1485 1194 certe
1506 1133 1636 1213 integris
1657 1132 1861 1205 manentibus,
1874 1136 1900 1193 et

324 1225 505 1304 Cyzicenus,
520 1230 555 1286 ut
568 1225 626 1285 viri
641 1223 722 1286 docti
735 1223 933 1285 crediderunt
943 1220 966 1296 ¹,
980 1222 1089 1298 futilis,
1141 1223 1179 1282 ad
1190 1223 1313 1285 tertiam
1326 1225 1523 1286 conflandam
1536 1224 1900 1299 coeuntibus,fieri,intel-

324 1323 355 1378 et
368 1318 491 1398 ineptus
504 1318 645 1398 scriptor,
661 1316 715 1377 sed
728 1314 782 1395 qui
796 1314 958 1394 episcopus
972 1316 1088 1375 Roma·
1141 1313 1232 1393 ligive
1245 1334 1311 1376 nou
1330 1318 1440 1397 potuit.
1462 1318 1605 1379 Totidem
1619 1317 1791 1378 modorum
1810 1316 1899 1396 aliquo

228 1400 231 1405 ¹
324 1427 385 1469 nus
393 1410 583 1483 inscribitur,
604 1414 636 1470 et
654 1427 672 1468 a
690 1406 853 1484 Fulgentio
868 1405 891 1481 ²,
912 1405 965 1485 qrri
981 1404 1092 1466 Gelasii

326 1504 417 1579 Papae
430 1507 570 1580 tempore
582 1500 667 1574 vixit,
688 1519 725 1560 eo
739 1499 867 1561 nomine
881 1499 1004 1574 citatur,
1015 1497 1093 1558 Lati-

326 1612 387 1654 nus
401 1599 519 1670 auctor,
535 1598 567 1654 et
579 1593 714 1671 elegans,
727 1598 809 1653 recte
821 1591 918 1671 igitur
931 1590 982 1651 ille
996 1590 1092 1670 Euty·

325 1685 416 1746 chem
443 1685 584 1746 observat
602 1685 636 1744 in
660 1683 803 1760 Nestorii,
829 1702 847 1744 a
869 1701 930 1762 qua
958 1682 1093 1743 maxime

326 1777 521 1853 abhorrebat,
536 1776 680 1838 haeresim
693 1775 869 1851 incurrisse,
884 1775 961 1836 dum
967 1780 1094 1835 naturas

325 1874 397 1931 ante
411 1869 561 1931 unionem
568 1870 645 1930 duas
654 1869 698 1929 ait
708 1866 874 1930 exstitisse:
887 1868 985 1928 'lanta
993 1865 1095 1927 homi·

326 1962 375 2023 nis
385 1961 546 2035 stoliditas,
564 1966 595 2023 et
607 1959 763 2041 imperitia
775 1960 844 2021 fuit.
855 1958 979 2020 Etenim
993 1980 1008 2017 a
1017 1958 1043 2019 si
1052 1958 1094 2019 sic

326 2054 514 2133 Eutychiani
532 2054 630 2116 velint
647 2052 756 2133 accipi,
777 2053 822 2114 ait
832 2052 971 2113 Gelasius
983 2048 1006 2125 ⁸,
1022 2058 1095 2112 ante

326 2146 546 2207 adunationem
570 2146 647 2206 duas
673 2144 778 2222 fuisse,
808 2142 841 2204 in
866 2150 956 2205 utero
982 2142 1095 2204 seilicet

326 2244 481 2316 materno,
500 2256 575 2316 ergo
596 2237 655 2298 fuit
673 2237 718 2297 ibi
731 2238 857 2316 aliquod
878 2233 1090 2310 interstitium,

328 2348 390 2409 quo
405 2336 475 2391 ante
489 2329 770 2390 adunationemsui
784 2329 851 2390 istae
866 2334 986 2389 naturae
1000 2332 1095 2407 puta·

327 2428 436 2483 rentur
448 2422 541 2482 fuisse
552 2421 702 2495 discretae,
710 2425 741 2481 et
749 2421 782 2481 in
790 2421 1010 2482 adunationem
1024 2436 1094 2498 pos-

326 2519 377 2575 tea
388 2514 576 2575 marcuisse.
586 2513 714 2574 Redolet
726 2513 777 2574 hie
791 2514 951 2574 Nestorius
966 2533 973 2572 ι
986 2512 1096 2591 utique

327 2606 380 2667 ille
408 2606 485 2666 dixit
511 2605 545 2665 in
576 2609 683 2685 partu,
719 2605 902 2683 nudumque
935 2603 1095 2665 hominem

327 2698 473 2761 disseruit
488 2703 696 2778 procreatum,
705 2702 736 2757 et
744 2698 943 2777 postmodum
952 2696 985 2757 in
997 2699 1095 2759 Deum

327 2792 421 2853 fuisse
436 2796 629 2871 proveetum,
645 2810 660 2847 n
678 2795 737 2851 etc.
755 2791 860 2869 ltaque
870 2808 942 2852 cum
956 2790 1097 2851 Nestorio

328 2884 473 2945 convenit
485 2883 652 2962 Eutyches,
667 2884 820 2963 quatenus
840 2887 911 2943 ante
933 2882 1094 2955 unionem,

329 2983 474 3037 naturam
494 2976 667 3036 humanam
687 2979 857 3053 separatam
879 2975 1028 3035 exstitisse
1041 2975 1098 3035 do-

330 3068 417 3127 cuit:
442 3085 512 3146 qum
534 3072 640 3144 postea
666 3066 782 3127 unione
808 3066 874 3145 ipss
900 3084 973 3128 cum
993 3067 1098 3127 divina

330 3159 453 3219 coaluit.
476 3157 572 3237 Atqui
596 3176 694 3219 anon
713 3157 799 3219 velut
812 3158 882 3219 duaa
905 3159 1095 3233 substantiae,

329 3251 432 3331 pergit
446 3251 529 3312 idern
545 3251 694 3328 Gelasius,
706 3251 851 3329 primitus
865 3251 1058 3327 exstiterunt,
1065 3251 1097 3312 id

331 3350 386 3419 est,
415 3343 512 3423 ipsius
538 3344 685 3405 humanas
711 3343 830 3419 formae,
860 3363 930 3423 quae
957 3348 1098 3423 suscepta

331 3443 388 3511 est,
404 3443 435 3497 et
448 3435 578 3511 deitatis,
590 3455 660 3515 quae
670 3436 813 3516 suscepit,
825 3442 861 3497 ut
870 3455 977 3497 earum
991 3443 1098 3517 postea

332 3527 479 3589 adunatio
506 3536 714 3608 sequeretur3
750 3529 802 3590 sed
837 3529 896 3590 hoc
928 3528 1096 3605 ineffabile,

331 3636 543 3698 magnumque
552 3620 737 3700 mysterium
745 3621 933 3682 adunatione
947 3622 987 3681 sit
995 3621 1098 3702 potius

331 3712 522 3789 inchoatum,
538 3720 569 3774 et
581 3713 648 3792 ipsa
662 3712 858 3773 inchoatione
865 3713 958 3792 hujus
971 3731 1099 3794 concep

332 3804 427 3866 tionis
440 3805 575 3865 unitum.
637 3803 642 3813 '

371 3897 427 3958 Vl.
453 3898 593 3958 Tertium
617 3895 817 3977 Eutychianos
845 3896 979 3977 perfidiae
1007 3902 1100 3977 eaput

333 3987 402 4064 brit,
418 3990 585 4069 etquidem
598 3989 802 4068 precipuum,
822 4007 857 4049 ac
869 3989 955 4050 velut
972 4018 1098 4072 χαρακτη·

334 4089 440 4160 presiate
464 4080 592 4142 haeresis
618 4080 713 4156 illius,
743 4080 826 4159 quod
854 4099 950 4142 uuam
977 4089 1100 4144 tantum

333 4172 517 4250 agnoscebat
525 4171 558 4233 in
566 4172 685 4232 Christo
699 4176 845 4233 naturam
856 4179 926 4253 post
937 4175 1097 4236 unionem.

333 4265 368 4325 ld
388 4283 427 4327 ex
448 4265 596 4345 Eutychis
624 4282 677 4325 ore
704 4264 800 4344 ipsius
828 4272 992 4346 exceptum
1009 4286 1101 4348 supra

333 4357 585 4419 memoravimus.
614 4357 700 4417 Idem
723 4358 786 4417 Leo
812 4360 905 4438 Papa,
923 4361 1098 4440 caeterique,

333 4468 411 4529 quos
422 4452 645 4526 recensuimus,
659 4455 690 4509 et
707 4467 785 4528 quos
813 4450 986 4530 omisimus,
1007 4452 1100 4513 innu-

333 4541 496 4603 merabiles
509 4540 561 4602 alii
575 4541 677 4603 testati
688 4545 771 4602 sunt.
789 4541 952 4606 Flavianus
971 4544 1004 4605 in
1017 4545 1100 4625 epis-

1142 1414 1279 1469 mcntem
1294 1427 1382 1470 suam
1399 1410 1598 1490 interpretari
1621 1410 1783 1489 Eutyches
1795 1408 1898 1483 debuit,

1142 1498 1166 1559 si
1181 1519 1245 1561 non
1270 1502 1470 1577 temulentus,
1499 1509 1553 1564 aut
1576 1501 1719 1562 furiosus
1735 1501 1774 1563 de
1795 1506 1900 1561 natura

1142 1592 1353 1672 singularitate
1365 1593 1438 1655 talia
1450 1594 1592 1675 garriret.
1607 1596 1649 1654 Et
1661 1591 1749 1654 varie
1761 1592 1800 1653 ab
1813 1598 1901 1653 aucto

1142 1684 1228 1745 ribus
1242 1703 1349 1747 sensus
1360 1686 1443 1748 illius
1456 1687 1598 1765 traditru,
1620 1686 1742 1767 quippe
1760 1691 1795 1745 ut
1807 1702 1899 1745 erran·

1142 1777 1221 1838 tium
1236 1784 1352 1840 temere
1365 1779 1481 1841 incerta
1494 1778 1623 1859 vestigia
1647 1782 1747 1839 sunt:
1763 1776 1804 1838 sic
1815 1776 1898 1838 herre-

1142 1870 1276 1932 tieorum
1298 1871 1464 1932 inconditae
1478 1890 1514 1933 ac
1527 1871 1666 1932 dissonae
1685 1873 1758 1933 sunt
1770 1886 1862 1946 voees,
1875 1872 1900 1927 et

1143 1963 1314 2024 sententia:
1323 1982 1382 2024 nec
1395 1962 1500 2024 minus
1511 1962 1669 2025 discordes
1681 1962 1765 2023 inter
1773 1977 1900 2039 se,quan1

1145 2072 1216 2115 cum
1250 2054 1378 2116 veritate
1412 2060 1596 2136 pugnantes.
1633 2054 1845 2114 Tbeodoretus
1872 2049 1899 2109 iu

1146 2143 1292 2225 Eutyches
1314 2144 1435 2221 haeresi,
1464 2146 1593 2205 «Deum
1624 2142 1735 2219 refert,
1760 2159 1799 2203 ex
1829 2138 1898 2200 illim

1145 2235 1259 2313 fabula,
1273 2237 1339 2298 sinc
1362 2236 1561 2297 conversione
1583 2250 1785 2306 conversum,
1802 2237 1831 2293 et
1842 2248 1898 2292 car·

1145 2347 1218 2389 nem
1234 2348 1299 2390 esse
1325 2329 1441 2390 factum
1458 2349 1465 2390 ε
1483 2351 1495 2388 ν
1523 2334 1559 2389 ut
1576 2328 1673 2409 paulo
1697 2330 1770 2387 ante
1795 2322 1897 2385 notau-

1144 2438 1216 2483 mus
1227 2418 1250 2480 ⁸.
1263 2421 1312 2482 Ad
1324 2421 1391 2482 haec
1404 2440 1490 2497 vero,
1504 2421 1588 2500 quod
1597 2439 1638 2481 ex
1650 2420 1762 2481 eodem
1774 2416 1899 2477 addimus

1144 2513 1374 2590 mod0,oelavis
1385 2513 1536 2589 suffixam,
1552 2517 1583 2572 et
1593 2513 1678 2573 cruci
1689 2510 1810 2572 affixam
1818 2506 1898 2568 fuisse
1965 2532 1966 2587 ,

1145 2603 1453 2686 incircumscriptam,
1465 2604 1757 2677 indeterminatam,
1765 2601 1900 2662 etincom·

1145 2697 1329 2777 prehensam
1348 2696 1507 2777 Unigeniti
1531 2696 1749 2771 divinitatem,
1776 2689 1897 2754 eamdem

1146 2789 1267 2867 tumulo
1295 2790 1473 2850 mandatam
1486 2789 1693 2851 resurrexisse
1707 2796 1733 2846 ⁶.
1747 2808 1761 2843 n
1965 2816 1966 2851 ν

1185 2881 1253 2942 VII.
1265 2883 1306 2942 At
1317 2882 1400 2942 idem
1406 2882 1621 2942 Theodoretus
1635 2881 1669 2942 in
1678 2878 1797 2956 dialogo
1807 2888 1897 2935 secun·

1145 2971 1196 3051 du,
1226 2974 1387 3035 Eranisten
1415 2972 1455 3056 (Is
1471 2979 1517 3035 est
1541 2971 1837 3053 Apollinaristarum,
1857 2961 1898 3023 vel

1145 3065 1411 3144 Eutychianorum
1444 3070 1594 3145 patronus
1628 3063 1754 3140 erroris,
1786 3056 1896 3139 quicum

1146 3158 1340 3219 Orthodoxus
1358 3156 1504 3239 disputat)
1529 3158 1573 3218 ita
1592 3155 1842 3237 pronuntiantem
1858 3147 1897 3206 in·

1146 3250 1289 3325 troducit,
1307 3256 1344 3311 ut
1364 3249 1523 3312 divinitate
1539 3249 1606 3311 sola
1630 3251 1788 3321 manente,
1801 3244 1896 3304 huma·

1147 3361 1221 3404 nam
1249 3343 1330 3403 dicat
1357 3343 1533 3422 absorptam
1555 3360 1622 3403 esse
1649 3347 1803 3403 naturam.
1831 3332 1897 3393 Nam

1147 3435 1311 3497 sciscitanti
1334 3434 1495 3511 catholico,
1518 3456 1530 3492 a
1546 3435 1706 3514 quomodo
1719 3435 1786 3513 post
1798 3421 1896 3486 unitio-

1146 3546 1230 3594 nem,
1247 3528 1370 3589 uuicam
1385 3532 1530 3588 naturam
1540 3529 1744 3607 agnosceret:
1760 3527 1897 3582 uuamex

1148 3620 1297 3681 ambabus
1323 3637 1421 3681 unam
1446 3637 1512 3681 csse
1538 3618 1727 3692 conflatam3
1756 3630 1795 3674 au
1815 3607 1896 3669 altera

1147 3711 1773 3792 manente,ertinctamputaretalteram:r
1788 3712 1898 3778 respon·

1148 3805 1210 3867 det:
1228 3804 1318 3885 «Ego
1345 3804 1538 3865 divinitatem
1558 3802 1607 3864 aio
1625 3800 1773 3864 mansisse
1787 3813 1794 3854 :
1808 3787 1897 3851 abbat

1147 3915 1221 3958 vero
1232 3896 1406 3977 absorptam
1420 3913 1485 3957 esse
1497 3895 1728 3956 humanitatem
1740 3888 1762 3950 ⁶.
1777 3908 1791 3945 ν

1188 3990 1268 4049 Tum
1295 3989 1389 4068 paulo
1418 3992 1489 4068 post
1521 3987 1653 4048 modum
1687 3982 1822 4063 explicat,
1845 3984 1896 4049 <1¹¹⁰

1148 4087 1308 4162 peractum
1320 4079 1401 4140 istud
1416 4084 1472 4157 est,
1498 4084 1539 4157 et,
1564 4080 1662 4139 «Non
1686 4069 1895 4165 extinctionem,

1149 4175 1204 4247 ait,
1221 4177 1389 4250 assumptae
1401 4177 1523 4232 natura
1536 4170 1686 4244 dicimus;
1702 4166 1753 4229 sed
1768 4159 1895 4223 muana-

1149 4285 1223 4328 nem
1250 4266 1283 4326 in
1307 4264 1477 4326 divinitatis
1502 4263 1781 4325 substantians»
1814 4253 1897 4322 Atque

1149 4359 1234 4420 idern
1248 4364 1339 4420 antea
1351 4366 1468 4439 σύγχυσιν
1484 4354 1508 4433 ⁸,
1523 4356 1552 4417 id
1569 4361 1615 4416 est
1629 4350 1822 4434 confusionem
1834 4337 1896 4396 dua·

1150 4470 1222 4513 rum
1236 4459 1420 4512 naturarum
1430 4447 1575 4530 usurpari
1590 4450 1739 4519 vetuerat,
1750 4421 1897 4503 cumssstffl·

1151 4544 1275 4607 ominus
1298 4542 1506 4605 natiuasduas
1517 4520 1896 4621 abnegaretilterempltml

370 4747 391 4787 α
408 4731 513 4789 Tanos.
531 4729 578 4786 lib.
594 4729 630 4786 lv
648 4736 752 4787 contra
765 4736 843 4788 Her.
860 4748 920 4804 cap.
935 4749 993 4791 rur.
1007 4734 1055 4791 Καὶ
1068 4741 1105 4808 τῷ
1153 4736 1239 4807 piar,
1251 4734 1285 4798 ὡς
1298 4736 1354 4806 μιᾶς
1368 4731 1392 4795 a
1404 4731 1494 4805 ἀμφοῖν
1502 4731 1669 4803 praetensi
1684 4728 1718 4789 bs
1729 4704 1896 4790 cannapari-

334 4819 432 4885 σταυρῷ
452 4813 652 4886 προσηλωθῆναι,
670 4815 711 4867 καὶ
730 4820 902 4888 προσπαγῆναι
916 4816 960 4885 τὴν
975 4817 1105 4892 dasplypa·
1153 4839 1208 4887 της,
1222 4821 1266 4885 τῆς
1276 4816 1303 4871 bl
1322 4817 1403 4889 ἱτέρας
1412 4814 1588 4886 ἀναιρτῧιίσηςς
1608 4812 1702 4869 ΕΡΔΝ.
1726 4803 1792 4874 'flii’
1802 4797 1843 4862 fii
1852 4787 1895 4842 Μ’

334 4916 389 4967 por,
404 4897 445 4950 sel
460 4897 640 4971 ἂπεριόριατον,
656 4898 697 4952 καὶ
713 4896 843 4970 ἂχώρητον
858 4900 962 4969 θεότητα
975 4904 1019 4957 τοῦ
1030 4919 1105 4973 poro·
1152 4920 1215 4970 turc
1227 4902 1294 4972 itys
1309 4900 1476 4972 μμννηαίναι,
1491 4897 1666 4967 καταποθῆναι,
1680 4893 1707 4949 ti
1718 4889 1764 4945 inb
1776 4869 1895 4944 adusti*

334 4983 429 5050 γανοῦς,
443 4980 484 5032 καὶ
493 4980 582 5047 ταύτην
601 4985 637 5052 τῷ
662 4982 731 5054 τάφῳ
744 4983 923 5053 παραδοθεῖσαν
946 4985 1104 5056 τετυχηκέναι

337 5065 379 5129 τῆς
393 5061 558 5126 ἀναστάσεως.

370 5145 446 5201 old.
472 5143 539 5203 dial.
566 5145 597 5202 ll.
615 5146 673 5208 Πῶς
697 5147 753 5217 μίαν
777 5146 856 5219 λέγεις
875 5145 937 5219 μετὰ
959 5147 1003 5216 τὴν
1016 5148 1103 5203 ἕνωσιν

1153 4983 1340 5056 ἀνθρωτότητα.

1188 5081 1204 5123 0
1231 5065 1299 5123 thid.
1314 5064 1365 5120 Οὔκ
1383 5063 1519 5138 ὄνωνιν*
1532 5067 1576 5131 τῆς
1598 5062 1729 5134 britlas
1740 5050 1825 5126 timi
1835 5037 1893 5106 ui*

1154 5167 1208 5222 pa,
1224 5147 1289 5201 nte
1303 5148 1347 5216 aa
1358 5146 1516 5215 creticam
1528 5145 1614 5205 τασαν
1623 5138 1766 5218 ,nessa

361 5316 372 5360 ν
389 5316 469 5361 sian.
480 5314 508 5360 aa
520 5325 574 5359 aa.
586 5314 657 5358 imai
668 5313 749 5358 nitar.
759 5312 801 5358 uu
814 5313 841 5358 n
857 5312 938 5370 aaut.
952 5315 1064 5362 rat-r
1078 5315 1143 5372 aas.
1158 5315 1186 5361 aa
1197 5315 1309 5371 amaa
1320 5312 1465 5361 ranan·-
1476 5314 1490 5361 a
1502 5313 1574 5361 aas.
1586 5318 1604 5358 t.
1618 5311 1645 5358 rs
1661 5309 1715 5361 art
1727 5303 1768 5352 re.
1781 5294 1819 5342 ol
1829 5283 1891 5333 *η’

336 5375 350 5421 l
361 5377 415 5434 Sap.
426 5376 521 5434 §tt-t
535 5373 639 5421 'l'bsodon
652 5374 705 5419 dial.
716 5375 744 5419 11.
783 5432 785 5438 Ι
