4078 6168
349 378 408 438 tto
837 377 888 438 DE
911 376 1127 439 laturario
1149 375 1241 438 SINE
1260 376 1338 452 QUO
1359 377 1437 438 NON

347 542 483 604 aeclesiae
496 542 653 604 catholicas
666 561 756 603 novae
776 542 888 603 artifex
905 552 994 605 seara
1008 546 1116 605 lanse-
1167 543 1324 617 mandam,
1361 542 1518 621 opposuit;
1549 542 1633 622 quad
1659 540 1795 619 ejusdem
1826 545 1917 618 postea

347 635 429 712 nius,
445 641 481 696 ut
503 636 536 696 in
561 636 727 714 Augustini
747 635 833 695 libris
853 636 1053 696 nullomodo
1079 639 1119 697 sit
1167 639 1332 695 sectatores
1342 634 1474 713 impigre
1487 633 1635 695 fecerunt.
1652 631 1864 707 Quamobrem,
1887 640 1917 693 ut

347 745 538 806 expressum,
552 727 605 788 sed
619 727 685 787 sola
704 727 893 788 divinatione
917 733 948 789 et
968 728 1117 808 opinione
1167 733 1365 800 curarentur,
1379 726 1574 804 quoddicere
1593 725 1797 796 institueram
1815 724 1917 786 ethrdc

347 820 428 880 illius
439 820 588 881 affictum.
605 820 695 886 ercd
707 820 857 881 hactenus
869 820 903 881 in
917 839 981 881 uno
994 824 1116 901 Augus-
1167 818 1374 900 dissertationi
1396 817 1566 878 clausulam
1593 834 1767 896 apponam
1782 815 1851 876 satis
1866 816 1916 876 mi·

347 913 405 973 tini
419 913 659 992 locoperspicue
684 912 917 989 declaravimus,
933 932 1028 993 quem
1041 917 1117 975 tanti
1166 916 1282 971 ramat
1306 911 1504 970 miseratione
1527 910 1658 989 dignum
1685 914 1743 982 est,
1766 907 1917 970 cadalaus

347 1003 398 1064 illc
409 1003 492 1076 lecit,
508 1023 543 1065 ac
554 1006 644 1065 toties
658 1004 831 1073 inculcavit.
847 1004 970 1065 nullum
984 1011 1020 1065 ut
1033 1005 1117 1066 aliud
1167 1002 1320 1075 homines,
1346 1007 1449 1082 spreta
1469 1008 1572 1063 vetere
1593 1000 1751 1077 doctrina,
1767 1016 1873 1060 novam
1884 1000 1917 1059 ie

346 1094 581 1157 firmamentum
618 1114 707 1156 novae
742 1114 807 1158 suae
846 1097 1009 1158 sententiae
1043 1097 1115 1157 sub·
1166 1100 1231 1154 tam
1261 1100 1409 1174 tanquam
1432 1093 1690 1173 Augustinianam
1717 1097 1841 1172 repente
1862 1109 1917 1153 esee

346 1189 493 1248 struxisse
506 1189 665 1262 videatur3
680 1188 765 1248 hunc
792 1194 873 1249 certe
898 1207 977 1268 panc
1000 1190 1116 1249 ducen—
1167 1187 1414 1267 complexantia
1440 1186 1498 1246 sibi
1524 1191 1589 1247 tam
1615 1185 1788 1246 luculenter
1813 1184 1918 1263 imponi

349 1279 448 1339 tiesin
462 1298 554 1359 opere
582 1298 638 1340 sna
663 1279 797 1359 repetiit,
819 1280 903 1358 quad
923 1280 1049 1359 quidam
1077 1280 1117 1340 ab
1167 1297 1272 1358 passos
1292 1296 1370 1354 esse3
1388 1284 1422 1338 ut
1442 1297 1499 1357 pro
1518 1279 1744 1355 Augustiniana
1765 1276 1797 1337 id
1816 1276 1918 1354 arripe·

347 1370 474 1430 Calvino
488 1372 603 1443 didicit,
619 1372 878 1451 quiinrlntidnto
893 1377 999 1433 contra
1014 1373 1118 1432 conci·
1166 1376 1248 1448 rent,
1263 1370 1346 1451 quod
1360 1388 1514 1449 nusquam
1534 1371 1573 1431 ab
1600 1370 1772 1449 Augustino
1785 1368 1918 1429 velleris

347 1460 426 1522 lium
449 1465 675 1540 Tridentium,
698 1465 738 1525 ad
763 1465 914 1537 eamdem,
939 1465 1024 1525 velut
1048 1464 1116 1525 Tri·
1167 1464 1244 1524 sima
1257 1470 1457 1544 usurpatum,
1480 1463 1543 1524 sole
1570 1462 1616 1523 illi
1643 1460 1763 1523 externi
1788 1460 1916 1537 hominis,

348 1553 483 1615 dentinis
497 1555 626 1616 decretis
647 1555 843 1617 adversarian
857 1555 1118 1617 dcctrinamattir-
1167 1572 1224 1616 nec
1237 1554 1326 1616 valde
1339 1554 1436 1633 docti,
1451 1554 1546 1616 libido
1561 1573 1596 1615 aa
1619 1553 1777 1614 temeritas
1802 1550 1916 1612 attinxit.
1997 1554 1998 1597 i
