4122 6248
337 285 397 349 aas
863 281 1186 351 antemuranum
1209 283 1427 351 DOGMATUM

337 452 385 511 ter
405 461 458 505 eos
480 444 598 523 utique,
614 445 669 523 qui
687 444 889 522 semiplenam
910 447 976 507 sine
1000 443 1105 509 anima
1157 441 1914 517 veroduabusmimirumnaturarumaoeabulum

337 536 492 611 rationali,
510 541 541 596 et
554 536 593 596 od
609 537 707 599 vicem
727 537 840 597 animae
854 537 992 598 divinam
1015 544 1103 599 natu-
1155 541 1194 601 ad
1212 560 1263 603 eas
1283 543 1434 605 duntaxat
1452 547 1737 621 accommodarunt,
1763 566 1833 626 qnae
1849 554 1915 611 suut

337 646 406 689 rem
416 628 450 688 in
460 628 561 691 menis
570 627 799 708 dispensatione
808 636 1001 713 assumptam
1010 630 1107 708 suspi-
1155 631 1297 710 periectas
1311 634 1574 699 :substantiarum
1587 655 1702 699 nomen
1717 640 1854 718 subque
1863 639 1915 699 tri·

338 726 460 796 eantur,
481 738 552 780 cum
569 720 727 781 Psalmista
747 721 840 781 alacri
861 727 984 799 pectore
1004 721 1105 794 dicat;
1156 722 1311 787 buerunt.
1353 727 1443 799 Quod
1488 729 1767 791 Franootordieusis
1813 731 1916 809 synodi

338 812 415 873 Ecce
429 811 506 873 euim
520 811 600 872 Deus
621 810 744 891 adjacet
764 832 827 885 tue,·
841 821 867 875 et
883 812 1024 877 Dominus
1048 831 1108 873 sus-
1156 815 1262 878 Patres
1274 818 1491 898 improbarunt
1501 820 1525 882 ⁹.
1539 842 1555 881 a
1565 822 1818 895 Quidestuatura
1824 823 1917 883 homi-

338 909 436 983 eeptor
458 911 498 964 est
522 911 633 966 ousiae
648 923 729 965 meae.
746 927 762 963 o
780 907 817 965 Et
841 906 946 985 paucis
970 906 1108 984 interpo·
1156 907 1918 994 uis,inquiunt,nisianimaetcorpus?tte1qnid
2042 950 2043 997 ,

339 995 424 1055 sitis:
440 995 746 1073 uNouignoremus,
761 997 816 1067 ait,
839 1015 879 1057 en
895 997 1017 1059 duabus
1038 997 1110 1056 sub·
1158 1006 1204 1061 est
1225 1001 1308 1063 inter
1331 1010 1490 1081 naturam,
1515 1010 1547 1067 et
1568 1008 1786 1081 substantiam,
1809 1019 1845 1067 nt
1861 1013 1919 1069 tres

338 1087 459 1151 stantiis
484 1087 658 1149 humanam
686 1088 852 1149 subsistere
878 1095 1036 1165 naturam,
1069 1106 1108 1151 eu
1157 1092 1343 1157 substantias
1356 1114 1479 1159 necessa
1502 1097 1541 1159 sit
1561 1097 1651 1159 uobis
1673 1099 1785 1175 dicere,
1808 1103 1841 1159 et
1858 1117 1919 1159 non
2042 1088 2043 1091 ¹

338 1179 443 1243 anima
464 1178 627 1253 nimirum,
652 1186 683 1241 ot
705 1198 797 1241 carue
814 1200 823 1255 ;
843 1180 896 1241 sed
919 1198 1019 1243 urium
1042 1180 1109 1241 sino
1157 1185 1257 1264 magis
1279 1187 1469 1267 simpliciter,
1491 1187 1570 1251 sicut
1599 1191 1697 1251 sancti
1717 1191 1824 1252 Patras
1841 1191 1919 1252 dixe
2042 1176 2043 1233 i

338 1271 434 1333 altero
454 1271 625 1350 perfectum
644 1291 708 1332 non
728 1271 821 1335 efficit
842 1272 1012 1333 hominem.
1030 1271 1109 1345 Quid
1134 1283 1241 1352 runt,
1270 1279 1411 1341 cantitari
1442 1280 1610 1343 Dominum
1643 1288 1787 1345 nostrum
1819 1284 1919 1344 tasum
2042 1292 2043 1343 3

338 1364 423 1427 enim
446 1381 519 1424 caro
543 1363 608 1424 sine
632 1364 747 1431 anima,
774 1363 832 1425 nisi
856 1364 963 1431 terrai
981 1371 1012 1424 et
1033 1364 1108 1442 quid
1158 1368 1316 1431 Christum
1335 1373 1436 1435 Mum
1454 1391 1575 1451 verum,
1591 1379 1623 1436 et
1637 1392 1748 1436 verum
1767 1375 1920 1437 hominem
2042 1364 2043 1405 i

337 1455 443 1517 anima
472 1454 539 1515 sina
562 1474 653 1517 tarne
668 1454 683 1514 i
701 1474 807 1517 nonne
835 1455 987 1535 spiritus?
1006 1457 1108 1515 Homo
1158 1461 1192 1523 in
1215 1480 1280 1523 una
1300 1465 1486 1543 personat»
1504 1466 1548 1526 Ad
1570 1483 1726 1529 summam
1745 1468 1805 1528 etsi
1824 1468 1922 1529 minus
1953 1446 2043 1522 sanai

338 1547 473 1611 animer
488 1552 632 1626 uaeque,
650 1553 758 1609 etnou
772 1566 811 1609 ex
827 1566 903 1609 uno.
926 1548 1015 1609 Unde
1035 1547 1109 1627 quia
1159 1555 1287 1633 propria
1302 1557 1344 1619 sit
1354 1558 1503 1635 posterior
1520 1558 1574 1621 itu
1591 1558 1717 1629 locutio,
1734 1579 1808 1639 qnso
1826 1559 1921 1621 extet
1955 1531 2034 1627 *mitti*

338 1639 531 1715 Redemptor
574 1644 679 1700 noster
723 1639 895 1718 perfectum
947 1639 1108 1703 hominem
1158 1645 1217 1707 bus
1231 1648 1389 1713 Christum
1398 1651 1546 1730 componi
1559 1651 1738 1713 substantiis
1756 1652 1920 1728 affirmans,
1940 1634 2043 1725 m,

337 1731 503 1810 assumpsit
520 1730 554 1791 iu
569 1732 680 1807 Deum,
695 1731 810 1793 idcirco
830 1750 869 1795 ex
882 1731 1003 1794 duabus
1020 1737 1108 1791 natu·
1158 1738 1326 1817 perfectam
1335 1760 1446 1817 unam,
1458 1744 1923 1821 atquetotameumduabusim-
2042 1728 2043 1805 i

337 1824 380 1884 ris
409 1825 507 1885 Deum
531 1830 562 1883 et
583 1824 746 1889 hominem
768 1826 965 1885 confitemur.
981 1846 997 1882 o
1014 1823 1108 1889 Addit
1159 1830 1311 1909 parisatis,
1326 1832 1499 1913 iisdemque
1518 1833 1850 1917 partibus,comparat,
1863 1854 1923 1897 non
2042 1832 2043 1909 i

337 1916 431 1979 etiam
445 1915 488 1991 id,
504 1916 589 1994 quod
604 1922 635 1977 et
647 1917 784 1981 ioannes
798 1918 1008 1979 Damascenus
1028 1916 1107 1995 obji·
1158 1927 1264 1985 tamen
1282 1926 1604 2004 reprehendendam,
1614 1946 1716 2008 nuque
1733 1928 1922 2003 damnandam

338 2009 398 2083 eit;
415 2007 524 2069 eodem
547 2008 631 2086 jure,
656 2027 719 2087 quo
742 2027 780 2071 ex
803 2009 903 2070 tribus
930 2009 1108 2073 substantiis
1159 2014 1329 2081 dummodo
1346 2017 1469 2081 nullum
1483 2018 1517 2079 in
1531 2036 1625 2081 sensu
1641 2020 1752 2082 vitium
1765 2022 1817 2097 sit,
1831 2039 1924 2101 noque
2042 2020 2043 2035 ¹

337 2100 543 2180 compositum
556 2100 726 2161 dixerimus
740 2119 805 2162 esso
821 2101 990 2178 Christum,
1005 2101 1109 2163 bomi-
1158 2109 1316 2171 catholiea
1331 2110 1485 2173 contraria
1498 2111 1583 2172 labos
1601 2111 1665 2173 uua
1677 2113 1841 2189 docuinam
1860 2130 1924 2193 qua
2042 2094 2043 2159 i

337 2211 411 2255 uem
433 2193 538 2272 ipsum
558 2211 598 2254 es
622 2193 761 2272 quinque
785 2193 879 2255 licere
901 2198 1108 2272 compositum
1159 2198 1217 2259 fuit
1245 2201 1402 2265 Toletanae
1430 2202 1541 2282 synodi
1569 2204 1836 2286 decima-quinta
1861 2223 1923 2267 san·
2042 2186 2043 2217 ³

337 2287 458 2360 dioere;
477 2303 590 2365 nempe
598 2285 804 2347 armamentis
812 2287 1109 2365 quatuoretqmnu
1159 2294 1270 2355 tentia.

337 2378 463 2453 anima;
481 2376 594 2456 quibus
608 2379 773 2461 accedente
788 2379 901 2454 Verbo,
919 2397 957 2443 ex
971 2380 1109 2458 quinque

337 2470 516 2531 substantiis
530 2470 682 2533 constabit
695 2471 845 2534 Christus.

378 2561 428 2623 Sic
455 2562 598 2624 Rusticus
618 2563 767 2624 diaconus
788 2562 944 2641 objicienti
964 2563 1108 2626 haeretico
1636 2629 1647 2639 ,

339 2654 492 2733 baaphalo
507 2652 529 2729 ¹,
552 2654 662 2715 sidute
682 2660 803 2717 naturae
832 2655 1109 2731 distinguanturin
1357 2625 1563 2712 CAPUT
1614 2629 1741 2714 XIV.
2042 2678 2043 2727 q

337 2747 469 2818 Christo,
487 2746 704 2807 eodemmodo
722 2752 785 2807 tres
802 2747 903 2807 iniilo
923 2748 1110 2809 substautias

336 2856 424 2918 posse
457 2837 631 2913 constitui3
666 2856 730 2899 nou
766 2839 909 2901 eamdem
943 2839 1108 2903 amborum
2042 2848 2043 2939 t

336 2930 490 2993 rationem
503 2949 569 2992 esse
579 2931 757 3010 respondet,
767 2932 918 3011 quoniam
928 2931 1108 2995 substantiae
1158 2924 1207 2987 Aa
1232 2923 1309 2987 Deos
1331 2924 1391 2987 sive
1417 2924 1541 2987 Verbum
1565 2926 1597 2988 ia
1617 2926 1828 2992 incantatione
1846 2930 1925 3010 aaut

2042 3316 2043 3349 t

2042 3354 2043 3387 t

2042 3408 2043 3447 i

336 3023 410 3099 ilisa,
426 3041 465 3084 ex
485 3022 600 3101 quihus
617 3024 712 3085 homo
730 3029 862 3098 constat,
878 3020 1024 3101 perfecte
1044 3043 1108 3087 aon
1198 3015 1326 3093 dicatur,
1336 3025 1361 3079 et
1371 3021 1571 3098 accussat.
1582 3017 1925 3085 Nestosiauidaoerrirue

336 3119 410 3174 sunt
423 3119 564 3188 naturae3
580 3119 653 3173 sunt
664 3119 769 3174 autem
791 3114 932 3193 perfectae
950 3114 1021 3175 duae
1034 3115 1106 3191 illae,
1198 3108 1430 3189 mussitabat
1440 3116 1647 3175 contrarietas
1660 3111 1834 3194 Scrutaris
1843 3121 1925 3175 ostea-

337 3205 505 3286 exquibus
519 3205 719 3285 componitur
734 3207 885 3269 Christus.
905 3206 989 3280 aQtri
1004 3213 1108 3273 auum
1198 3198 1294 3263 ditur.
1324 3204 1356 3263 t.
1384 3208 1448 3263 tom
1474 3221 1511 3265 ea·
1535 3202 1691 3281 mettio,
1719 3212 1748 3265 et
1781 3203 1921 3286 medatis

336 3306 399 3362 tres
422 3299 505 3373 dicit,
532 3298 708 3375 imperfecte
744 3299 877 3375 perfecta
905 3305 1109 3363 connumerat
1198 3294 1228 3354 5.
1245 3292 1322 3357 Item
1334 3314 1372 3359 eu
1392 3294 1671 3375 antiquissimorum
1684 3296 1817 3359 Patrem
1830 3302 1923 3359 audo

337 3391 528 3455 divinitati.»
1197 3385 1295 3461 ritate,
1307 3387 1444 3468 ptu'muut
1463 3386 1645 3453 araceum.
1659 3391 1691 3452 8.
1709 3389 1824 3453 Deinde
1841 3389 1922 3453 tatt-

376 3485 428 3545 VI.
455 3483 604 3558 Quocirca
627 3501 700 3544 vera
727 3483 794 3545 hac
819 3489 875 3558 ost,
904 3490 935 3547 et
959 3502 1109 3563 germana
1197 3497 1315 3539 uorum.

336 3576 427 3652 ratio,
443 3594 538 3655 mam
551 3575 603 3635 hic
622 3574 784 3649 Rusticus,
802 3580 833 3637 et
846 3576 899 3639 alii
912 3576 998 3636 citati
1015 3595 1108 3657 supra

337 3671 442 3731 Patres
465 3667 610 3743 atterunt,
632 3687 687 3729 cur
709 3686 775 3731 uon
800 3667 942 3747 perinde,
967 3687 1024 3731 nee
1043 3676 1108 3729 tam
1198 3664 1222 3722 Ι.
1255 3662 1395 3725 Verbum
1422 3681 1488 3727 esse
1514 3682 1650 3734 munem,
1678 3665 1743 3727 sive
1771 3666 1922 3729 bominem
1941 3590 2043 3753 „sati

251 3772 257 3784 ·
337 3761 462 3841 proprie
481 3760 620 3821 Christus
640 3778 679 3821 ax
697 3759 798 3823 tribus
814 3759 945 3835 naturis,
966 3761 1016 3825 vel
1034 3761 1107 3823 snb
1158 3755 1284 3831 iactum,
1308 3755 1402 3817 babet
1420 3756 1575 3821 catholicae
1599 3757 1673 3819 fidei
1692 3760 1813 3837 regula,
1835 3775 1921 3838 quam
1962 3750 2028 3847 ,Q

337 3853 457 3915 stantiis
471 3851 621 3915 conflatus
635 3870 700 3915 esse
720 3851 850 3926 dicatur,
868 3869 963 3929 equam
981 3871 1019 3913 ex
1031 3853 1107 3917 dua·
1157 3866 1263 3922 numu,
1288 3848 1349 3913 uisi
1374 3848 1523 3927 maianus
1544 3868 1581 3911 aa
1600 3850 1738 3925 demam
1766 3852 1921 3913 sollicitare
2042 3850 2043 3941 i

336 3946 406 4021 bus,
417 3945 501 4024 quod
513 3962 586 4007 eum
599 3943 742 4023 perfectis
750 3942 938 4022 imperfecte
949 3946 1109 4007 numerari
1158 3940 1280 4017 audeat,
1297 3939 1345 4001 vel
1361 3959 1426 4003 nou
1446 3946 1551 4020 aperte
1570 3942 1721 4021 profiteri.
1740 3945 1834 4006 Nune
1851 3943 1919 4005 iilud

336 4057 402 4101 uon
416 4038 560 4109 debeant,
573 4037 633 4097 boe
648 4042 694 4095 ost
706 4043 810 4115 partes
822 4036 893 4096 dua
906 4053 979 4097 oum
992 4041 1068 4111 tota,
1078 4043 1108 4099 et
1158 4032 1319 4112 quaeritur,
1329 4051 1370 4095 an
1379 4034 1548 4113 assumptio
1557 4034 1625 4095 baec
1635 4035 1785 4099 humane
1794 4043 1918 4110 uotiua,

227 4203 237 4215 ι
336 4130 472 4209 perfecta
490 4128 546 4191 Dei
562 4134 684 4191 natura.
700 4127 884 4206 Huiusmodi
903 4128 988 4191 enim
1007 4130 1107 4191 unitio
1158 4124 1222 4187 sivo
1233 4125 1417 4199 incarnatio,
1428 4127 1589 4205 generatio
1603 4127 1643 4189 sit
1656 4127 1802 4190 habenda
1815 4128 1919 4202 Verbi;

337 4222 390 4285 iliu
401 4220 572 4301 personalis
583 4224 639 4295 est,
652 4238 723 4298 quae
737 4220 892 4281 Christum
905 4219 1009 4294 efficit,
1025 4226 1108 4283 uteo
1159 4218 1200 4277 ita
1215 4224 1250 4278 ut
1269 4218 1352 4278 Deus
1372 4219 1506 4280 seeundo
1533 4219 1593 4280 diei
1616 4218 1714 4300 possit
1733 4222 1866 4300 genitus,
1888 4239 1920 4281 ac

337 4313 405 4391 ipsu
424 4313 545 4375 dicatur
561 4330 637 4385 esse,
663 4311 776 4390 quibus
800 4316 930 4373 constat.
947 4313 1000 4372 Est
1022 4313 1107 4373 enim
1158 4308 1272 4388 duplex
1295 4309 1364 4371 ideo
1387 4311 1552 4373 statuenda
1564 4311 1658 4375 Verbi
1679 4314 1850 4388 generatio.
1865 4314 1919 4374 Ne·

313 4452 316 4459 .
337 4410 405 4465 tum
417 4406 511 4471 Deus.
527 4408 596 4467 tum
615 4403 709 4465 homo
727 4403 883 4479 Christum
899 4420 956 4465 nee
975 4422 1039 4465 non
1059 4405 1109 4467 hic
1157 4407 1272 4482 gerunt
1294 4402 1354 4463 hoe
1374 4420 1496 4480 omues,
1520 4403 1712 4484 quicumque
1730 4424 1838 4469 veram
1854 4423 1921 4485 pro-

337 4497 433 4573 Deus,
448 4497 498 4561 vel
512 4496 562 4559 hie
577 4497 673 4557 homo
688 4501 733 4557 est
747 4496 907 4557 Christus:
922 4501 953 4559 et
974 4496 1108 4559 vicissim
1158 4495 1289 4575 prieque
1298 4494 1411 4557 dietam
1424 4505 1559 4576 sapesso,
1577 4497 1610 4559 id
1626 4503 1672 4559 est
1692 4499 1920 4561 emanationes

338 4589 478 4650 Christis
499 4594 545 4651 est
567 4588 617 4651 hic
639 4588 746 4664 homo,
769 4593 800 4649 et
825 4587 876 4648 bio
900 4589 994 4649 Deus.
1021 4589 1109 4663 Quod
1159 4587 1369 4651 sustulerunt:
1398 4593 1435 4649 ut
1460 4607 1540 4667 quos
1562 4597 1667 4666 texeat<
1693 4596 1820 4659 vocant,
1847 4608 1921 4652 reru

337 4681 440 4761 ipsum
459 4681 494 4741 in
510 4680 659 4756 animam
681 4684 711 4741 at
732 4696 844 4757 eorpus
860 4697 1026 4743 carnemve
1045 4700 1109 4749 uon
1158 4678 1260 4743 carnis
1284 4679 1482 4757 inficiatores,
1505 4680 1544 4743 de
1565 4681 1681 4761 quibus
1700 4682 1783 4744 libro
1805 4684 1919 4763 primo:

338 4771 496 4851 competit.
512 4772 582 4837 Nou
593 4770 679 4833 enim
692 4771 830 4835 Christus
843 4776 889 4835 ast
901 4772 1006 4835 anima
1015 4773 1108 4835 ratio
1159 4779 1227 4843 tum
1240 4772 1295 4851 qni
1303 4778 1429 4854 σχετικὴν,
1445 4778 1476 4833 et
1488 4771 1641 4848 moratam,
1656 4780 1691 4838 ut
1700 4773 1883 4854 loquuntur,
1891 4774 1922 4834 in

337 4864 428 4940 nolis,
451 4863 501 4924 vel
523 4881 643 4943 eorpus,
665 4863 725 4923 nisi
744 4863 828 4942 quod
849 4864 977 4943 tropice,
1003 4869 1034 4925 et
1047 4873 1110 4928 κατὰ
1152 4864 1923 4942 'Christonnturarumuuitionemedamsrnntna-

179 4986 305 5035 mm„
337 4964 744 5036 moseopts,no11nonquam
766 4954 1110 5029 oarodioitus,uttotus
1158 4956 1263 5030 tiarati,
1279 4956 1511 5018 atsubstantiua
1519 4957 1690 5038 repudiata,
1707 4964 1744 5018 nt
1755 4957 1921 5020 Nestorius.

165 5043 315 5096 maes
338 5048 529 5127 intelligatur
550 5050 657 5123 homo,
679 5053 771 5125 atque
792 5046 953 5126 perusus.
979 5049 1045 5113 Hoc
1063 5049 1110 5109 iili
1159 5051 1275 5111 Contra
1288 5066 1369 5129 quoa
1383 5049 1557 5128 poematia
1580 5050 1688 5129 capitis
1707 5050 1803 5130 htajus
1823 5050 1922 5130 dispa-

337 5140 513 5219 significare
528 5139 774 5217 volueruntque
795 5139 948 5200 extribus
966 5139 1108 5201 substau-
1157 5142 1235 5202 tatio
1257 5141 1443 5220 suseipitnr3
1466 5141 1550 5221 quod
1576 5148 1731 5223 παρασκευὴν
1756 5142 1922 5222 qnamdam
1942 5154 2041 5221 mur

339 5231 391 5291 tiis
417 5231 575 5292 Christum
609 5232 713 5293 dixere
741 5231 960 5310 compositum,
989 5232 1108 5293 naturis
1159 5232 1330 5303 eontiuehit
1358 5233 1514 5313 sequentis
1540 5234 1777 5309 controversia,
1806 5234 1840 5295 in
1865 5248 1923 5312 qua
1979 5224 2017 5263 ¹⁵

1951 4560 2021 4604 a

366 5431 377 5474 t
392 5429 452 5475 iant.
466 5429 492 5476 tv
505 5430 583 5475 sus-
601 5428 616 5473 t
630 5429 689 5474 Tou.
700 5429 728 5475 Vl
737 5429 805 5474 Cana.
