4078 6162
577 324 627 383 na
647 320 951 398 insinuaueris,
972 322 1047 382 uu.
1070 322 1127 397 111,
1150 322 1238 382 cur.
1261 321 1299 380 ιι.
1667 322 1727 381 ιιι

146 485 294 567 oppositis
317 486 399 548 inter
417 504 450 548 sc
462 491 557 566 atque
571 504 610 547 ex
627 485 756 548 adverso
769 504 913 567 pugnari·
962 485 1016 546 illo
1034 486 1176 566 exemplo
1190 488 1334 545 nanuum
1347 501 1444 545 unam
1457 482 1492 544 in
1508 482 1626 546 Christo
1640 501 1728 545 com-

145 578 227 640 tibus
253 579 435 653 heresibus,
456 577 599 655 Nestorii,
615 583 646 639 et
671 578 833 655 Eutychis,
861 577 915 638 illa
962 576 1093 657 positam
1103 576 1234 656 probare
1248 575 1424 649 studebant,
1439 574 1483 635 ita
1491 575 1618 636 scribit:
1637 576 1730 637 «Non

143 669 183 731 ab
196 669 378 748 hujusmodi
389 670 569 731 ahhorreret
582 670 735 750 exemplo,
752 669 848 731 verita
873 686 913 730 ne
962 668 1157 730 considerare
1171 668 1259 744 istos,
1275 667 1350 748 quia
1363 685 1435 727 oum
1449 685 1513 727 una
1526 673 1638 727 natura
1652 666 1731 728 dica·

145 760 290 822 divisioni
322 778 551 841 personarum,
581 759 631 822 eui
656 760 819 830 studebat,
846 761 912 820 offi·
962 765 1015 821 tur
1034 760 1187 836 humana,
1203 777 1270 838 qua
1289 765 1395 820 tamen
1408 776 1448 819 ex
1462 758 1583 819 duabus
1598 764 1728 832 mustei,

145 857 247 914 ceret:
262 852 316 913 illa
326 853 527 914 vehementer
541 854 709 929 adamaret,
728 852 813 932 quod
826 870 865 914 ex
876 870 913 913 eo
963 851 995 914 id
1013 857 1112 914 estex
1125 852 1241 929 anima,
1257 858 1287 913 et
1300 868 1429 931 corpore
1441 850 1662 931 principaliter,
1677 850 1731 911 illa

145 943 255 1006 confici
283 949 404 1006 natrrrae
430 945 581 1006 unitatem
615 944 829 1006 arbitraretur.
866 945 913 1005 Ita
962 962 1055 1005 causa
1082 949 1138 1017 est,
1168 943 1242 1023 quia
1268 962 1326 1005 nec
1349 941 1511 1003 initialiter
1531 941 1636 1003 arama
1656 941 1731 1002 aiibi

144 1036 292 1097 Leontius
298 1033 912 1115 inlibroadverstuhaeresimutramque¹.
963 1036 1059 1116 possit
1072 1034 1213 1111 existere,
1236 1052 1331 1115 quam
1346 1034 1381 1095 in
1394 1051 1534 1114 corpore,
1549 1052 1608 1095 neo
1621 1051 1732 1114 corpus

182 1128 389 1208 Exiisporro,
401 1147 471 1209 quae
480 1129 647 1208 utrobique
660 1128 819 1190 dissimilia
827 1134 912 1206 sunt,
963 1127 1066 1188 valeat
1090 1132 1230 1188 constare
1253 1127 1320 1188 sine
1340 1126 1465 1188 anima:
1491 1131 1522 1186 et
1534 1126 1646 1187 merito
1660 1143 1731 1204 quta

146 1225 176 1281 et
187 1219 401 1281 similitudinis
414 1220 588 1283 absolutam
604 1221 840 1301 congruentiam
853 1220 916 1281 im-
963 1218 1111 1281 alterutro
1134 1219 1194 1280 sibi
1222 1218 1261 1280 sit
1289 1237 1381 1280 causa
1415 1218 1583 1294 existendi,
1617 1219 1733 1299 pariter

143 1312 283 1393 pediunt,
314 1311 392 1373 illud
416 1313 457 1374 ab
484 1312 677 1375 Nestorianis
695 1312 826 1375 allatum
850 1329 916 1374 esse
963 1329 1060 1374 unam
1082 1310 1208 1372 abusive
1230 1310 1291 1372 dici
1303 1328 1393 1391 posse
1406 1316 1561 1384 naturam,
1582 1327 1653 1388 quae
1676 1309 1733 1370 sibi
1762 1306 1771 1320 ‘

144 1404 251 1466 scribit
263 1404 348 1466 idem
360 1405 521 1482 Leontius,
539 1423 602 1485 quo
612 1411 643 1467 et
655 1404 799 1467 catholici
810 1410 917 1467 contm
963 1403 1097 1467 invicem
1122 1421 1248 1466 causam
1273 1404 1429 1482 praebeat,
1457 1407 1492 1463 ut
1518 1420 1557 1463 ex
1584 1402 1733 1464 alterutro

144 1496 354 1577 Eutychianos
368 1496 535 1572 nituntur;
552 1497 666 1577 «quod
686 1497 781 1558 homo
807 1497 864 1558 etsi
877 1515 916 1558 ex
964 1501 1076 1558 natura
1097 1495 1244 1557 subsistat
1269 1494 1419 1571 humana,
1449 1493 1533 1555 saiva
1546 1494 1734 1573 proprietate

145 1587 361 1650 differentibus
380 1588 480 1669 specie
494 1589 683 1669 compositus
695 1595 752 1666 est,
769 1596 917 1667 nanuum
964 1587 1114 1650 duntaxat
1124 1587 1268 1648 duarum.
1282 1608 1297 1645 n
1310 1588 1376 1663 Quo
1390 1604 1429 1648 ex
1440 1585 1548 1648 Gelasii
1564 1586 1632 1648 loco
1643 1604 1732 1648 men·

145 1685 249 1742 tamen
269 1679 336 1740 sine
349 1680 448 1742 altero
472 1680 760 1758 habetuassentiam.
776 1681 916 1742 Verbum
964 1687 1030 1742 tem
1063 1696 1173 1742 eorum
1206 1677 1484 1758 interpretandam·
1497 1676 1649 1756 arbitror,
1679 1677 1735 1757 qui

144 1778 250 1834 autem
259 1777 332 1833 ante
343 1771 571 1834 humanitatem
583 1778 639 1835 est.
651 1793 667 1830 o
679 1773 730 1833 Sic
741 1774 917 1836 Maxentius
965 1779 1129 1852 propterea
1142 1788 1240 1832 unam
1249 1788 1288 1831 ex
1296 1770 1441 1832 animaet
1449 1787 1577 1848 corpore
1590 1774 1735 1831 naturam

145 1863 297 1925 inlibello
311 1871 419 1925 contro
433 1862 615 1945 acephalos,
635 1864 724 1925 «hoc
739 1865 917 1944 exemplum
965 1862 1101 1925 hominis
1126 1862 1201 1924 fieri·
1225 1861 1387 1937 dixerunt,
1416 1860 1501 1940 quod
1524 1860 1616 1922 ambo
1644 1860 1737 1922 simul

145 1955 209 2017 lilio
239 1956 296 2017 Dei
323 1955 455 2017 minime
478 1956 634 2017 existimat
655 1958 841 2034 convenire,
865 1957 918 2018 cui
966 1956 1118 2028 existant,
1139 1973 1197 2016 uec
1209 1971 1309 2015 unum
1326 1959 1398 2014 ante
1412 1952 1545 2014 alterum
1566 1953 1734 2014 subsistat:

144 2043 331 2106 mbsistendi
354 2062 446 2105 causa
459 2063 529 2106 caro
544 2062 609 2105 non
631 2043 701 2105 luit.
719 2046 838 2125 Quippe
862 2045 917 2125 qui
966 2048 1048 2128 quod
1075 2044 1217 2108 secusia
1244 2045 1349 2106 Verbo
1370 2043 1491 2105 accidit.
1507 2044 1554 2104 Ad
1568 2044 1628 2105 hoc
1650 2045 1736 2106 enim

144 2142 216 2197 ante
228 2134 342 2197 secula
356 2154 376 2196 a
390 2137 479 2197 Patre
491 2141 585 2197 natus
598 2135 630 2196 in
642 2137 770 2216 propria
783 2154 917 2217 persona
966 2143 1143 2220 respectum
1157 2136 1334 2198 habuerunt
1347 2136 1400 2215 qui
1410 2135 1453 2195 ita
1466 2135 1639 2196 ratiooiuati
1650 2142 1734 2214 sumt,

144 2226 441 2289 incommutabiliter
454 2228 602 2297 subsistit,
626 2229 680 2289 sed
694 2244 768 2289 oum
780 2228 919 2291 Verbum
967 2231 1052 2311 quod
1073 2238 1118 2291 εει
1140 2228 1174 2289 in
1201 2233 1314 2289 neutra
1326 2245 1444 2303 rerum,
1460 2234 1492 2289 et
1504 2228 1588 2307 quod
1608 2228 1738 2290 insitum

147 2338 221 2381 caro
233 2319 320 2381 fieret
332 2320 553 2382 misericordiae
566 2319 636 2380 fuit.
653 2320 798 2381 Animam
812 2327 918 2382 autem
967 2322 1084 2384 habent
1097 2326 1317 2401 componentes
1325 2318 1461 2381 hominis
1469 2324 1581 2399 partes.
1598 2321 1654 2381 Hae
1663 2339 1737 2383 vero

147 2412 317 2473 humanam
331 2416 404 2473 ante
418 2429 543 2473 carnem
557 2411 672 2472 alieubi
690 2411 867 2489 subsistere,
889 2418 920 2474 et
967 2419 1079 2475 natura
1089 2430 1145 2474 sua
1155 2412 1199 2472 ita
1210 2416 1488 2492 comparataesunt,
1502 2415 1538 2473 ut
1550 2430 1570 2471 a
1583 2430 1616 2473 se
1627 2417 1738 2474 mutuo

146 2504 345 2583 postmodum
378 2505 464 2566 carni
498 2503 602 2580 inseri,
632 2521 726 2565 nemo
753 2522 847 2565 ausus
874 2509 920 2566 est
968 2505 1135 2588 pendeant,
1153 2509 1184 2565 et
1197 2503 1335 2582 copulari
1352 2503 1435 2564 inter
1456 2520 1500 2571 se,
1529 2522 1565 2564 ac
1591 2505 1739 2587 conjungi

147 2596 344 2657 affirmare.»
969 2596 1364 2679 postulent.Namsuntex
1378 2611 1491 2656 seseac
1505 2594 1613 2674 suapte
1626 2602 1738 2658 natura

185 2688 257 2748 Non
278 2687 367 2748 aliter
392 2687 476 2766 apud
496 2686 702 2765 Euthymium
731 2687 920 2749 Athanasius
969 2694 1082 2772 partes,
1111 2692 1143 2749 et
1170 2688 1211 2749 ad
1237 2705 1270 2748 se
1297 2694 1407 2747 mutuo
1440 2685 1628 2765 referuntur,
1661 2687 1740 2749 sicut

152 2777 259 2861 (quem
272 2785 378 2840 tamen
385 2789 541 2860 ψευδώνυμον
551 2784 642 2840 antea
651 2778 715 2839 dixi
725 2779 803 2839 mihi
810 2776 917 2860 videri)
970 2788 1070 2858 δύναμις
1083 2785 1115 2840 ει
1133 2786 1281 2861 ἐντελέχεια,
1307 2777 1340 2838 id
1363 2784 1409 2839 est
1425 2785 1522 2854 uatus,
1537 2784 1569 2840 et
1586 2780 1736 2860 potentia.

148 2871 244 2932 unius
253 2877 374 2933 natiuae
384 2875 532 2950 patronos
545 2871 747 2951 taliexemplo
757 2888 921 2951 perperam
970 2871 1089 2932 Idcirco
1109 2876 1140 2933 et
1166 2869 1223 2930 sibi
1240 2872 1365 2931 inuicem
1392 2888 1491 2930 causae
1519 2876 1602 2947 sunt,
1632 2877 1739 2950 utpote

146 2966 272 3025 utentes
281 2964 453 3043 redarguit,
466 2964 551 3043 quod
564 2980 629 3024 non
643 2963 752 3025 eadem
766 2962 806 3024 sit
816 2963 919 3023 homi-
970 2966 1093 3023 materia
1117 2968 1148 3024 et
1180 2962 1298 3043 formu;
1326 2965 1358 3022 et
1378 2965 1492 3022 natura
1515 2978 1571 3021 sua
1597 2967 1741 3022 mutuam

146 3055 197 3116 nis
210 3055 369 3117 exanima
391 3061 422 3116 et
448 3074 578 3135 corpore
606 3054 826 3135 coagmentati,
851 3071 921 3134 quta
965 3054 1161 3133 junctionem
1191 3059 1357 3134 expetunt;
1384 3053 1523 3132 adeoque
1550 3053 1675 3114 tertiam
1701 3071 1741 3116 ex

146 3147 402 3209 Christiralioex
416 3149 489 3216 Deo,
506 3149 674 3209 ethomine
688 3147 919 3226 consurgentis:
970 3146 1078 3226 seipsis
1091 3147 1294 3225 compositam
1321 3150 1467 3206 naturam
1492 3145 1638 3206 efficiunt.
1664 3147 1740 3220 Quae

153 3263 167 3291 t
178 3240 328 3319 quoniam
335 3238 520 3302 illioueutra
533 3258 605 3319 pars
613 3238 766 3300 antecedit
780 3239 920 3314 altarm,
970 3243 1075 3299 autem
1094 3238 1245 3317 ejusmodi
1267 3243 1350 3311 sunt,
1374 3255 1440 3298 non
1457 3237 1544 3317 prius
1558 3238 1740 3300 naturaliter

147 3349 258 3392 necea
279 3331 366 3411 prius
389 3331 527 3393 subsistit
538 3352 547 3407 ;
564 3350 665 3411 neque
678 3337 780 3392 servat
800 3337 921 3392 naturae
970 3330 1120 3405 existunt,
1135 3346 1230 3409 quam
1242 3328 1323 3390 inter
1343 3345 1375 3389 se
1396 3328 1592 3408 copulentur.
1614 3330 1739 3409 Perspi-

148 3422 391 3487 definitionem:
429 3441 503 3485 cum
543 3423 635 3485 ambo
667 3422 760 3483 simul
794 3421 921 3483 initium
971 3439 1066 3482 cuum
1080 3426 1127 3482 est
1147 3425 1264 3493 autem,
1291 3435 1363 3480 cam
1385 3437 1423 3480 ex
1436 3419 1543 3481 anima
1556 3424 1588 3481 et
1610 3439 1741 3500 corpore

150 3516 276 3577 utendi
290 3515 330 3576 ab
341 3521 430 3578 utero
444 3517 644 3596 sumpserint,
660 3533 696 3576 ac
715 3514 804 3575 sicin
825 3513 922 3576 vitam
971 3517 1110 3574 constare
1120 3511 1216 3573 homo
1226 3512 1392 3584 dieitur,ut
1402 3515 1433 3572 et
1440 3510 1556 3571 animal
1567 3512 1738 3591 quodlibet,

149 3606 337 3686 introducta,
355 3626 455 3669 unum
468 3608 586 3669 animal
599 3606 841 3669 constituerim.
855 3626 871 3664 a
970 3623 1035 3666 non
1042 3603 1267 3684 qualecumque
1281 3620 1394 3683 corpus
1407 3602 1646 3682 intelligendum
1660 3622 1736 3675 esse,
1822 3662 1825 3671 ,

27 3718 114 3769 otuu
191 3699 233 3759 Π.
257 3699 319 3760 Sed
337 3700 405 3762 haec
416 3699 600 3762 discriminis
614 3699 692 3761 ratio
706 3715 818 3779 parum
830 3697 921 3759 firma
969 3714 1072 3776 neque
1081 3696 1242 3757 materiam
1251 3694 1504 3774 simplicem3sed
1515 3695 1666 3773 ejusmodi
1675 3714 1738 3775 quo

23 3783 119 3882 ..ὦ
151 3789 251 3851 videri
261 3796 372 3871 potest.
381 3791 461 3866 Quid
472 3791 499 3852 si
508 3791 592 3853 enim
601 3791 775 3871 longeante
784 3790 922 3872 corporis
970 3807 1043 3851 oum
1063 3789 1170 3850 anima
1195 3788 1342 3867 conjungi
1365 3792 1476 3866 potest.
1497 3786 1570 3848 Tale
1593 3805 1667 3848 vero
1693 3794 1739 3848 est

14 3887 132 3988 ‘mia
150 3882 284 3944 humani
309 3883 543 3946 fabricationem
570 3885 655 3944 Deus
681 3882 818 3943 animam
848 3901 921 3963 pro·
970 3880 1120 3943 membris
1140 3880 1246 3953 variis,
1271 3885 1302 3942 et
1324 3878 1523 3940 dissimilibus
1543 3883 1736 3955 contextum,

39 3998 96 4047 tm.
152 3981 302 4050 creasset:
331 3994 410 4037 uum
436 3995 473 4038 ea
495 3994 545 4038 res
570 3975 715 4048 obstaret,
733 3992 795 4053 quo
818 3974 922 4035 minus
970 3969 1043 4054 quae'
1064 3983 1157 4055 ὄργανα
1189 3973 1288 4035 Graeci
1320 3975 1447 4047 vocant,
1479 3976 1515 4031 ut
1547 3975 1579 4032 et
1607 3988 1737 4051 corpus,
1792 3989 1887 4045 oram.

152 4065 256 4128 infusa
269 4066 380 4130 dunde
394 4068 532 4148 corpori,
549 4067 583 4128 in
595 4071 717 4128 naturas
730 4066 823 4127 unius
835 4064 924 4127 effac
972 4074 1111 4147 ὀργανικὸν.
1127 4067 1202 4127 Ideo
1216 4063 1324 4127 definit
1336 4061 1515 4126 Aristoteles
1526 4063 1664 4124 animam
1683 4062 1738 4140 sie,
1764 4071 1904 4132 ducem.

152 4159 271 4221 tionem
295 4177 368 4222 cum
396 4159 451 4220 illo
476 4158 679 4221 conveniret?
705 4159 775 4219 Non
798 4157 921 4237 opinor.
973 4164 1007 4218 ut
1020 4157 1070 4233 sit,
1088 4158 1329 4237 oprimusactus
1342 4154 1479 4236 corporis
1490 4155 1638 4216 naturalis
1652 4172 1742 4232 orga-

154 4251 254 4325 Quare
267 4258 381 4313 utnon
405 4251 608 4330 repudianda,
622 4250 666 4311 sia
685 4248 877 4329 explicanda,
894 4253 925 4309 et
973 4247 1063 4318 nicil,
1079 4270 1095 4308 a
1113 4250 1179 4311 Hoc
1202 4249 1297 4325 igitar
1319 4266 1431 4328 corpus
1457 4248 1567 4309 eodem
1580 4253 1739 4309 momento

154 4344 378 4405 conformanda
390 4343 555 4424 paululum
563 4351 608 4406 est
615 4343 673 4403 ista
686 4348 827 4403 veterum
838 4341 925 4401 theo-
973 4348 1118 4419 oreatam,
1133 4347 1164 4402 et
1177 4340 1311 4402 infusam
1333 4340 1471 4401 animam
1488 4340 1610 4420 excipit,
1626 4358 1689 4420 quo
1700 4339 1741 4400 ab

154 4435 298 4516 logorum
323 4436 567 4515 argumentatio;
591 4435 631 4496 ad
651 4434 735 4514 quod
762 4433 924 4494 commode
972 4432 1089 4495 artifice
1122 4439 1236 4494 natura
1261 4433 1372 4495 idonee
1396 4430 1584 4512 perpolitum
1616 4441 1677 4508 est,
1710 4436 1743 4493 et

154 4525 329 4590 iaciendum
343 4528 436 4608 praeit
448 4527 538 4588 nobis
552 4526 690 4588 Gelasius
704 4544 783 4604 papa
795 4524 828 4584 in
841 4524 923 4584 libro
973 4523 1175 4587 elaboratum.
1195 4526 1239 4585 ita
1252 4542 1361 4585 verum
1375 4530 1421 4585 est
1434 4523 1541 4584 ambas
1558 4523 1626 4585 illas
1639 4528 1741 4603 partes

156 4617 288 4680 odansue
308 4617 506 4701 Eutychum,
527 4624 559 4679 et
570 4617 746 4679 Nestorium
765 4613 924 4677 deductus
972 4622 1092 4679 exstare
1115 4616 1219 4691 simul,
1246 4634 1343 4696 eaque
1364 4633 1399 4677 re
1425 4614 1548 4676 differre
1568 4614 1608 4675 ab
1621 4614 1742 4676 naturis

156 4710 286 4774 muris:
303 4709 541 4791 ubiAoepbalos
564 4708 719 4788 refellens,
740 4708 795 4789 qui
815 4707 925 4770 eodem
973 4707 1051 4786 illis,
1080 4727 1152 4789 que
1170 4708 1203 4770 in
1228 4726 1368 4789 persona
1398 4706 1512 4768 Christi
1536 4712 1738 4777 structuram,

192 4953 214 4993 a
230 4937 295 4995 Eur.
311 4939 388 4992 Pau.
407 4950 465 5008 par.
487 4934 522 4999 ll,
544 4935 586 4990 tit.
601 4934 659 4992 XV.
680 4933 727 4987 Διὰ
740 4931 770 4987 τι
794 4932 924 5006 μηδέτερον
1010 4933 1027 4989 ὁ
1045 4933 1136 4990 Assar.
1153 4935 1177 4990 11
1189 4932 1226 4992 de
1241 4938 1297 4990 Aa.
1315 4950 1375 5006 cap.
1388 4951 1407 4998 1,
1424 4941 1479 4991 ter.
1491 4932 1519 4989 7.
1539 4933 1570 4987 El
1583 4933 1610 4987 at
1624 4953 1647 4988 τι
1662 4933 1742 4988 soriti

161 5020 234 5093 χωρὶς
253 5023 297 5073 τοῦ
318 5017 401 5091 ἑτέρου
424 5019 581 5091 προάγουσαν
601 5016 667 5090 ἔχειν
688 5015 841 5082 ὑπόστασιν,
864 5011 925 5086 μηδὲ
974 5017 1053 5085 πάσης
1066 5017 1145 5092 ψυχῆς
1153 5019 1194 5071 δεῖ
1201 5018 1290 5090 λέγειν,
1302 5017 1378 5087 ciuis
1391 5017 1501 5090 ἡπρώτη
1510 5013 1646 5089 ἐντελέχεια
1657 5017 1743 5089 σῶμα·

162 5100 244 5164 σι’)ζιιν
258 5104 301 5157 uba
315 5103 373 5174 ὅροι
383 5104 427 5169 τῆς
440 5101 544 5174 φύσεως,
554 5100 617 5155 κατὰ
632 5098 719 5154 ταύτὸν
736 5097 778 5172 μὲν
792 5096 870 5171 ἀρχὴν
880 5099 926 5150 toti
974 5119 1016 5163 τος
1029 5106 1131 5173 φυσικοῦ
1146 5101 1283 5175 ὀργανικοῦ,

164 5178 222 5238 thar
233 5182 383 5240 λσὸόνταέκ
400 5184 514 5257 γαστρὸς,
528 5184 568 5237 καὶ
581 5183 659 5244 οὕτως
675 5179 708 5245 εἰς
725 5180 768 5236 τὸν
784 5180 835 5253 βίον
853 5176 925 5254 ἐρχό-

165 5284 231 5337 μενα,
245 5266 299 5332 ἐνὸς
308 5266 335 5322 tt
345 5268 411 5330 ζώου
425 5267 540 5322 σύστασιν
550 5263 710 5339 ἐργαζόμενα.

190 5462 200 5505 ι
213 5461 259 5509 tu.
270 5462 349 5509 locut.
361 5462 444 5509 itortd.
459 5459 487 5505 tt
496 5460 551 5506 atu.
561 5456 660 5504 aot-t
672 5457 731 5503 'lom
742 5455 878 5503 ttulit-a
891 5453 954 5499 tour.
968 5452 996 5497 lv
1006 5453 1063 5498 utet.
