4072 6164
343 343 403 402 584
851 338 1179 403 TiiiiOLOGiCOitUbi
1200 338 1419 403 DOGMATUM

344 508 523 587 imperatori
550 510 674 588 oblato,
696 514 822 590 questus
849 512 928 570 esset
948 505 1112 586 Eutyches,
1164 505 1218 586 qui
1231 505 1404 567 doctrinam
1424 506 1503 568 duos
1521 507 1601 569 iiiios
1612 507 1778 571 inducentis
1789 516 1896 589 neget..

345 606 410 661 acta
430 601 549 661 concilii
571 601 611 662 ab
634 602 763 663 notariis
785 601 892 662 falsata
915 617 1000 675 esse;
1026 598 1115 677 jussu
1204 597 1304 659 Futile
1317 603 1364 660 est
1375 598 1435 659 hoc
1449 599 1543 661 etiam
1552 607 1778 680 argumentum,
1786 602 1906 682 quodm

345 693 540 773 imperatoris
574 694 685 755 coactis
728 694 900 773 episcopis,
946 708 1029 752 anno
1067 708 1114 751 se-
1165 690 1275 751 iisdcm
1298 691 1475 771 oppositum
1492 693 1674 754 adversariis
1688 693 1779 756 reiert
1793 696 1907 757 Mareu·

346 787 544 865 quantelli,
559 787 667 847 eadem
680 791 749 847 acta
759 786 872 847 relecta
882 787 967 857 sunt,
978 800 1115 863 presen-
1165 782 1246 844 tius:
1268 783 1356 862 sequi
1375 801 1413 845 ex
1427 801 1464 845 eo
1477 784 1660 846 divisionem
1679 787 1830 847 Trinitatis
1839 785 1907 849 fleri.

345 877 430 938 tibus
473 878 622 957 Eutychis
659 877 851 958 apocrisariis
894 875 1114 949 Constantino,
1167 875 1286 935 Verum
1297 876 1403 936 sicilie
1417 875 1520 936 statim
1538 878 1688 938 mcurrit:
1708 878 1910 941 asineumax

347 968 521 1045 Eleusinia,
541 976 573 1030 et
592 970 772 1030 Constantio
786 967 956 1030 monachis.
972 967 1030 1042 Qui
1044 984 1117 1027 eum
1167 967 1230 1027 lieo
1244 967 1358 1044 dicere,
1379 967 1562 1030 divisionem
1576 988 1642 1031 non
1660 969 1731 1031 iacit
1749 970 1908 1046 divinitatis,

348 1060 501 1121 nonnulla
514 1061 682 1123 identidem
696 1061 842 1122 adversus
855 1066 996 1122 acmnrm
1022 1059 1117 1120 fidem
1167 1058 1266 1119 multo
1284 1059 1383 1138 magis
1397 1077 1497 1120 unum
1510 1079 1548 1121 ex
1562 1062 1713 1122 Trinitate
1725 1060 1832 1135 dicere,
1844 1061 1910 1123 disi·

348 1152 542 1232 objecissent,
549 1152 629 1214 nihii
637 1154 676 1215 de
685 1154 837 1214 sententia
846 1152 899 1213 iiia
908 1157 1118 1214 memoratum
1168 1149 1288 1212 sionem
1302 1168 1367 1211 non
1384 1150 1457 1212 iacit
1469 1152 1639 1214 Trinitatis.
1656 1155 1734 1228 Quia
1750 1172 1811 1214 non
1823 1172 1913 1215 secem

258 1292 263 1301 .
349 1244 389 1304 ab
411 1244 448 1303 iis
462 1245 609 1323 occurrit,
622 1263 684 1325 qua
698 1262 780 1306 unus
793 1244 994 1307 erTrinitaie
1010 1261 1118 1323 passus
1169 1241 1245 1302 dum
1270 1243 1314 1318 id,
1330 1244 1413 1323 quod
1428 1262 1510 1305 unus
1531 1250 1577 1305 est
1599 1246 1691 1322 Deus,
1707 1264 1770 1307 una
1790 1246 1913 1307 divinitas

348 1336 471 1397 dicitur,
1170 1334 1346 1396 Trinitatis:
1368 1335 1422 1396 sed
1439 1336 1612 1397 secundnm
1625 1337 1657 1398 id
1672 1338 1826 1417 quodtres
1838 1344 1911 1411 sunt,
2007 1336 2008 1395 i

388 1428 444 1487 Χῖ.
467 1428 617 1488 Praeterea
627 1427 812 1506 quibusdam
824 1427 1014 1506 argumentis
1022 1445 1120 1508 oppu·
1169 1424 1272 1502 idest,
1287 1427 1381 1488 Pater
1395 1433 1426 1488 et
1440 1428 1589 1503 Christus,
1612 1435 1643 1490 et
1656 1430 1787 1511 Spiritus
1798 1436 1912 1505 εειιθῖεε,

349 1537 446 1599 gnare
474 1518 560 1579 iiiam
583 1519 682 1598 ipsam
709 1519 916 1594 instituerint,
946 1518 1059 1598 quibus
1082 1538 1119 1581 ea
1169 1519 1498 1595 unusileus,Christus
1507 1520 1760 1583 diciturunusde
1774 1522 1913 1598 Trinitate,

351 1610 440 1671 initio
453 1629 517 1672 nou
531 1610 666 1690 placuit:
691 1630 825 1689 quorum
844 1629 944 1672 uuum
958 1613 1017 1672 hoc
1037 1618 1085 1673 est
1101 1631 1120 1674 a
1169 1611 1224 1689 qui
1238 1629 1295 1691 pro
1309 1612 1398 1673 nobis
1408 1631 1515 1692 passus
1531 1619 1575 1674 θεῖ
1584 1632 1717 1675 carue.»

351 1702 697 1782 Ferrandoproditnm¹·,
704 1722 767 1783 quo
774 1722 845 1764 usos
852 1704 895 1764 ait
901 1704 1118 1782 Eutychianos,
1210 1703 1262 1764 Sic
1275 1703 1353 1765 iilud
1367 1704 1622 1767 Nestorianorum
1632 1705 1773 1785 joculare
1785 1712 1837 1781 est,
1848 1706 1916 1785 quod

352 1800 389 1856 ut
408 1795 517 1856 exista
535 1793 668 1856 formula
686 1813 775 1856 suam
797 1795 940 1857 heresim
967 1795 1119 1876 approba·
1172 1795 1204 1855 in
1237 1795 1360 1875 dialogo
1394 1798 1528 1859 seeundo
1565 1799 1711 1879 proponit
1744 1799 1915 1859 Maxentius:

353 1892 441 1965 rent,
458 1904 616 1966 unamque
630 1888 741 1950 Christi
760 1894 906 1949 naturam
926 1905 991 1949 esse
1011 1889 1120 1951 suade·
1176 1888 1360 1967 «Quidquid
1380 1908 1417 1951 ex
1437 1890 1542 1970 aliquo
1565 1908 1631 1952 esse
1658 1890 1783 1968 dicitur,
1808 1896 1857 1951 aut
1872 1908 1918 1970 per

353 1985 434 2040 rent.
455 2000 470 2037 a
485 1979 519 2039 Si
536 1997 633 2053 unus,
649 1980 842 2059 inquiebant,
872 1985 918 2041 θεῖ
930 1979 1070 2041 Christus
1083 1981 1122 2043 de
1171 1980 1414 2059 generationem,
1431 1988 1485 2043 aut
1498 2001 1554 2062 per
1565 1982 1794 2062 processionem
1806 1982 1917 2043 alterum

246 2066 258 2096 ⁰
354 2071 516 2146 Trinitate,
533 2081 564 2133 et
577 2072 713 2133 Trinitas
740 2073 834 2133 unius
848 2076 894 2132 est
920 2070 1119 2135 substantie:
1172 2072 1334 2134 ostendere
1361 2092 1399 2135 ex
1426 2074 1534 2137 altero.
1559 2075 1659 2149 Quare
1682 2074 1711 2135 si
1739 2076 1867 2136 Christus
1888 2092 1918 2135 er

356 2163 455 2226 Unius
482 2182 557 2243 ergo
584 2164 765 2225 substantiae
788 2164 927 2225 Christus
949 2171 1036 2226 esta
1062 2166 1123 2228 Sed
1174 2164 1322 2227 Trinitate
1334 2171 1390 2239 est,
1407 2172 1461 2228 aut
1481 2186 1537 2247 per
1548 2168 1783 2246 generationem
1792 2167 1862 2228 alter
1873 2171 1917 2243 aa

355 2256 415 2318 hoc
442 2256 616 2317 Ferrandns
643 2255 764 2318 dissolvi
778 2257 889 2318 asserit
907 2274 945 2318 ex
965 2275 1017 2332 eo,
1040 2259 1124 2339 quod
1174 2263 1206 2318 et
1223 2262 1269 2317 est
1281 2256 1363 2318 iliius
1383 2259 1563 2336 Trinitatis,
1577 2264 1704 2339 autper
1716 2259 1920 2339 processionem

356 2349 427 2409 dura
437 2353 557 2408 naturae
567 2347 711 2410 distincte
724 2350 953 2429 concipiuntur,
967 2368 1040 2411 cunr
1051 2349 1125 2412 dici·
1174 2349 1252 2410 alter
1261 2354 1318 2427 est,
1326 2350 1441 2428 quasia
1453 2350 1605 2411 Trinitate
1622 2352 1794 2430 procedens
1805 2371 1812 2411 :
1825 2376 1839 2404 ε
1851 2348 1920 2410 reiut

356 2457 438 2516 mus,
454 2437 605 2502 Christum
629 2459 687 2501 ease
711 2460 847 2522 masam:
876 2442 927 2503 vel
950 2442 1010 2504 hoc
1029 2445 1124 2504 etiam
1176 2440 1310 2520 Spiritus
1332 2447 1464 2503 sanctus.
1497 2441 1543 2503 Ne
1569 2461 1666 2522 puero
1682 2444 1809 2522 quidem
1820 2441 1920 2503 difficile
2010 2430 2011 2437 ἵ

356 2531 473 2604 addito,
486 2532 617 2593 income
627 2550 746 2613 passam
759 2552 834 2595 esse.
847 2534 927 2595 Hinc
941 2536 1026 2595 euim
1035 2534 1124 2597 focile
1174 2538 1219 2593 est
1251 2532 1326 2603 hoc,
1360 2533 1443 2613 quod
1476 2534 1654 2595 Maxentius
1689 2534 1863 2616 respondet,
1893 2532 1919 2593 in

357 2641 465 2685 omnes
479 2623 669 2702 intelligunt,
694 2643 759 2685 non
783 2626 945 2688 divinitate
967 2626 1044 2707 ipsa,
1065 2628 1125 2689 hoc
1175 2631 1323 2704 promptu
1346 2624 1479 2686 habere:
1504 2631 1617 2687 neutro
1638 2626 1767 2688 iliorum
1779 2626 1920 2686 modorum

356 2721 402 2777 est
421 2722 532 2777 natura
549 2734 628 2792 una,
658 2723 689 2778 et
708 2718 874 2797 singulari,
892 2719 1047 2780 Christum
1060 2739 1125 2782 esse
1174 2716 1306 2796 intelligi
1329 2734 1366 2776 ex
1389 2717 1539 2779 Trinitate
1562 2736 1626 2780 esse
1648 2719 1822 2792 Christum3
1847 2714 1920 2776 «sei
2011 2744 2012 2777 i

356 2826 501 2889 passum:
512 2808 682 2881 sedaliam,
695 2827 766 2889 quas
777 2809 843 2870 sola
849 2810 913 2889 pati
926 2811 1125 2892 crucifigique
1169 2807 1261 2886 juxta
1271 2826 1439 2870 numerum
1451 2829 1459 2885 ;
1476 2810 1555 2870 sicut
1568 2811 1706 2872 solemus
1720 2829 1818 2872 unum
1829 2825 1920 2889 quem·

356 2900 469 2980 potuit,
484 2901 624 2962 humana
637 2901 817 2963 substantia.
835 2904 957 2963 Rursus
968 2903 1126 2966 instabant
1173 2900 1250 2962 libet
1260 2918 1298 2962 ex
1311 2901 1443 2975 duobus,
1460 2901 1507 2963 vel
1520 2902 1629 2979 tribus,
1638 2903 1818 2983 pluribusve
1829 2899 1922 2981 speda-

356 2993 548 3068 Nestoriani,
563 2993 679 3074 quibus
692 2995 887 3074 potissimum
904 2995 1126 3059 adversabatur
1173 2991 1244 3054 liter
1269 2993 1491 3055 demonstrare.
1515 3019 1528 3048 ε
1558 2995 1598 3055 Ut
1621 2995 1765 3056 Christus
1787 2995 1816 3056 ia
1835 2992 1921 3053 Eoos·

356 3085 529 3146 enuntiatio
557 3086 629 3160 illa3
660 3086 719 3160 Qui
746 3087 910 3147 confitetur
943 3089 1124 3151 crucifixum
1174 3084 1261 3165 pelio,
1287 3084 1377 3160 Unus,
1392 3087 1505 3166 iuquit,
1519 3103 1557 3148 er
1570 3084 1837 3149 codritrarietme‘.

357 3177 782 3253 unumexTrinitate,etiam
796 3178 961 3241 Patremet
974 3182 1124 3259 Spiritum
1216 3179 1285 3239 XII.
1309 3180 1472 3241 Postremo
1483 3180 1592 3240 tritum
1605 3180 1700 3253 illud,
1718 3188 1749 3241 et
1762 3199 1780 3240 a
1793 3179 1923 3257 plerisque
2012 3218 2013 3241 i

356 3269 518 3330 crucifixos
536 3268 660 3331 fatetur.
689 3271 735 3331 ita
758 3271 887 3332 Procius
902 3273 985 3352 apud
999 3275 1125 3336 Maxen—
1173 3271 1339 3348 jactatum,
1361 3271 1415 3332 sed
1438 3272 1504 3332 sola
1525 3272 1626 3351 speeie
1645 3273 1826 3347 molestum,
1841 3271 1923 3349 reipsa
2012 3330 2013 3335 ,

318 3423 322 3431 ,
356 3363 435 3424 tium
450 3367 683 3441 argumentatos
697 3362 767 3425 iilos
781 3382 846 3425 esse
860 3363 1042 3444 significata
1063 3368 1124 3434 Qui
1177 3380 1252 3422 vero
1274 3361 1418 3442 perfacile
1445 3364 1528 3444 apud
1551 3365 1763 3439 Ferraudum,
1779 3370 1809 3426 et
1824 3364 1923 3425 Facun-

357 3462 388 3516 et
402 3455 534 3517 subinde
554 3455 752 3539 respondet:
770 3455 927 3517 Christum
941 3458 974 3516 in
988 3458 1046 3519 hac
1060 3460 1125 3539 ipsa
1177 3456 1265 3531 drrm,
1279 3455 1416 3535 aliosque
1427 3456 1539 3534 iegitur
1548 3453 1570 3516 ⁸:
1589 3457 1658 3518 «Ne
1670 3456 1851 3529 dicentibus,
1858 3469 1924 3514 unus

358 3546 611 3626 substantiaque
621 3565 721 3608 unum
731 3554 776 3608 est
785 3550 956 3610 cumPatrc
965 3556 997 3611 at
1008 3551 1124 3630 Spiritu
1176 3549 1215 3608 de
1246 3548 1394 3609 Trinitate
1425 3566 1548 3627 passus,
1577 3548 1745 3629 inquisitor
1780 3548 1925 3610 acernum

358 3643 463 3700 sancto
490 3656 556 3699 non
580 3657 645 3699 esse
673 3657 808 3718 passum.
835 3640 899 3700 «si
919 3647 1024 3702 autem
1043 3643 1127 3704 dice·
1176 3639 1274 3701 dicat:
1302 3639 1379 3719 quid
1392 3640 1497 3701 unus?
1511 3646 1542 3701 et
1554 3642 1825 3721 respondentibus,
1838 3639 1923 3711 tilium

358 3747 464 3793 remus
478 3749 551 3791 enm
564 3730 725 3791 divinitate
750 3730 944 3810 crucifixum,
967 3751 1076 3796 revera
1092 3736 1126 3796 iu
1175 3732 1290 3792 iterum
1307 3731 1408 3807 dicat3
1424 3733 1505 3807 Ergo
1519 3733 1545 3793 si
1561 3751 1643 3794 unns
1668 3741 1717 3797 θεῖ
1736 3734 1816 3795 filius
1827 3733 1862 3793 de
1873 3730 1927 3791 Tri

359 3823 511 3884 Trinitate
525 3823 702 3904 passionem
720 3823 949 3886 induceremus.
976 3826 1008 3887 Si
1022 3832 1127 3888 autem
1177 3825 1290 3897 nitate,
1311 3823 1361 3885 vei
1384 3842 1465 3885 unus
1489 3831 1535 3886 est
1549 3826 1730 3903 Trinitatis3
1751 3825 1926 3887 tiliorumest

358 3916 502 3985 dicimus,
532 3915 616 3996 quod
642 3915 675 3976 in
698 3934 791 3977 carne
813 3933 868 3977 sua
882 3918 1037 3997 passiones
1049 3919 1126 3980 Ver·
1177 3917 1333 3992 Trinitas;
1358 3922 1412 3977 aut
1423 3918 1583 3979 Trinitatis
1603 3923 1650 3979 est
1672 3917 1776 3980 iilius:
1803 3919 1925 3995 Respon-

306 4037 310 4045 ·
359 4007 436 4075 bum
449 4008 593 4088 suscepit,
617 4007 821 4086 confitemur,
837 4008 910 4088 quia
929 4015 961 4070 et
974 4017 1126 4088 unusest,
1177 4007 1322 4069 dentibus
1334 4010 1428 4078 Deus,
1443 4009 1542 4070 dicat:
1559 4009 1722 4083 Quomodo
1736 4006 1926 4089 estqrrispiam

360 4101 398 4162 de
423 4100 584 4177 Trinitate,
614 4101 669 4180 qui
697 4117 803 4180 passus
826 4106 886 4176 est,
917 4107 948 4163 ct
970 4103 1129 4164 Trinitatis
1177 4119 1259 4160 unus
1273 4100 1405 4161 Deuade
1418 4100 1585 4179 Trinitate,
1611 4118 1684 4162 eum
1711 4102 1836 4163 nonsit
1859 4113 1927 4159 unus

361 4198 474 4253 natura
497 4191 694 4271 impassibilis
717 4193 841 4253 mansit.
868 4214 884 4250 a
911 4194 1004 4272 ltem,
1037 4220 1050 4247 ι
1065 4196 1130 4256 Ηοθ
1179 4194 1273 4266 Deus,
1289 4192 1348 4253 nisi
1361 4191 1548 4253 Trinitasiu
1568 4192 1625 4253 Cui
1637 4194 1682 4254 sic
1696 4193 1820 4255 obviam
1832 4192 1855 4251 it
1867 4189 1927 4250 Fer·

361 4284 544 4346 crucifixum
571 4289 632 4359 est,
667 4284 752 4365 quod
786 4285 982 4347 incarnatum
1008 4293 1064 4349 est.
1095 4287 1128 4349 Si
1178 4285 1307 4359 raudus3
1339 4309 1353 4338 s
1381 4284 1460 4345 Huic
1482 4285 1669 4345 dubitationi
1694 4285 1800 4357 faede,
1825 4282 1927 4362 inquit,

360 4383 466 4439 auten
481 4376 566 4458 quod
579 4377 773 4437 incarnatum
796 4383 852 4451 est,
868 4378 1049 4439 crucifixum
1064 4385 1126 4455 est;
1178 4377 1361 4452 occurritur,
1373 4377 1399 4436 si
1412 4376 1487 4455 quid
1493 4377 1533 4439 sit
1541 4377 1687 4452 Trinitas,
1703 4376 1925 4439 consideremus.

360 4469 452 4530 Pater
465 4475 570 4532 autem
591 4475 621 4530 et
636 4469 771 4549 Spiritus
797 4488 862 4531 non
885 4477 931 4532 est
952 4471 1130 4533 incarnatus
1178 4468 1313 4530 Trinitas
1325 4468 1421 4543 enim,
1437 4468 1520 4547 quod
1534 4486 1616 4547 saepe
1629 4469 1796 4530 dicendum
1809 4471 1928 4544 estpr-

361 4581 443 4623 unus
457 4579 531 4641 ergo
548 4561 586 4622 de
604 4560 755 4623 Trinitate
768 4567 814 4623 est
826 4562 1031 4624 crucifixus.»
1049 4564 1130 4625 Tum
1179 4578 1326 4622 sonarum
1338 4565 1384 4621 est
1396 4561 1539 4621 Trinitas.
1556 4560 1638 4626 Quid
1652 4577 1726 4638 ergo
1739 4558 1866 4620 Trinitas
1878 4552 1927 4615 nisi

361 4654 535 4715 Ferrandus
561 4651 680 4715 reeie³z
712 4678 726 4706 ι
755 4654 839 4715 Sicut
863 4655 1001 4734 quisquis
1030 4656 1130 4717 Deum
1179 4659 1242 4715 tres
1265 4652 1429 4733 persona?
1452 4653 1527 4726 Qua
1548 4657 1622 4712 sunt
1638 4658 1701 4714 tres
1721 4642 1927 4733 personam&

361 4746 652 4826 pradicatpassum,
664 4764 729 4807 non
744 4746 947 4807 substantiam
962 4746 1131 4809 divinitatis
1180 4747 1281 4823 Pater,
1292 4745 1398 4821 Filius,
1412 4750 1443 4805 et
1456 4744 1589 4825 Spiritus
1597 4744 1741 4806 sanctus?
1755 4745 1791 4804 ln
1801 4743 1856 4804 hae
1866 4753 1927 4817 ergo

361 4840 434 4900 iacit
447 4838 636 4920 passibilem,
660 4838 713 4898 sed
729 4838 897 4899 divinitatis
921 4839 1128 4919 impassibilis,
1179 4839 1330 4899 Trinitate
1355 4855 1456 4917 neque
1474 4837 1578 4897 Patres
1601 4836 1733 4911 invenis,
1754 4830 1928 4915 ncqueiiiios

361 4939 393 4994 et
403 4930 616 5007 humanitatis,
632 4949 702 5010 quaa
713 4930 867 5008 subjacuit
875 4931 1021 5011 passioni,
1034 4950 1130 4993 unam
1179 4936 1252 5004 tres,
1266 4948 1367 5010 neque
1382 4929 1516 5009 Spiritus
1524 4935 1646 4990 sanctos
1656 4935 1727 5003 tres,
1742 4934 1774 4989 et
1784 4931 1928 5007 propterca

362 5029 515 5085 monstrat
525 5041 590 5084 esse
602 5040 783 5103 personam:
799 5024 848 5084 Sic
861 5041 963 5085 unum
977 5024 1014 5085 de
1026 5024 1130 5086 Trini-
1180 5041 1307 5085 securus
1317 5022 1408 5084 dieis:
1421 5022 1525 5082 Unum
1536 5020 1574 5081 da
1588 5013 1928 5094 remanentiumque

361 5122 425 5177 tate
452 5134 578 5197 passum
603 5116 785 5194 praedicans,
815 5116 967 5178 unitatem
990 5135 1132 5196 persona
1181 5135 1247 5178 non
1269 5116 1366 5177 estin
1384 5114 1537 5175 Trinitate
1559 5112 1642 5173 filins
1660 5112 1719 5173 nisi
1741 5128 1833 5184 uuus,
1855 5106 1929 5184 cutis

363 5209 560 5271 commendat
584 5209 619 5269 in
644 5208 783 5288 uirisque
810 5210 940 5287 naturis,
968 5210 1133 5271 excludens
1182 5225 1347 5288 personam
1370 5206 1578 5285 significantes
1599 5205 1755 5277 dieamus,
1784 5218 1878 5264 mum
1896 5195 1927 5256 tlt

363 5301 552 5365 Nestorisue
588 5302 739 5365 hereseos
766 5300 916 5364 asianam
948 5302 1131 5382 perfidiam,
1182 5303 1331 5363 Trinitate
1344 5317 1480 5381 passum.
1496 5320 1512 5359 a
1530 5298 1661 5375 Clarius,
1679 5302 1708 5359 et
1726 5295 1849 5358 uberim
1860 5289 1927 5368 idip

392 5499 401 5541 i
420 5499 466 5543 Tar.
478 5497 506 5542 ad
515 5500 608 5544 iuot.-
618 5495 634 5540 t
646 5495 702 5542 ilar.
716 5495 808 5549 ini’rci.
820 5502 836 5541 t.
845 5496 873 5541 ii
884 5498 940 5544 iiiii.
952 5497 1051 5542 titis-t
1065 5498 1098 5541 Aci
1106 5508 1144 5542 aa.
1155 5495 1252 5543 itit-i
1265 5497 1331 5541 lars.
1344 5503 1389 5547 xrs,
1399 5492 1482 5539 i8.-.'i
1495 5493 1545 5538 Fer,
1554 5497 1571 5537 t.
1579 5492 1606 5537 li
1617 5493 1673 5539 atta
1685 5490 1728 5539 eei.
1740 5489 1790 5534 m.
