4036 6162
332 310 395 373 tte
845 309 1171 385 inflammantium
1191 310 1412 375 DOGMATUM

332 478 389 538 ait.
423 477 503 538 Item
531 476 590 538 istu
623 476 790 557 praeclare:
810 476 1105 551 «Quemadmodum
1153 496 1218 540 unu
1231 497 1363 561 persona
1376 484 1690 556 mbuamnostram,
1710 480 1921 546 memorabilis
2000 478 2009 493 ‘

336 569 486 631 Dominus
500 587 613 650 corpus
626 570 760 632 induens
786 570 881 632 homo
909 569 1009 633 iactus
1031 579 1101 635 est:
1153 572 1350 653 estejusdem
1372 572 1480 634 Hilarii
1501 571 1588 634 locus
1605 571 1638 632 in
1653 570 1734 632 libro
1755 578 1866 635 octauo
1887 573 1921 637 de

333 660 377 723 ite
404 677 461 721 nos
482 661 625 724 homines
653 663 795 725 oVerbo
816 662 1016 743 deificamur,
1034 682 1104 745 aper
1154 664 1387 727 Triur'taterubi
1394 666 1507 745 duplici
1517 682 1557 726 ex
1569 664 1668 745 capite
1680 664 1919 745 illamsdstmit,

333 770 458 817 caruem
481 754 579 834 ipsius
591 757 797 836 assumpti⁶u
1153 756 1388 830 lucarnationis‚
1400 763 1434 819 et
1444 757 1656 819 Eucharistiae.
1667 758 1747 818 Nam
1757 757 1920 839 utrobique

374 847 610 926 lX..Gregorius
628 848 786 928 Nyssenus
803 849 980 912 humanum
1004 866 1102 926 genus
1152 855 1279 929 propter
1288 849 1390 911 caruis
1399 849 1652 911 communionem
1660 867 1760 927 unum
1771 851 1920 914 efficimur

332 938 512 1000 universum
539 939 573 999 in
598 941 764 1018 assumptis
787 960 805 1003 a
828 941 930 1003 Verbo
958 941 1102 1022 primitiis
1152 958 1224 1002 oum
1237 942 1399 1003 incarnato
1414 943 1489 1004 Deo.
1514 963 1527 999 ν
1547 941 1581 1004 Si
1595 941 1680 1003 enim
1693 960 1765 1004 vere
1780 943 1920 1006 Verbum

331 1032 444 1121 virtute
467 1033 725 1112 comprehensum
751 1035 844 1096 fuisse
858 1033 997 1110 scribit¹;
1013 1035 1102 1114 cuijus
1150 1050 1222 1094 caro
1235 1035 1351 1094 factum
1365 1038 1422 1109 est,
1437 1040 1468 1095 et
1485 1052 1543 1096 nos
1556 1051 1628 1097 vere
1643 1034 1781 1096 Verbum
1796 1053 1921 1099 carnem

331 1123 425 1185 verba
435 1125 563 1185 reddam
578 1131 694 1205 postea
710 1128 749 1187 Et
758 1127 792 1188 in
804 1127 886 1188 libro
899 1124 1099 1203 Catecdetc'co3
1151 1125 1222 1187 cibo
1236 1126 1397 1187 [lominica
1404 1126 1558 1187 sumimus
1568 1144 1577 1202 ;
1588 1126 1745 1205 quomodo
1755 1146 1825 1190 non
1834 1135 1920 1191 natu·

331 1217 461 1292 Quando
488 1217 627 1277 Christus
650 1220 839 1295 resurrexit,
874 1219 937 1280 uin
962 1219 1103 1280 humana
1150 1218 1256 1280 raliter
1269 1236 1396 1280 manere
1409 1219 1442 1279 in
1456 1218 1546 1280 nobis
1557 1218 1781 1280 existimandus
1795 1227 1854 1295 est,
1869 1223 1921 1301 qui

329 1308 370 1370 ab
384 1308 438 1370 iilo
465 1315 623 1388 assumpta
642 1310 859 1384 ‚concretione
889 1321 920 1373 et
946 1310 1100 1389 composi·
1150 1316 1181 1372 et
1194 1316 1339 1372 naturam
1352 1311 1453 1372 carnis
1470 1316 1585 1372 nostroe
1599 1310 1667 1390 jam
1681 1311 1921 1393 inseparabilem

329 1400 431 1474 tione,
482 1419 555 1462 cum
600 1406 671 1480 post
701 1402 942 1471 ‚dissolutionem
996 1402 1102 1464 anima
1150 1403 1311 1464 sibibomo
1321 1408 1413 1464 natus
1421 1403 1589 1483 assumpsit
1596 1423 1605 1479 ;
1621 1410 1651 1464 ct
1660 1411 1807 1465 naturam
1822 1405 1921 1467 carnis

329 1512 438 1555 rtsrsus
454 1494 495 1555 ad
509 1512 620 1573 corpus
639 1494 789 1571 rediisset,
808 1496 895 1557 velut
917 1515 938 1557 a
962 1495 1100 1574 quodum
1148 1512 1213 1556 suae
1228 1496 1267 1557 ad
1283 1501 1429 1559 naturam
1444 1496 1626 1558 aeternitatis
1644 1496 1702 1557 sub
1718 1497 1919 1559 Sacramenta

329 1586 440 1660 initio,
486 1587 521 1647 iu
557 1586 735 1647 universam
780 1587 916 1651 hominis
954 1592 1099 1649 naturam
1149 1586 1515 1650 nobisoommuuicandoe
1527 1588 1920 1651 earnisadmiscuit.uVida

329 1679 443 1739 virtute
468 1679 613 1740 transisse
644 1695 684 1739 ex
714 1696 804 1757 aequo
840 1678 1100 1740 communicatam
1150 1680 1305 1741 Irenaeum
1316 1679 1398 1741 libro
1409 1681 1449 1754 V,
1461 1680 1562 1761 capite
1570 1680 1717 1742 secundo.

328 1771 405 1848 ejus,
421 1771 505 1850 quod
519 1770 703 1833 dissolutum
712 1769 824 1845 fluerat,
834 1771 1010 1833 unitionem
1018 1770 1101 1832 altir-
1188 1772 1384 1851 prraemius
1409 1772 1623 1833 Antiochenus
1641 1773 1822 1853 patriarcba
1842 1775 1921 1855 apud

328 1861 457 1924 mati.»
1149 1863 1314 1939 Photium,
1335 1882 1374 1926 ex
1387 1863 1505 1943 cyrillo
1524 1864 1610 1927 illam
1622 1864 1762 1926 omnium
1775 1871 1920 1928 nostrum

367 1955 460 2033 Cujus
467 1972 593 2016 cauum
600 1954 724 2034 planius
737 1960 841 2034 postea
850 1954 883 2015 in
892 1954 973 2017 libro
987 1955 1098 2016 eodem
1148 1973 1222 2017 cum
1234 1958 1296 2017 ileo
1309 1956 1539 2036 copulationem
1556 1974 1613 2037 per
1634 1956 1728 2017 unius
1752 1957 1921 2036 singularis

327 2047 485 2109 edisserit:
506 2046 703 2121 «Quoniam,
731 2045 845 2126 inquit,
871 2050 934 2108 ndu
958 2047 1095 2123 aliunde,
1147 2048 1392 2128 assumptionem
1417 2053 1547 2117 uaturoe,
1563 2048 1693 2128 pulcbre
1705 2048 1740 2108 in
1753 2048 1806 2109 his
1820 2050 1921 2111 verbis

327 2156 423 2218 quam
438 2157 477 2200 ex
499 2156 600 2200 massa
621 2143 744 2207 nostra,
766 2156 838 2199 caro
852 2137 906 2199 illa
927 2144 1004 2213 erat,
1028 2156 1099 2217 qua
1146 2140 1276 2216 indicat,
1291 2141 1578 2221 quaeinpostrema
1591 2138 1632 2201 ud
1643 2142 1763 2202 Patrem
1778 2142 1921 2204 oratioue

326 2231 428 2291 Deum
441 2231 577 2307 excepit,
606 2248 739 2309 quaeque
764 2248 820 2310 per
842 2230 1098 2292 resurrectionem
1146 2231 1276 2294 loannis
1289 2233 1389 2312 capite
1410 2248 1479 2294 xvn
1504 2231 1653 2311 leguntur
1674 2237 1726 2294 :ut
1740 2233 1805 2294 sint
1816 2253 1920 2311 uuum,

326 2340 398 2387 oum
417 2322 576 2384 divinitate
602 2322 695 2383 simul
717 2323 751 2383 in
777 2323 876 2384 altum
898 2328 945 2384 est
970 2330 1095 2399 evectu
1146 2323 1226 2386 ucat
1251 2332 1280 2385 et
1303 2343 1356 2386 uos
1382 2343 1472 2385 unam
1486 2343 1586 2385 sumas
1604 2323 1630 2399 θ,
1669 2324 1789 2401 «Volo,
1805 2325 1919 2406 iuquit,

325 2414 591 2495 quemadmodum
616 2414 649 2475 in
672 2421 778 2475 nostro
798 2433 927 2494 corpore
951 2415 1046 2476 unius
1059 2433 1099 2477 ex
1147 2421 1220 2477 utet
1230 2417 1288 2496 ipsi
1302 2417 1335 2477 iu
1349 2416 1500 2477 unitatem
1510 2416 1740 2496 quodammodo
1751 2416 1920 2479 collectiin

326 2524 476 2567 sensuum
489 2505 705 2568 instrumentis
726 2505 807 2568 actio
827 2511 929 2568 totttm
955 2507 996 2567 ad
1018 2524 1096 2567 con·
1147 2509 1321 2570 seinvicem
1332 2507 1531 2581 misceantur,
1545 2526 1582 2570 ac
1595 2508 1681 2569 velut
1693 2526 1795 2570 unum
1807 2527 1920 2591 corpus

325 2615 450 2661 sensum
460 2599 609 2673 trahitid‚
623 2597 788 2678 quodcum
795 2604 882 2677 parte
893 2599 1094 2677 conjunctum
1146 2601 1246 2662 effecti
1259 2602 1369 2662 omnes
1381 2601 1414 2661 in
1428 2618 1479 2661 me
1495 2599 1568 2676 sint,
1597 2605 1704 2681 utpote
1729 2601 1784 2680 qui
1805 2619 1917 2663 omnes

325 2696 391 2750 est:
422 2692 469 2751 lta
493 2690 621 2770 perinde
648 2707 684 2751 ac
713 2689 738 2749 si
765 2695 878 2750 natura
908 2695 972 2751 tota
995 2707 1096 2751 unum
1144 2691 1215 2753 illos
1224 2692 1257 2752 iu
1272 2710 1336 2753 uno
1352 2691 1469 2771 templo
1482 2708 1569 2770 gero,
1585 2691 1669 2772 quod
1680 2692 1878 2773 assumpsi.»

324 2783 482 2862 quoddam
496 2782 537 2844 sit
550 2782 677 2849 animal.
693 2780 788 2842 unius
799 2782 985 2844 resurrectio
998 2782 1095 2861 partis
1185 2784 1235 2846 Sic
1248 2784 1336 2844 'litus
1349 2784 1520 2845 bostrensis
1541 2782 1603 2865 (Sic
1618 2784 1719 2859 euim,
1734 2782 1812 2844 lalso
1830 2784 1916 2863 licat,
1964 2826 1971 2841 .

323 2875 435 2938 transit
459 2876 495 2937 in
517 2881 639 2936 totum:
657 2892 727 2954 quta
746 2872 874 2952 quidem
896 2891 954 2952 pro
975 2878 1096 2935 naturae
1145 2873 1863 2955 inscribiturladcaputLueoexu.uCh1istum
1876 2877 1919 2938 ait
2009 2938 2010 2981 q

322 2967 544 3043 continuitate,
567 2973 598 3029 et
616 2966 772 3040 unitione,
788 2971 907 3046 aparte
921 2965 955 3027 in
967 2966 1095 3028 univer·
1143 2985 1200 3048 per
1212 2985 1322 3028 massae
1335 2971 1450 3028 nostrae
1461 2965 1614 3047 primitias
1627 2966 1806 3030 uniuersam
1822 2974 1915 3030 nunt·

322 3059 643 3121 sumatffimditur‘.»
703 3080 707 3087 ·
1142 3076 1210 3125 ram
1224 3058 1604 3121 humeuuuinduissec»

362 3150 445 3211 Hinc
458 3150 665 3222 Ambrosius¹,
683 3171 699 3208 u
712 3148 918 3224 Benedicitur,
933 3150 1045 3229 inquit,
1059 3150 1094 3209 in
1183 3151 1221 3212 Et
1233 3151 1294 3212 Leo
1307 3168 1387 3232 papa
1399 3167 1541 3212 sermone
1561 3149 1662 3231 primo
1676 3147 1711 3225 de
1724 3149 1914 3232 Epiphaneia,

322 3242 442 3302 Christo
456 3247 551 3318 terra,
567 3241 627 3303 boc
640 3248 686 3304 est
700 3261 783 3318 earo,
799 3241 982 3321 utapriore
995 3241 1092 3303 male·
1147 3264 1162 3302 a
1189 3249 1335 3304 naturam
1362 3242 1516 3303 universae
1547 3241 1748 3303 humanitatis
1771 3260 1915 3324 assump-

321 3333 402 3395 dieto
417 3333 565 3395 solvatur.
581 3334 779 3396 Beneiieitur
792 3351 875 3407 caro,
891 3351 986 3414 quam
997 3333 1093 3395 bene·
1141 3341 1237 3397 mmo
1254 3335 1309 3395 ait.
1328 3333 1403 3395 Vide
1419 3333 1571 3414 cyrillum
1590 3333 1671 3395 libro
1686 3333 1787 3415 primo
1809 3340 1915 3398 cantro

321 3425 420 3487 dictus
454 3426 551 3488 Filius
578 3426 634 3487 Dei
661 3431 819 3506 assumpta
842 3425 980 3487 bominis
1015 3443 1093 3487 oon·
1142 3424 1329 3490 Nestorium.

321 3518 437 3580 ditione
452 3518 596 3598 suscepit.
610 3538 626 3578 u
640 3519 678 3580 Et
692 3517 828 3580 Hilarius
846 3517 928 3579 libro
942 3517 1090 3579 secundo.
1181 3517 1316 3596 Atljumt
1324 3516 1406 3578 hauc
1413 3516 1540 3579 unitatis
1551 3521 1667 3578 nostras
1676 3534 1748 3578 cum
1759 3517 1824 3578 lleo
1833 3537 1912 3597 pra·

220 3634 223 3641 ¹
322 3611 432 3671 aNon
460 3609 513 3671 ille
540 3609 628 3689 eguit
651 3609 747 3672 homo
781 3610 876 3685 effici,
907 3627 964 3689 per
998 3627 1092 3689 quem
1141 3609 1314 3688 rogativam
1339 3608 1434 3669 etiam
1455 3608 1509 3671 illa
1522 3610 1703 3670 Graecorum
1716 3608 1911 3690 quampluri·

319 3702 414 3763 bomo
434 3701 532 3763 lactus
551 3706 615 3763 est:
637 3701 691 3762 sed
714 3719 773 3763 nos
796 3700 940 3780 eguimus
955 3706 991 3762 ut
1009 3702 1092 3763 Deus
1141 3718 1267 3762 morum
1292 3701 1420 3761 Petrum
1451 3701 1625 3776 sententia3
1657 3701 1712 3780 qui
1738 3700 1911 3764 humanam

318 3811 390 3855 caro
415 3792 520 3870 lieret,
554 3798 586 3854 ct
613 3793 767 3855 babitaret
793 3793 827 3853 in
854 3792 961 3869 nobis;
987 3792 1092 3855 idest
1141 3792 1707 3873 assumptamailbristonaturamnon
1720 3794 1910 3873 singularem

317 3886 528 3965 assumptione
548 3885 650 3947 carnis
671 3886 775 3958 unius,
791 3884 915 3946 interna
934 3883 1088 3947 universae
1138 3885 1231 3947 tuisse
1246 3890 1371 3964 putant,
1382 3884 1437 3946 sed
1450 3883 1667 3947 universalem.
1683 3885 1772 3959 Quod
1784 3886 1911 3965 quidam

318 3979 419 4041 carnis
429 3977 618 4040 incoleret.»
1138 3978 1246 4039 dextre
1258 3976 1354 4056 accipi
1369 3976 1470 4039 debet.
1485 3975 1612 4057 Alioqui
1628 3975 1723 4039 stulto
1735 3983 1767 4038 et
1778 3978 1910 4039 ridiculo

358 4070 396 4131 X.
420 4071 462 4132 lle
475 4071 533 4132 hac
547 4076 653 4133 nostra
670 4086 748 4131 uum
771 4070 834 4130 Deo
859 4066 1087 4147 conjunctione,
1139 4085 1313 4130 errorenos
1327 4068 1507 4148 implicabit.
1523 4068 1601 4130 Vide
1615 4086 1689 4148 ergo
1699 4086 1769 4148 qun
1782 4068 1909 4130 inlibro
2007 4080 2008 4087 ’

317 4180 380 4242 qua
391 4181 493 4224 uuum
512 4179 621 4224 sumus
634 4180 708 4224 eum
721 4166 896 4243 eapropter
909 4159 1038 4223 ascitam
1050 4159 1089 4222 ab
1139 4158 1174 4223 de
1191 4159 1340 4223 Triuitcte
1354 4167 1464 4241 quarto
1475 4161 1514 4222 de
1527 4179 1565 4223 eo
1578 4160 1713 4223 diximus
1722 4159 1746 4237 ’,ι
1762 4167 1832 4224 tum
1840 4179 1909 4243 qum

351 4355 374 4396 a
391 4341 449 4397 Arta
474 4342 556 4397 otjlv.
571 4337 614 4401 Ὦς
623 4337 671 4411 γὰρ
681 4338 696 4392 θ
707 4338 786 4411 κύριος
796 4336 954 4412 ἐνδυσάμενος
968 4338 997 4392 το
1006 4344 1090 4410 σῶμα,
1139 4342 1183 4393 τοῦ
1196 4337 1249 4402 ἐνὸς
1259 4342 1308 4394 τῶν
1318 4336 1479 4409 αἶσθητηρθων
1494 4334 1602 4410 btppa
1614 4339 1675 4412 πρὸς
1688 4341 1754 4395 ἅπαν
1768 4340 1813 4410 vqs
1827 4345 1909 4398 meai.

316 4423 414 4495 γθγονεν
429 4424 565 4497 ἅνθρωπος,
578 4421 768 4494 οθτωςὴμοῖςοὶ
798 4422 922 4494 ἅνθρωποι
957 4420 1026 4493 παρὰ
1047 4425 1090 4476 τοῦ
1139 4422 1222 4490 σθησιν
1237 4420 1472 4493 ἅγειτθὴνωρίνον
1487 4425 1523 4493 τῷ
1538 4422 1614 4494 pipu-
1630 4422 1708 4486 οὕτως
1726 4425 1833 4499 καθάπιρ
1846 4426 1909 4491 τινος

315 4505 392 4577 λόγου
401 4507 574 4578 θεοποιοθμεθα
587 4505 778 4579 προσληφθέντος
787 4504 828 4557 διὰ
837 4509 880 4573 τῆς
894 4505 984 4579 σαρκὸς
1004 4502 1088 4559 sicot.
1139 4504 1211 4566 ὄντος
1232 4505 1298 4566 (dou
1312 4504 1390 4571 πάσης
1407 4506 1451 4571 τῆς
1470 4503 1572 4574 φύσεως,
1587 4503 1602 4572 ἡ
1617 4508 1661 4559 τοῦ
1676 4507 1765 4579 μέρους
1779 4508 1908 4573 dudum

354 4587 371 4643 θ
395 4588 484 4643 Gara.
509 4589 586 4645 Ntss.
615 4604 675 4659 cap.
703 4603 760 4644 xvi.
786 4587 884 4644 Cales.
911 4585 957 4641 Ἐν
980 4586 1029 4659 γὰρ
1053 4591 1090 4658 τῷ
1138 4584 1178 4640 tat
1188 4586 1217 4641 το
1230 4588 1277 4640 πᾶν
1291 4583 1450 4660 διεξέρχεται,
1461 4585 1525 4640 κατὰ
1535 4588 1566 4640 ud
1577 4589 1676 4662 susq&
1687 4608 1723 4653 rt,
1734 4591 1907 4664 καὶηνωρένον
2006 4588 2007 4631 l

317 4668 478 4740 ἂναληρθὶντι
497 4669 555 4743 παρ’
580 4669 655 4725 αὐτοῦ
676 4669 820 4742 ἀνθρωπίνῳ
841 4671 997 4743 σογκρῐματι,
1016 4668 1089 4722 πάλιν
1138 4673 1182 4738 τῆς
1195 4671 1298 4742 φύσεως,
1310 4667 1336 4722 ἔκ
1345 4673 1389 4723 τοῦ
1400 4669 1486 4741 μέρους
1500 4666 1646 4724 biduo
1657 4673 1825 4744 οννθιδομθνη.
1876 4692 1882 4704 ·

318 4752 380 4825 prul
395 4752 438 4821 την
450 4754 572 4818 διάλυσιν,
587 4753 648 4825 πρὸς
661 4753 690 4807 τὸ
707 4759 781 4824 σῶμα
794 4756 838 4821 τῆς
850 4753 929 4827 ψοχῆς
943 4750 1089 4806 &euolut-
1173 4752 1196 4808 d
1213 4753 1326 4809 Erana.
1341 4751 1416 4822 apud
1432 4749 1512 4807 thot.
1529 4753 1591 4808 cod.
1611 4770 1716 4810 ccxxix.
1732 4755 1805 4810 otto
1818 4756 1905 4827 βούλο·

317 4855 371 4904 οης,
391 4829 446 4890 οἶον
469 4835 597 4898 ἀπότινος
611 4835 698 4909 ἀρχῆς,
720 4833 754 4897 εἰς
776 4837 858 4890 πᾶσαν
871 4835 915 4904 τὴν
937 4834 1089 4907 ἀνθρωπίνην
1139 4835 1239 4907 putica
1251 4835 1292 4888 cal
1307 4833 1377 4889 αθτοὶ
1392 4833 1425 4896 οἷς
1437 4832 1540 4902 θνότητά
1549 4854 1605 4889 τινα
1618 4837 1777 4911 συναχθέντες
1789 4837 1904 4905 ἀλληλοις

317 4919 387 4992 pilatu
401 4924 432 4991 τῇ
447 4919 549 4991 δυνάμι
562 4917 625 4973 κατὰ
640 4917 669 4972 rb
682 4915 736 4971 ἴσον
748 4918 763 4986 ἡ
778 4922 821 4971 τοῦ
833 4919 995 4992 tuaquom
1003 4918 1090 4981 ἰνωσνς
1138 4917 1302 4990 sapatum,
1315 4916 1357 4970 ml
1369 4917 1454 4989 ὥσπερ
1467 4917 1494 4970 lv
1503 4924 1577 4989 olipa
1587 4922 1720 4993 γννθρινον
1736 4919 1762 4975 lv
1777 4920 1830 4993 ἐμοὶ
1840 4921 1902 4975 udr-

318 5001 446 5057 dtudaisu.
1137 5020 1177 5064 τις
1190 4995 1262 5066 ὦσιν,
1277 5001 1312 5063 ὣς
1322 5000 1415 5063 πάντας
1428 4994 1543 5075 φοροῦντι
1552 5000 1647 5058 triam
1660 5002 1715 5067 θνθς
1728 5004 1903 5076 θναληρθθντος
2005 5024 2006 5069 3

354 5083 457 5141 olbid.
484 5100 546 5155 cap.
573 5098 658 5146 xxxrr,
686 5082 734 5139 cit.
763 5099 780 5139 a
806 5080 912 5139 Tbeod.
941 5081 1009 5138 diat.
1038 5082 1086 5138 lll.
1137 5088 1206 5139 ναοῦ.

321 5166 424 5238 Ἐπνιὸη
443 5166 548 5241 γὰρούκ
561 5167 676 5230 ἄλλοθεν,
691 5163 1089 5238 ἀλλ’θιτοῦὴριτθρονρνράρα-
1173 5166 1289 5223 e'l'ttns
1313 5165 1390 5220 Busr.
1419 5170 1487 5222 lom.
1509 5165 1571 5224 Xlll
1592 5164 1669 5224 Bibl-
1694 5166 1765 5224 ’tlt’
1786 5169 1802 5224 d
1824 5172 1900 5225 adm

316 5271 369 5318 τος,
383 5251 399 5320 η
414 5253 531 5325 θιοδόχος
544 5249 605 5323 σὰρξ
614 5246 680 5320 lul)
695 5246 737 5302 at
748 5250 792 5316 τῆς
804 5246 959 5311 baudana
973 5266 1090 5320 οννοπαρ·
1137 5247 1290 5321 ἀνθρωπίνην
1303 5248 1374 5322 ptati
1388 5246 1430 5303 bric
1442 5250 1486 5316 tit
1497 5248 1610 5324 ἀκιρχῆς
1627 5254 1672 5307 τοῦ
1685 5253 1899 5327 megmgm-

316 5335 543 5410 θεῖοαῄθοθτητι,
561 5335 645 5408 &amp
661 5330 758 5389 introi
780 5330 834 5386 καθ’
852 5330 918 5405 ἡμᾶς
942 5330 1087 5405 ούρανοςὴ
1136 5330 1245 5405 θθρινος.

344 5479 356 5524 t
371 5478 499 5526 utrm.
509 5480 597 5527 m·
608 5478 624 5523 t
636 5476 713 5524 datr.
726 5477 751 5523 tu
762 5478 799 5524 Pa
809 5475 943 5524 maort.
953 5476 1037 5523 tra-⁸
1048 5474 1102 5533 usp.
1113 5484 1144 5519 tr.
