4036 6162
543 361 593 423 llE
611 346 913 434 lHGARNA'HONE‚
936 350 1013 420 bis.
1036 352 1075 427 11,
1099 352 1183 419 ClP.
1206 352 1259 417 VI.
1626 344 1688 405 m

99 533 216 593 verita
250 546 265 591 ι
304 530 354 592 Sia
375 528 526 591 Paulinus
549 527 710 608 episcopus
732 525 871 588 Nolanus
920 522 1064 606 opiticum
1077 525 1179 606 ipsum
1194 532 1316 583 neceam
1329 514 1595 580 tansebominem
1605 510 1686 573 iuter

99 623 290 705 Panegyrico
301 620 427 685 uestita
443 618 524 685 Celsi
533 619 669 702 idipsum
681 618 793 682 cecinit
803 634 871 681 rer«
919 615 1196 691 hominesuarsari,
1208 632 1243 675 ac
1256 628 1311 693 per
1325 628 1390 673 sese
1400 610 1687 709 desperatumracn

98 715 277 791 ³ib¹1⁸i³fi³i
919 697 1687 792 peraresaiutsm.legssaademetapudaliosmnu-

919 818 1047 866 meros:
1073 803 1161 865 velut
1183 800 1340 862 andream
1363 798 1539 858 Cretensem
1556 788 1687 850 homilia

102 899 230 962 «Multa
243 896 325 963 mihi
338 899 465 962 dederat
478 894 565 980 prius
578 902 609 960 et
623 899 774 979 promissa
786 896 870 958 salu-
920 897 958 957 ἀι
978 894 1238 957 denuntiatione:
1257 906 1379 952 necnon
1398 886 1552 948 Isidorum
1572 881 1686 961 Hispa·

808 991 869 1068 itis,
919 986 1062 1050 lensem¹
1081 984 1157 1066 :qui
1186 1003 1250 1045 non
1271 980 1377 1044 multis
1403 976 1516 1045 verbis,
1546 978 1687 1035 accurata

100 1087 314 1165 Etprsccepta‚
330 1084 445 1165 quihus
459 1098 515 1163 per
525 1083 609 1145 bone
621 1082 783 1161 dirigerer.
920 1085 1037 1154 tamen,
1047 1079 1153 1140 omnia
1165 1077 1218 1138 illa
1232 1075 1363 1152 collegit,
1375 1089 1446 1152 quse
1456 1067 1688 1129 delncarnatio·

102 1178 159 1239 Sed
192 1178 274 1259 qnia
307 1195 366 1240 nec
398 1177 477 1257 legis
509 1178 608 1258 posito
642 1174 868 1251 medicamine,
919 1172 968 1233 nis
991 1186 1084 1234 causa
1103 1171 1264 1248 bucusque
1277 1163 1530 1228 memoravimus.
1549 1158 1686 1236 «Cujus,

764 1263 871 1348 [primi
919 1265 1033 1344 inquit,
1049 1267 1189 1342 suscepta
1203 1258 1427 1321 luminationis
1440 1268 1531 1315 causa
1540 1250 1685 1312 haeafuit.

102 1365 276 1424 inveterata
287 1360 384 1442 patris
396 1360 709 1423 vulneradilueram:
919 1358 1086 1436 Postquam
1110 1356 1195 1417 enim
1218 1352 1336 1413 invidia
1357 1347 1469 1410 diaboli
1498 1361 1609 1424 pareus
1635 1342 1687 1404 ills

103 1458 138 1517 st
149 1470 254 1535 neque
269 1453 435 1534 premissis
447 1452 551 1513 divino
565 1468 603 1513 ex
617 1471 671 1513 ore
685 1449 846 1530 Prophetis
919 1450 1040 1530 primus
1062 1464 1115 1529 spe
1130 1448 1273 1508 seductus
1293 1443 1379 1505 inani
1396 1438 1514 1512 recidit,
1529 1434 1688 1497 confestim

103 1549 272 1627 Expectmc
286 1544 341 1607 Dei
356 1560 498 1621 munera,
513 1545 705 1606 credideram
719 1564 726 1604 ε
920 1541 1003 1616 exul,
1015 1547 1046 1601 et
1058 1540 1197 1620 perditus
1210 1534 1244 1598 in
1256 1537 1344 1598 omni
1356 1550 1469 1617 genere
1483 1548 1539 1592 sno
1552 1529 1688 1589 radicem

103 1642 138 1702 lli
149 1652 249 1717 genus
263 1639 441 1699 humanum
454 1637 570 1716 passim
583 1636 649 1698 sinc
662 1637 730 1716 lege
743 1634 817 1697 fidel
920 1634 1045 1694 malinae
1060 1637 1173 1708 suae,et
1185 1630 1301 1712 peccati
1312 1626 1506 1697 transduxit:
1523 1619 1689 1683 crescebat

104 1732 267 1810 desperata
277 1730 362 1791 salus
373 1735 523 1790 merserat
534 1729 567 1789 in
580 1729 735 1804 tenebras,
919 1742 979 1806 quc
992 1725 1026 1785 in
1038 1725 1156 1785 malum
1169 1721 1382 1784 vehementius
1396 1734 1489 1780 omne
1501 1730 1600 1795 genus
1608 1729 1689 1773 mor·

104 1823 323 1903 chnabctqua
337 1821 431 1881 simul
442 1830 602 1900 peccatum
615 1822 785 1901 incorpore
798 1832 872 1882 nos·
919 1818 1040 1893 talium,
1056 1816 1175 1877 diffusis
1184 1815 1301 1895 ubique
1314 1811 1537 1883 sceleribuset,
1545 1807 1630 1887 quod
1640 1810 1688 1865 ost

797 1916 867 1994 [tro,
920 1909 1054 1988 nequius
1068 1908 1221 1979 omnium,
1246 1905 1377 1967 cultibus
1390 1902 1556 1964 idolorum,
1571 1894 1688 1958 Volens

104 2004 223 2067 llorsin
237 2008 377 2086 peccato,
394 2007 563 2069 daemonia
577 2006 715 2084 interitu,
783 2034 786 2041 ·
920 2018 993 2079 ergo
1025 2001 1105 2061 Deus
1144 1999 1311 2060 terminare
1340 2000 1521 2078 peccatum,
1556 1988 1689 2052 considit

105 2099 322 2179 Captivumque
335 2098 498 2161 hominem
505 2099 602 2160 tristia
611 2105 722 2174 metus,
739 2106 770 2161 at
778 2098 873 2162 miser
919 2095 1026 2169 verbo,
1041 2092 1121 2170 lege,
1137 2098 1167 2152 et
1184 2090 1352 2171 prophetis,
1370 2088 1475 2165 signis,
1491 2084 1599 2165 plagis,
1615 2098 1687 2162 pro·

772 2194 871 2271 [error
921 2184 1023 2263 digiis.
1051 2183 1111 2244 Sed
1126 2183 1202 2243 dum
1214 2200 1273 2242 neo
1286 2182 1328 2242 sic
1342 2179 1467 2260 quidem
1481 2192 1601 2239 errores
1617 2188 1689 2235 suos

108 2282 248 2344 litimin
261 2288 396 2344 mortem
407 2283 601 2363 precipitare
615 2283 742 2361 dobant,
920 2272 1097 2338 admonitus
1119 2280 1299 2354 agnosceret
1319 2272 1466 2340 mundus,
1495 2269 1579 2330 misit
1604 2268 1688 2328 Deus

109 2375 227 2436 lateres
241 2376 327 2437 Pater
336 2376 403 2455 ipse
415 2376 487 2454 polo
500 2376 665 2438 miser-aius
678 2375 718 2436 ab
732 2375 809 2451 alto,
920 2368 1136 2442 tilionacum,
1151 2372 1187 2429 ut
1200 2384 1292 2428 carne
1305 2366 1497 2439 indueretur,
1512 2360 1688 2423 ethomini·

107 2469 270 2528 mmmm
282 2467 388 2547 lapsus
398 2464 557 2548 pestiferos
569 2468 744 2546 bominum,
920 2461 979 2522 bus
992 2464 1165 2540 appareret.
1181 2465 1213 2521 et
1226 2462 1402 2539 peccatores
1415 2460 1546 2517 sanaret.
1561 2478 1575 2508 a

108 2560 347 2641 Serpentmqne
372 2560 452 2621 trud
473 2560 687 2622 dominantem
710 2561 745 2621 in
772 2565 872 2621 morte
961 2552 997 2614 X·
1016 2551 1440 2631 Quamobremrepurssflndffl
1461 2546 1688 2628 fliirplshumfl·
1735 2573 1835 2619 cisino

683 2652 871 2731 patientum,
922 2661 971 2707 nae
985 2645 1095 2724 grstia,
1118 2649 1150 2705 et
1163 2649 1198 2704 ut
1215 2649 1339 2723 peccato
1358 2647 1548 2703 contractum
1565 2638 1686 2715 vitium,
1739 2626 1835 2724 'effi'
1879 2650 1889 2671 ·

110 2744 172 2806 Non
184 2745 270 2821 tulit,
282 2749 315 2805 et
327 2748 438 2805 nutum
451 2744 536 2806 misit
549 2744 589 2805 ad
602 2762 696 2806 omne
711 2744 839 2805 bonum.
853 2760 869 2802 ι
921 2752 957 2798 ac
971 2737 1189 2815 corruptelam,
1204 2736 1247 2796 sio
1261 2741 1410 2816 tanquam
1430 2734 1645 2806 innatantem,
1658 2735 1690 2790 et
1713 2733 1860 2832 sdwffl·

920 2829 1090 2890 immistam
1112 2841 1215 2891 aurem
1227 2842 1335 2889 inassae
1360 2828 1489 2888 scoriam
1512 2843 1547 2886 ao
1569 2824 1687 2898 irenem,

109 2916 179 2977 l'ide
202 2917 326 2997 reliqua
350 2935 367 2983 ι,
387 2918 422 2979 in
445 2915 557 2997 quibus
582 2915 736 2977 fusissimo
769 2932 874 2978 narra·
921 2922 1105 3000 detergeret,
1121 2940 1156 2982 ac
1170 2921 1354 3000 decoqueret
1365 2919 1446 2979 tilius
1460 2916 1529 2992 Dei,
1544 2915 1688 2977 divinita-

108 3010 186 3069 tions
212 3010 321 3072 omnia
345 3027 402 3091 per
428 3009 587 3071 Christum
605 3008 691 3069 illata
711 3009 874 3071 commoda
921 3014 961 3074 tis
980 3030 1045 3074 suae
1067 3013 1205 3074 admovit
1225 3014 1351 3093 ignem3
1368 3017 1399 3073 et
1420 3010 1507 3071 omni
1528 3007 1597 3071 labe
1619 3020 1691 3069 con·

109 3100 259 3163 describit.
922 3101 1692 3186 sumpta,natiramillisinceritatemintcgritatcm

143 3193 337 3256 lll..loannes
347 3196 424 3255 item
434 3194 649 3268 Damocritum,
666 3197 735 3273 post
746 3194 875 3254 circum-
925 3214 985 3277 que
1000 3198 1149 3273 restituit3
1166 3202 1201 3257 ut
1213 3197 1368 3273 eleganter
1381 3197 1515 3276 disputat
1526 3192 1691 3272 Gregorius

111 3293 245 3362 sennim,
281 3294 313 3348 st
345 3285 503 3347 irretitum
536 3286 667 3363 peccatis
699 3284 872 3365 hominem,
924 3290 1082 3369 Nyssenus
1095 3286 1130 3349 in
1142 3289 1223 3350 libro
1240 3286 1493 3351 sarciniensi
1505 3285 1692 3347 Athanasius

112 3378 203 3439 Deum
214 3378 498 3459 narratmultiplici
507 3378 644 3438 remedio
656 3383 875 3440 conatrrinesss
923 3382 1065 3442 oratione.
1079 3382 1142 3457 illa,
1159 3396 1229 3460 quaa
1243 3386 1354 3460 quarta
1372 3382 1566 3453 numeratur,
1580 3379 1691 3440 adver·

111 3469 200 3550 lapso,
215 3469 394 3551 afflictoque
407 3471 876 3551 succurreratvelutpoenerum
924 3490 977 3534 sus
995 3473 1136 3549 Arianos,
1157 3487 1284 3533 carnem
1305 3477 1455 3547 nostram,
1479 3486 1549 3551 quas
1574 3476 1640 3532 orta
1655 3471 1693 3531 de

111 3562 279 3642 insignibus
300 3563 459 3642 exemplis,
480 3561 599 3639 diluvii,
622 3562 741 3623 confusi
755 3579 875 3624 sermn-
924 3570 1019 3634 terro,
1046 3583 1155 3626 rursus
1183 3566 1217 3625 in
1241 3569 1358 3626 terram
1386 3564 1534 3625 dissoluta
1559 3563 1691 3630 redibat,

112 3655 166 3731 nis,
180 3661 211 3716 et
224 3654 379 3736 dissipata
400 3660 471 3735 post
492 3654 671 3730 linguarum
685 3655 876 3735 multiplica·
930 3655 1196 3739 Verbificoiom(ita
1208 3657 1292 3718 enim
1305 3656 1554 3738 loquitur)iuisse
1569 3654 1692 3716 scribit:

111 3747 222 3809 tionem
253 3748 441 3827 posteritatis
477 3747 588 3808 adami
618 3762 625 3807 ι
661 3747 876 3808 incendiorum
925 3750 955 3811 et
976 3766 1015 3810 ex
1034 3746 1088 3810 illo
1111 3749 1309 3826 commercio,
1332 3749 1487 3825 sordibus,
1510 3766 1546 3809 ae
1566 3744 1695 3807 maculis

112 3846 175 3919 post
194 3836 517 3913 monachellorum,
544 3839 876 3901 orcadensibus
926 3845 1051 3902 exutam
1078 3843 1234 3924 omnibus,
1265 3858 1439 3923 puramque
1466 3839 1634 3915 redditum,
1661 3838 1695 3898 in

114 3930 217 4010 legem,
237 3936 269 3992 et
281 3931 447 4011 prophetas
460 3926 500 3991 ad
513 3931 655 3992 eamdem
666 3930 870 3999 biemandum.
926 3934 1094 4013 quamdam
1105 3934 1249 3995 nandsse
1263 3934 1463 3995 novitatem

115 4023 361 4102 etcmtigandam
381 4024 599 4104 impunitatem
618 4024 770 4086 scelerum
783 4025 876 4086 ubtu-
967 4026 1039 4087 Ideo
1063 4027 1221 4087 Christum
1243 4026 1429 4106 percurrisse
1450 4027 1555 4085 oetates
1575 4038 1694 4101 omnes,

115 4113 178 4176 licre
199 4116 379 4189 Dominum,
399 4128 464 4177 non
488 4134 525 4176 eo
545 4121 663 4191 tamem·
685 4117 739 4197 qui
760 4117 877 4196 sperari
927 4122 962 4178 ut
975 4134 1026 4178 eos
1039 4118 1219 4197 singiliatim
1228 4125 1385 4199 purgaret,
1398 4112 1441 4178 ult
1452 4119 1559 4178 Petrus
1568 4114 1697 4196 Chryso

117 4206 182 4269 iude
195 4213 325 4289 poterat,
341 4214 466 4271 eventu.
485 4208 556 4270 Ideo
570 4206 681 4270 mundi
697 4215 729 4270 et
742 4209 878 4271 hominis
926 4211 1027 4290 logus.
1047 4210 1227 4289 «Nascitur,
1255 4210 1368 4292 inquit,
1395 4207 1545 4286 Christus,
1569 4215 1605 4270 ut
1624 4224 1695 4270 nas·

147 4428 167 4468 ο
183 4411 277 4468 Ionius
288 4408 363 4482 apud
376 4406 455 4467 Pbot.
472 4411 535 4467 dod·
558 4424 622 4467 xxii.
638 4408 723 4480 Πίσης
740 4410 788 4483 γάρ
802 4408 880 4481 ἄλλης
928 4413 1003 4485 λόγον
1018 4410 1185 4481 ἔκκενωθῆναι.
1208 4411 1273 4467 ἀλλὰ
1295 4414 1377 4482 πάσης
1392 4412 1513 4481 σπουδῆς,
1528 4411 1569 4465 καί
1582 4412 1698 4485 προνοίας

118 4494 210 4566 ardinoi
223 4490 449 4567 προασταλοθείσης
463 4488 518 4562 (καί
530 4492 577 4566 γάρ
590 4490 728 4566 Προρῆται,
747 4495 787 4547 καί
801 4495 880 4566 δημα-
928 4496 1091 4568 ἡγησαμένης,
1108 4491 1161 4552 εἶτα
1173 4494 1261 4566 ταύτην
1274 4495 1302 4549 σθ
1312 4494 1515 4569 προσδεχομένων
1523 4498 1572 4549 τῶν
1582 4514 1699 4567 προνοου-

117 4580 195 4651 pugni,
205 4578 247 4633 καί
259 4578 368 4650 ὑπερφυῆ
387 4578 487 4649 τέρατα,
504 4576 635 4649 εὐεργεσίαι
650 4598 693 4641 τε,
715 4579 756 4631 καί
771 4570 878 4642 άπειλαί,
931 4579 1020 4651 μένων,
1037 4580 1102 4634 odric
1126 4576 1213 4634 λοιπὸν
1236 4584 1329 4651 καιροῖς
1361 4574 1475 4653 ἐσχάτοις
1502 4577 1535 4632 δι’
1558 4576 1632 4633 edroi
1655 4577 1700 4647 ripe

117 4662 154 4715 ul
166 4661 268 4734 τιμωρία
281 4662 356 4714 ’τοῦτο
368 4658 411 4733 μίν
427 4654 466 4713 let
478 4656 574 4733 μίροος,
590 4660 663 4715 ‘codro
677 4656 703 4715 δί
714 4662 755 4714 καί
769 4661 880 4734 παγκθσ·
929 4660 1000 4735 ἡμῶν
1012 4657 1095 4717 odolei
1110 4661 1292 4718 ἀνασώσασθαι.

121 4743 245 4816 μιον)ίπελ
260 4744 289 4799 τδ
310 4741 460 4815 άνθριίιπινον
475 4738 518 4811 τὴν
532 4742 593 4816 πρδς
612 4740 644 4797 τά
657 4745 759 4816 κρείττω
776 4742 881 4817 perndo-
967 4743 983 4800 ὁ
1004 4744 1084 4803 Νιοο.
1102 4762 1162 4818 cup.
1184 4762 1239 4811 xii,
1261 4744 1308 4803 lib.
1327 4748 1390 4806 Cat.
1406 4745 1519 4819 Καθάπερ
1532 4740 1634 4819 γάρτῆς
1647 4730 1706 4799 άτι-

120 4827 161 4894 λὴν
174 4827 213 4881 σία
225 4828 364 4895 ἠσπάσατο,
379 4826 409 4879 td
423 4824 449 4878 δί
458 4826 556 4899 νόσημα
565 4826 625 4899 πρδς
636 4826 665 4881 αθ
677 4824 775 4881 ἀνίατον
784 4824 878 4899 μᾶλλον
931 4824 1034 4900 ματέρας
1048 4828 1107 4897 θλης
1121 4832 1157 4901 τῷ
1172 4834 1258 4903 μριισῷ
1269 4828 1502 4903 καταμιχθείσηςτῇ
1518 4828 1559 4881 διά
1573 4834 1609 4901 τῷ
1625 4827 1700 4900 πνρδς

122 4907 207 4985 ίχιίιριι·
224 4908 331 4964 κατὰτὸ
353 4907 497 4980 άναρκαῖον,
518 4911 559 4962 καί
574 4906 718 4975 ἀκόλουθον,
739 4908 834 4982 μᾶλλον
853 4908 879 4963 δὲ
930 4911 1023 4984 δαπάνῃ
1039 4912 1068 4964 τὸ
1077 4911 1208 4985 ἀλλότριον
1222 4932 1259 4978 τε,
1271 4912 1459 4980 καίάπόθλητον
1469 4912 1493 4966 ol
1504 4909 1646 4984 θεραπευταί
1656 4902 1699 4963 τοῦ

123 4990 211 5065 illics)
232 4990 413 5065 φιλανθρωπίας
430 4986 540 5065 πλοθτιμ,
561 4990 646 5046 tantbs
663 4986 678 5046 δ
693 4990 777 5064 λδγος,
802 4992 880 5064 σάρκα
929 4990 1033 5066 χρυσίου
1056 4997 1284 5060 καταναλώσαντες,
1309 4996 1382 5050 πάλιν
1408 4992 1555 5067 ἐπανάγουσι
1575 4992 1635 5066 πρδς
1654 4992 1698 5060 τὴν

123 5074 265 5145 amictu,
280 5072 420 5146 καθηγητὴν
433 5074 474 5128 καί
481 5070 638 5148 διδάσκαλον,
646 5075 686 5129 καί
697 5070 879 5143 άνακαίνιατῆν,
929 5070 991 5130 κατά
1002 5077 1071 5150 ρθσιν
1084 5074 1232 5152 λαμπηδόνα
1251 5077 1294 5148 τὴν
1309 5079 1488 5153 προτιμοτέραν
1502 5072 1572 5146 θλην.

125 5156 316 5231 Mansit.
330 5160 372 5211 καί
387 5157 502 5230 συνεργίᾳ
515 5163 560 5211 τοῦ
574 5159 645 5230 ἁγίου
659 5160 807 5231 milesios,
816 5159 881 5227 tior]-
966 5168 981 5215 θ
999 5163 1102 5218 Arsen.
1118 5162 1205 5218 Οὐκέτι
1218 5164 1252 5228 ὡς
1265 5160 1357 5236 γηίνης,
1372 5161 1437 5217 ἀλλὰ
1447 5159 1535 5215 λοιπδν
1549 5149 1698 5231 λογωθείσης

125 5241 219 5310 idone.
235 5243 249 5295 δ
266 5244 306 5294 καί
318 5239 398 5294 aicius
414 5244 466 5303 τοῖς
479 5241 653 5314 ριλοθεάμοσιν
677 5243 763 5314 δρᾶται
783 5247 826 5296 τοῦ
841 5240 880 5296 ἐπ’
928 5246 973 5310 τῆς
982 5247 1071 5318 σαρκὸς
1082 5246 1123 5301 διὰ
1133 5253 1177 5303 τοῦ
1191 5247 1246 5301 θεοῦ
1259 5242 1346 5318 λθγου.

13 5378 14 5383 ,
127 5318 222 5394 legitor
234 5332 282 5379 τῶν
295 5325 406 5398 ἡμερῶν,
421 5324 462 5377 καί
476 5324 510 5396 μὴ
532 5322 557 5387 ἐξ
577 5324 664 5398 ἀρχῆς,
687 5324 720 5391 εἶς
742 5327 821 5398 σάρκα
838 5324 880 5379 τδν

153 5508 481 5565 imperatorem.
