4078 6162
345 245 405 307 448
856 234 1182 299 THEOLOGICORUM
1202 233 1421 297 DOGMATUll

345 409 506 480 hactenus,
519 407 621 487 reipsa
638 409 669 465 et
683 409 753 464 aeta
772 400 994 464 consistit:ch
1011 401 1113 462 inhae·
1163 405 1300 476 constat;
1315 400 1456 461 humana
1470 414 1545 460 vero
1564 415 1666 479 neque
1678 417 1740 461 non
1755 393 1895 466 subsistens

345 500 443 561 rende
457 499 557 571 alteri,
571 498 596 558 si
608 516 625 559 e
639 514 752 576 genere
767 501 813 557 est
827 494 1050 569 accidentium
1065 493 1115 555 vel
1163 499 1220 566 est,
1236 511 1337 572 neque
1351 492 1545 572 propriaupe
1557 492 1722 554 subsistens
1736 512 1743 552 ι
1757 495 1805 555 sed
1814 497 1895 557 inalio

208 612 251 655 rer
259 619 283 654 u
346 611 402 672 per
413 610 456 668 sc,
468 595 499 651 et
510 597 696 665 ἰδιοσυστάτως,
704 589 729 649 si
738 588 778 649 sit
787 587 967 660 substantia,
981 586 1116 648 maxime
1163 585 1350 646 subsistens:
1363 584 1510 664 quoniam
1521 585 1554 645 in
1568 583 1673 645 divina
1685 585 1896 650 subsistit‘alle

183 665 312 709 “mm
347 683 482 765 perlecta
499 703 506 742 ι
523 686 558 743 ut
580 680 765 762 hypostasis,
790 686 821 742 et
840 679 1033 759 suppositum
1056 678 1116 740 dici
1165 684 1321 758 ἐνυποστάτῳ
1344 676 1409 738 dixi
1422 676 1456 737 in
1473 682 1583 756 quarto
1604 675 1685 738 libro
1701 676 1735 739 de
1748 679 1895 757 Trinitatc‘,

177 795 308 853 ηιρωιωιι.
348 782 515 838 mereatur.
532 776 579 835 De
594 775 652 834 hac
664 785 706 848 τῆς
720 781 876 844 ὑποστάσεως
889 771 1004 850 duplici
1024 770 1117 848 signi·
1165 788 1235 848 quae
1249 769 1384 830 adhunc
1397 768 1501 829 locum
1515 768 1897 848 pertiuent,etntiliterinde

347 868 489 929 litatione
503 867 625 946 copiose
643 865 843 927 disseruimus
860 863 893 924 in
907 868 1018 942 quarto
1037 862 1116 922 libro
1165 868 1346 942 repetentur
1363 880 1370 921 :
1387 860 1434 922 nti
1457 879 1561 922 rursus
1585 867 1689 941 postea
1709 862 1791 923 nobis
1808 854 1897 925 heim·

347 959 382 1022 de
409 956 591 1022 Trinitate¹.
607 958 706 1037 Atque
735 976 773 1018 ex
800 958 857 1018 hac
884 953 1047 1036 posteriori
1073 955 1118 1015 sie
1167 954 1244 1016 dum
1258 955 1327 1030 erit,
1343 971 1414 1014 cum
1427 954 1465 1014 de
1479 958 1601 1014 natine
1612 954 1898 1018 humauminchristo
1984 1016 1985 1019 ,

348 1052 523 1114 enarranda
549 1056 594 1112 est
621 1050 675 1110 illa
693 1050 868 1124 senteutia;
890 1065 962 1109 cum
988 1047 1119 1108 dicimus
1169 1047 1346 1108 conditione
1360 1045 1594 1125 disputabimus.

349 1144 542 1225 hypostasim
563 1142 658 1203 Verbi
681 1142 793 1204 factam
827 1158 892 1202 esse
923 1139 1118 1219 hypostasim
1210 1140 1248 1200 V.
1259 1139 1402 1200 Proximo
1411 1138 1451 1199 ab
1460 1137 1521 1199 illis
1529 1139 1598 1200 loco
1608 1139 1647 1199 de
1655 1136 1898 1218 hypostasichrist
1967 1134 1971 1141 ’

349 1238 496 1298 humanae
515 1239 647 1307 naturae,
671 1239 706 1294 ut
728 1232 787 1293 hoc
808 1232 951 1307 velimus,
974 1237 1119 1292 naturam
1169 1231 1261 1293 unica
1272 1231 1529 1292 considerandum
1542 1230 1627 1292 istud
1637 1232 1736 1308 est,ub
1748 1230 1899 1310 quibusdan
1960 1292 1963 1299 ,

351 1336 488 1391 nostram
507 1347 572 1388 non
596 1326 685 1387 aliter
710 1325 859 1387 exstitisse
873 1331 941 1384 tum
967 1324 1117 1391 absolute,
1169 1323 1387 1403 theologorum
1399 1329 1541 1385 veterum
1563 1328 1707 1384 notatum
1722 1343 1729 1383 :
1742 1323 1900 1403 hypostasin
1915 1346 1971 1390 isan

350 1428 465 1484 tumeo
481 1420 586 1496 modo,
601 1418 656 1499 qui
668 1417 846 1478 substantiae
860 1416 1013 1496 congerit,
1024 1432 1120 1496 quam
1170 1416 1284 1478 Christi
1301 1417 1345 1477 ita
1357 1417 1434 1478 duas
1455 1422 1582 1477 naturas
1605 1415 1768 1489 eontinere,
1782 1423 1814 1476 ut
1827 1416 1900 1476 solius
1922 1404 1977 1497 ΜΨ

351 1514 386 1575 iu
412 1513 525 1589 Verbo,
554 1517 586 1573 et
599 1530 655 1591 per
681 1510 830 1573 Verbum.
860 1509 978 1589 Quippe
990 1509 1050 1570 hoe
1075 1507 1121 1568 illi
1170 1512 1284 1574 dirinae
1296 1509 1423 1591 propria
1435 1509 1563 1570 dicatur.
1585 1509 1661 1582 Quae
1672 1507 1828 1570 observatio
1839 1507 1901 1569 latis
1938 1508 1977 1601 'p'

353 1606 491 1668 Verbum
508 1623 564 1684 per
585 1603 769 1665 subsistendi
790 1602 1009 1682 proprietatem
1031 1617 1122 1662 snam
1170 1604 1246 1667 sime
1258 1608 1343 1684 patet
1357 1621 1365 1663 t
1377 1607 1470 1681 atque
1482 1600 1901 1681 exearationemposteaduoe
1915 1610 1964 1674 aaa

353 1696 494 1774 contulit,
509 1703 545 1758 ut
563 1703 595 1758 ct
608 1697 675 1777 ipsa
695 1695 883 1768 subsisteret,
906 1712 941 1755 ac
954 1700 1023 1754 tum·
1043 1699 1123 1754 esset
1172 1714 1252 1770 mus,
1269 1714 1326 1759 cur
1343 1694 1535 1757 sanctissima
1554 1693 1651 1773 virgo
1674 1691 1792 1773 proprie
1803 1700 1899 1766 botta,
1917 1676 1946 1720 '⁸¹'

354 1797 450 1853 aaut
461 1790 645 1870 loquuntur,
657 1794 736 1857 aeto,
747 1793 816 1849 tum
829 1795 898 1849 actu
910 1805 1033 1867 quoque
1051 1787 1123 1847 sub·
1171 1788 1204 1851 id
1230 1792 1277 1850 est
1304 1788 1361 1849 Dei
1380 1786 1515 1869 yenitrie
1548 1786 1698 1868 appellari
1730 1786 1834 1847 debeat.
1862 1785 1901 1846 Sic

353 1888 465 1958 satem,
488 1882 553 1944 sive
574 1880 750 1962 hypostasis
772 1887 851 1941 actu.
868 1879 1016 1946 Quamvis
1039 1877 1124 1939 enim
1172 1881 1361 1961 Euthymios
1374 1881 1627 1959 exantiquorum
1649 1880 1771 1940 Pahum
1790 1876 1902 1939 dictisin

354 1975 533 2038 humanitas
541 1973 699 2057 propriam
707 1972 1122 2052 habeat,utpassimvocant,
1173 1974 1254 2036 calce
1264 1973 1348 2034 tituli
1357 1973 1479 2054 septimi
1487 1973 1593 2050 refert,
1603 1991 1674 2034 cum
1683 1971 1721 2034 de
1733 1981 1830 2052 θεοτόιῳ
1841 1970 1901 2050 agit:

354 2068 550 2144 exstantiam,
570 2072 675 2127 tamen
694 2084 734 2127 ue
757 2070 874 2157 puncto
897 2063 1024 2143 quidem
1044 2070 1124 2125 tem·
1177 2067 1393 2147 «Hypostasis,
1401 2065 1513 2145 inquit,
1523 2070 1815 2146 assumptaenaturae,
1825 2063 1903 2123 dirim

354 2162 438 2239 poris
457 2168 526 2222 actu
545 2164 601 2237 est,
618 2165 649 2220 et
674 2157 786 2233 existit,
811 2157 871 2217 nisi
897 2155 1065 2218 subsistere
1092 2155 1126 2217 iu
1174 2165 1241 2221 erat
1256 2177 1264 2218 ι
1279 2166 1348 2221 tum
1363 2158 1446 2239 qaum
1462 2164 1658 2239 assumptum
1672 2162 1727 2231 est,
1750 2175 1785 2219 ex
1795 2155 1903 2216 unitiom

355 2253 461 2327 verbo,
485 2252 594 2330 atejus
616 2250 791 2311 modificata
810 2248 997 2329 proprietate
1021 2265 1126 2328 perso-
1174 2251 1242 2331 ipsa
1253 2252 1334 2312 Deus
1347 2249 1583 2312 estfactumtr

357 2344 430 2406 nali.
450 2345 515 2404 Hoc
535 2343 627 2404 modo
652 2341 804 2421 accepisse
822 2341 946 2402 videtur
973 2341 1010 2414 is,
1032 2356 1128 2419 quem
1216 2344 1260 2403 De
1273 2343 1333 2405 hoe
1357 2342 1505 2423 loquendi
1519 2358 1635 2421 genere
1657 2342 1748 2404 Deam
1760 2338 1828 2421 fieri,
1842 2337 1904 2419 qual

357 2437 497 2516 proxime
509 2435 644 2511 laudavi,
660 2435 796 2496 Joannes
809 2435 1031 2508 Damascenus,
1050 2432 1128 2494 dum
1177 2441 1224 2496 est
1236 2444 1354 2512 θιωθῆιαι
1373 2454 1429 2496 suo
1455 2434 1524 2496 loco
1548 2434 1698 2496 dicemus.
1722 2432 1836 2495 Interim
1852 2430 1905 2491 ani·

357 2527 427 2590 ideo
456 2528 563 2589 asserit
587 2527 779 2608 hypostasim
806 2526 902 2587 Verbi
924 2525 1038 2587 factam
1060 2542 1128 2586 esse
1177 2527 1400 2589 madvertanda
1413 2526 1491 2588 ratio
1505 2528 1561 2604 est,
1571 2546 1612 2590 ex
1625 2547 1686 2607 qua
1698 2526 1906 2604 constethypos

358 2620 549 2701 hypostasim
561 2620 708 2680 humane
728 2622 859 2691 naturae,
881 2617 1030 2697 quoniam
1047 2617 1126 2690 haee,
1177 2620 1270 2682 tasim
1285 2618 1397 2680 Christi
1407 2637 1474 2681 esse
1485 2619 1677 2699 peculiarem
1686 2620 1789 2681 divina
1795 2623 1905 2678 natura:

358 2719 527 2793 antequam
553 2717 777 2787 assumeretur,
807 2710 927 2770 nubam
945 2710 1129 2771 exstantiam
1179 2712 1263 2792 quod
1276 2712 1427 2787 videlicet,
1443 2711 1502 2772 nisi
1515 2718 1596 2773 esset
1617 2712 1771 2792 ejusmodi,
1791 2709 1904 2774 Christus,

359 2805 481 2883 habuit,
499 2824 556 2867 uec
569 2805 604 2866 in
617 2822 725 2865 rerum
743 2808 856 2863 nature
873 2802 943 2862 fuit.
964 2801 1131 2882 Epiphanii
1179 2823 1241 2884 qua
1253 2804 1304 2866 hic
1312 2805 1419 2881 homo,
1429 2807 1509 2867 Deus
1518 2822 1584 2866 non
1597 2812 1686 2867 esset.
1698 2806 1772 2867 Nam
1780 2821 1835 2864 non
1841 2800 1907 2861 aliter

361 2915 485 2978 quoque
498 2897 604 2973 rerba,
620 2896 751 2958 sumita
773 2894 889 2971 scribit,
914 2894 1053 2955 Verbum
1066 2902 1128 2956 tao·
1179 2898 1275 2959 homo
1285 2903 1401 2959 statum
1409 2897 1643 2977 quodammodo
1653 2896 1906 2975 mutat,etinllcum

361 3001 448 3064 στῆσαι
462 2996 496 3058 εἰς
510 2997 595 3050 ἑαυτὸν
607 2997 652 3064 τὴν
668 2997 758 3068 σάρκα,
786 2987 827 3048 ad
845 2987 987 3048 eamdem
1006 2992 1130 3049 senteu-
1179 2990 1290 3051 transit
1316 3008 1362 3066 re,
1390 2990 1660 3072 appellationeque
1685 2991 1769 3071 ipsa3
1788 2986 1837 3049 nisi
1854 2981 1907 3064 quit

361 3080 447 3154 tiam,
463 3079 572 3141 reterri
589 3085 718 3159 possunt
733 3098 741 3139 t
758 3079 1010 3159 quandoquidem
1020 3086 1131 3157 ὑποστῆ-
1181 3081 1295 3144 divium
1310 3082 1486 3162 hypostasis
1498 3086 1799 3158 naturahumana,et
1809 3092 1907 3160 persese

362 3171 606 3252 triplarumque
628 3189 685 3252 pro
703 3189 739 3233 ea
759 3172 962 3250 productione
985 3172 1130 3249 sumitur,
1180 3178 1293 3252 creata,
1308 3174 1346 3235 fit
1358 3175 1521 3255 parhoeps.
1537 3177 1719 3255 Gumigitur
1731 3166 1907 3252 abhyposmi

363 3283 485 3346 quares
498 3284 537 3327 ex
549 3283 615 3327 non
630 3264 780 3326 existente
795 3264 831 3326 fit
844 3265 990 3326 existens.
1181 3266 1277 3328 Verbi
1291 3271 1404 3328 natura
1416 3267 1552 3328 hominis
1563 3269 1625 3331 hoe
1645 3268 1760 3341 habeat,
1772 3269 1804 3326 ut
1815 3269 1840 3324 et
1853 3257 1906 3321 sub

401 3359 456 3419 IV.
472 3358 661 3438 Euthymios
674 3376 748 3418 vero
765 3357 797 3418 ia
811 3356 958 3437 Panopb'o
978 3356 1130 3435 disertius,
1181 3358 1292 3420 sistens
1305 3359 1355 3436 sit,
1371 3364 1403 3421 et
1415 3361 1496 3421 Deos
1512 3378 1519 3419 :
1536 3378 1662 3423 necesse
1682 3364 1726 3423 est
1743 3352 1907 3438 hypostasim,

364 3467 458 3530 quam
472 3448 573 3511 caeteri
593 3467 711 3519 omnes,
732 3449 870 3529 priorem
889 3466 1015 3510 sensum
1035 3447 1132 3529 expli·
1182 3451 1225 3513 sic
1237 3448 1907 3533 tanquamformamaquadivinamillamcon·

363 3548 421 3616 cat,
440 3560 512 3604 rum
525 3542 716 3620 hypostasim
731 3540 873 3602 bifariam
889 3541 1007 3619 tribuit,
1022 3546 1058 3601 ut
1074 3540 1134 3601 alia
1183 3544 1332 3605 ditionem
1347 3544 1467 3626 accipit,
1483 3563 1549 3607 esse
1561 3545 1711 3607 divinam.

364 3635 403 3695 sit
416 3640 572 3715 προσωπικὴ,
589 3653 659 3713 quae
673 3651 852 3713 personam,
866 3633 915 3695 vel
930 3633 1136 3694 substantiam
1223 3636 1278 3698 VI.
1296 3636 1364 3697 Hoc
1377 3636 1480 3715 ipsum
1501 3638 1642 3718 seqnitur
1661 3655 1698 3700 ex
1719 3629 1854 3698 commruri
1870 3624 1908 3687 illt

364 3725 554 3805 singularem
565 3743 660 3805 perse
673 3725 881 3787 cohaerentem
894 3725 1047 3805 signifieat
1058 3726 1136 3786 :alia
1184 3727 1415 3792 Catholieorum
1431 3731 1584 3792 sententia
1601 3731 1685 3811 apud
1701 3728 1828 3806 antiquos
1841 3722 1908 3782 tea·

365 3824 510 3898 ιπαρκτικὴ,
540 3835 703 3898 quaeram
738 3816 920 3898 simpliciter
953 3818 1135 3879 existentem
1183 3820 1312 3898 tissima,
1328 3822 1382 3901 qui
1395 3823 1588 3903 hypostasim
1602 3821 1726 3897 Christi,
1743 3820 1806 3881 licet
1822 3807 1907 3890 eloqui

366 3909 492 3970 indicat.
509 3910 579 3970 Jam
592 3909 626 3969 in
641 3909 763 3971 Christo
777 3908 890 3990 prioris
912 3910 1048 3972 notionis
1063 3910 1134 3972 uni·
1184 3913 1387 3993 compositam
1405 3917 1578 3986 nominent,
1601 3934 1698 3978 unam
1717 3920 1812 3975 mman
1826 3901 1908 3967 etsta·
1984 3912 1985 3987 t

366 4020 434 4065 cam
448 4020 513 4063 esse
526 4001 601 4063 dicit
613 4001 806 4082 hypostasim
823 4002 1032 4082 :poste-moris,
1046 4003 1132 4064 duas.
1185 4005 1334 4082 girlarem,
1362 4006 1422 4068 hoc
1448 4014 1494 4069 est
1508 4017 1641 4089 μοιαὸικὴν
1667 4005 1820 4088 appellant,
1841 3993 1908 4058 utin
1984 3994 1985 4005 ²

368 4096 475 4154 Graeoa
510 4093 671 4172 Euthymii
696 4094 793 4155 verba
825 4093 905 4155 libro
929 4094 1024 4173 hujus
1059 4093 1137 4155 tomi
1186 4098 1381 4159 antecedenti
1416 4099 1516 4180 eapite
1549 4100 1651 4163 docui.
1688 4099 1727 4161 Ut
1756 4098 1825 4158 inter
1853 4086 1909 4148 alios
1984 4100 1985 4175 ξ

368 4185 503 4247 secundo
532 4184 774 4263 descripsimus²
792 4206 800 4246 ε
817 4192 939 4264 caetera,
975 4206 1045 4267 quae
1072 4187 1138 4249 illie
1187 4190 1382 4269 Sophronius
1398 4192 1696 4274 Hierosolymitanus
1712 4182 1863 4251 Patrimtht
1876 4174 1910 4236 til
1984 4194 1985 4229 ἓ

368 4279 492 4354 omissa,
507 4277 542 4338 in
555 4276 755 4339 hunelocum
772 4278 960 4356 distulimus,
986 4279 1138 4358 ejusmodi
1187 4299 1332 4363 peraeque
1345 4289 1468 4345 sanctus
1481 4289 1512 4345 et
1524 4286 1672 4360 eruditus,
1682 4284 1714 4344 in
1722 4276 1910 4361 epistolium·
1984 4328 1985 4353 ι

368 4376 451 4432 sunt.
464 4371 640 4432 «Praeterea
655 4370 822 4449 personalis
831 4371 1004 4451 hypostasis
1014 4372 1137 4446 Christi,
1188 4373 1257 4435 dica
1270 4372 1472 4457 adSerpium,
1491 4395 1617 4439 aunam
1635 4371 1813 4459 hypostasim
1828 4355 1910 4427 Chri—“fi
1984 4372 1985 4409 ³

369 4461 532 4522 ambarum
549 4462 645 4542 ipsius
664 4468 847 4524 naturarum
880 4469 927 4524 est
951 4464 1138 4545 hypostasis.
1190 4467 1405 4547 compositam,
1421 4476 1452 4532 ct
1479 4471 1669 4551 singularem
1678 4479 1704 4529 ‘a
1732 4468 1819 4528 vocat·
1984 4478 1985 4497 ³

342 4553 448 4630 *Nam
462 4571 534 4615 eum
548 4554 680 4632 simplex
693 4562 783 4633 esset,
803 4555 883 4617 lacta
897 4562 943 4618 est
956 4558 1137 4638 composita.
1230 4558 1411 4623 Theodorus
1443 4562 1519 4625 item
1553 4563 1708 4626 Abucaras
1738 4559 1769 4620 in
1798 4541 1909 4633 ‹tlttlttt1⁰
1984 4566 1985 4617 ξ

369 4646 414 4705 Ae
427 4645 533 4706 divina
546 4646 673 4725 quidem
687 4655 799 4709 natura
807 4649 934 4728 propria
943 4649 1141 4711 subsistentia
1190 4653 1350 4714 secundo:
1371 4654 1475 4724 «Hoc,
1491 4657 1602 4736 inquit,
1620 4655 1749 4717 maxime
1760 4640 1911 4711 armum
1984 4684 1985 4725 ι

407 4840 428 4881 a
446 4825 533 4881 Earn.
561 4829 674 4899 Poaop.
699 4842 758 4897 par.
782 4825 816 4891 ll,
833 4827 875 4883 tit.
894 4826 953 4885 XV.
977 4827 1070 4891 Ἄλλως
1084 4848 1109 4882 τε
1132 4828 1146 4898 t
1225 4835 1241 4890 b
1259 4833 1479 4897 Eumftttaffl
1493 4820 1910 4907 mitroasspastrtppauclatsmt
1984 4818 1985 4905 i

372 4913 414 4962 τοῦ
431 4902 539 4981 Χριστοῦ
548 4907 691 4981 reposceret
706 4910 840 4972 ὓπόστασις
854 4910 998 4984 ἀμφοτέρων
1009 4909 1084 4964 αὐτοῦ
1096 4918 1147 4966 τῶν
1187 4917 1241 4971 θεῖα
1253 4915 1293 4986 ἦν,
1309 4919 1349 4972 καὶ
1363 4919 1393 4973 τὸ
1406 4918 1594 4991 πρόσλημμαδὲ
1606 4917 1631 4980 ἐξ
1649 4915 1720 4983 αὐτῆς
1730 4911 1825 4969 {mistae
1835 4896 1908 4959 Mil·
1984 4908 1985 4967 ξ

372 4991 467 5063 φύσεων
482 4990 546 5045 ἐστὶν
565 4992 707 5057 ὑπόστασις.
733 4992 797 5062 dcli
812 4993 860 5066 γὰρ
883 4988 945 5049 οὖσα
964 4994 1051 5067 γέγονε
1064 4995 1147 5049 aare·
1223 5003 1288 5058 oln
1302 5018 1365 5072 syn.
1391 5019 1449 5059 sex.
1465 5008 1521 5058 aet·
1537 5016 1567 5056 tr.
1587 5001 1633 5055 Καὶ
1647 5004 1688 5068 τῆς
1700 4999 1753 5070 μιᾶς
1767 4991 1830 5046 αὐτοῦ
1846 4974 1909 5036 wli·
1984 4982 1985 5011 ¹

372 5093 424 5138 toa*
446 5077 487 5129 sal
514 5074 529 5144 ἡ
557 5075 664 5149 missu
682 5075 757 5130 αὐτοῦ
779 5077 848 5149 φύσις
872 5076 1095 5147 &substentari
1119 5076 1147 5131 bl
1186 5086 1291 5154 sowi
1308 5088 1438 5159 μοναδικῆς
1446 5084 1612 5148 ὓποπάοιως.

1139 5159 1146 5183 ‚
1984 5130 1985 5165 l

373 5157 511 5232 ἀνθρωπίνη
525 5157 582 5214 οὔτε
605 5159 781 5225 ἀιυπόστατος,
797 5159 852 5215 οὔτε
876 5159 1069 5226 ῖδιοϋπόστατος,
1089 5160 1136 5215 tal

374 5238 549 5307 ἔνυπόστατος,
563 5242 597 5305 ὣς
612 5240 636 5296 ἐν
651 5243 746 5317 aptista
757 5242 895 5299 tumeas.
1058 5249 1059 5253 ’

404 5408 414 5454 t
429 5410 833 5483 crp.1stssp.ridaetllh.llbujus
846 5411 925 5458 tonte.
934 5412 1018 5458 ιιι-ἱ
1031 5413 1083 5469 Cap.
1096 5412 1154 5469 uti
1167 5412 1224 5456 ta-
1237 5412 1252 5456 a
1264 5412 1317 5468 Cap.
1330 5422 1370 5464 ur,
1382 5410 1501 5467 param.
