4036 6162
540 348 591 413 DE
609 347 912 428 INCARNATIONE,
935 349 1007 413 LlB.
1030 348 1071 427 ίί,
1092 349 1178 414 dtr.
1200 350 1244 413 X.
1625 350 1683 413 325

109 516 252 580 Christus.
270 536 284 576 ι
301 515 381 580 Vide
394 516 513 597 quaede
527 516 594 580 loeo
608 517 662 580 illo
682 515 755 581 alibi
767 517 864 598 pluri·
904 517 1084 599 vtiobcendi,
1098 517 1187 579 nulla
1198 515 1419 579 transfretandi
1432 516 1544 579 fluctus
1556 515 1686 603 necessi-

108 611 160 674 bus
172 608 324 690 explicata
335 616 408 671 sunt
422 608 444 672 ¹.
917 611 1132 673 tasimminet.
1158 612 1196 671 In
1209 612 1297 671 omni
1318 609 1391 672 sede
1404 614 1560 671 terrarum
1574 609 1687 670 eonsti-

1 717 87 761 ιιιειι
139 704 185 764 vt.
202 703 245 763 Ut
258 708 364 764 autem
381 702 449 764 doni
469 703 640 783 etquidem
653 707 770 779 smnmr',
790 721 866 782 pro·
916 710 984 765 tuta
997 709 1070 765 sunt
1092 722 1188 783 regna
1211 703 1373 764 coelorum.
1388 702 1477 764 Unde
1490 703 1641 764 Dominus
1653 702 1689 762 in

0 797 57 866 ἠ..
107 797 213 877 pristas
223 795 392 874 magisterii
404 795 540 872 titulum,
556 794 790 859 aemunusuni
802 813 867 874 prm
917 797 1085 876 Evangelio
1105 796 1148 858 ait
1164 816 1171 857 ε
1188 795 1321 875 Regnum
1342 795 1402 858 Dei
1419 795 1501 856 iutro
1519 814 1566 857 uos
1585 804 1684 856 est⁰.s

0 891 1 910 ³
19 881 89 967 ·}⁰⁵“‘
107 887 245 950 omnihus
258 888 400 949 vendicat
414 887 543 961 Christo,
559 889 602 948 ita
615 889 709 949 etiam
718 886 866 968 perfecti:
917 889 1072 951 Nimirum
1098 907 1232 968 regnum
1250 888 1328 949 illud
1348 888 1508 961 eoelorum,
1528 885 1689 967 disciplina

23 973 25 975 ’
106 982 181 1062 quod
194 1000 214 1042 a
229 980 303 1042 dono
324 998 492 1061 perparum
503 979 626 1056 distat'3
649 986 691 1056 et,
712 979 819 1040 itidem
833 983 870 1039 ut
917 989 964 1042 est
975 982 1065 1061 regni
1086 982 1228 1056 coelestis,
1244 986 1275 1041 et
1288 981 1421 1043 verbum
1435 980 1500 1055 Dei,
1515 979 1579 1041 sire
1590 978 1689 1039 divini

106 1073 166 1151 boc,
195 1074 258 1135 soli
279 1073 336 1145 illi,
352 1072 478 1154 proprio
500 1079 532 1134 et
550 1073 710 1153 praestanti
733 1073 869 1152 quodam
915 1073 998 1134 illius
1024 1074 1164 1135 doctrina
1186 1074 1393 1152 praeceptoris,
1415 1090 1509 1152 quam
1527 1071 1562 1132 in
1584 1070 1685 1147 nobis,

102 1166 164 1245 jure
175 1166 338 1227 tribuitur.
350 1165 559 1227 Memorabilis
572 1166 631 1227 hae
644 1166 682 1226 de
694 1182 728 1226 re
743 1170 789 1226 est
803 1164 869 1225 Cle·
915 1164 975 1227 hoe
989 1166 1081 1227 estin
1095 1165 1187 1228 eorde
1200 1170 1320 1242 nostro,
1334 1165 1430 1243 digito
1449 1183 1505 1225 suo
1524 1163 1661 1224 exaravit
1676 1181 1685 1237 ;

106 1258 208 1321 ments
229 1258 433 1319 Alexandrini
451 1258 603 1320 sententia
621 1258 655 1319 in
672 1256 773 1338 primo
787 1256 867 1317 libro
916 1263 1009 1337 atque
1034 1256 1206 1320 identidem
1227 1258 1365 1337 suggerit
1390 1257 1491 1334 nobis,
1520 1261 1551 1318 et
1575 1255 1687 1317 intimo

105 1349 272 1431 Podcpcgi.
294 1350 355 1412 usi
372 1368 455 1411 unus
469 1354 525 1424 est,
537 1350 649 1430 inquit,
665 1350 698 1410 in
712 1348 790 1411 coelo
804 1366 869 1409 ma·
916 1351 1040 1431 illapsu,
1061 1351 1273 1412 recordatione
1288 1350 1414 1429 pariter,
1441 1367 1478 1412 ae
1497 1349 1541 1425 ri,
1570 1356 1602 1411 et
1618 1364 1686 1409 sua·

104 1443 199 1522 gister,
227 1448 266 1503 ut
280 1441 438 1522 Scriptura
469 1442 625 1521 loquitur,
653 1445 774 1502 constat
795 1441 867 1519 jure
915 1442 1101 1505 vitateillius
1114 1441 1220 1505 afficit.

105 1553 213 1612 omnes,
230 1534 287 1614 qui
304 1541 376 1594 sunt
395 1534 431 1595 in
453 1534 554 1612 terris,
579 1532 778 1614 appellandos
801 1551 866 1594 esse
958 1535 1020 1597 Sed
1034 1535 1226 1616 expressiora
1248 1540 1321 1597 sunt
1332 1535 1392 1596 hae
1410 1534 1448 1595 de
1462 1551 1507 1607 re,
1522 1550 1581 1595 nee
1594 1532 1686 1593 omit·

104 1620 270 1707 discipulos.
289 1627 336 1687 Ita
360 1626 444 1687 enim
462 1644 529 1687 sese
543 1645 592 1689 res
618 1625 722 1687 habet.
744 1624 865 1688 Perfec-
916 1628 1009 1689 tenda
1029 1646 1155 1709 prorsus
1180 1629 1345 1689 Clementis
1370 1626 1569 1689 Alexandrini
1594 1624 1689 1687 rerba

102 1726 162 1781 tum
173 1738 253 1794 esse,
268 1736 363 1798 penes
377 1720 474 1781 Deum
487 1724 544 1796 est,
558 1719 612 1799 qni
621 1736 742 1799 semper
752 1718 841 1780 docet
857 1737 863 1779 :
916 1718 1023 1782 iliade
1042 1720 1228 1801 Protrepts'ro
1240 1719 1280 1781 od
1293 1718 1417 1784 Grecos.
1436 1742 1452 1778 ιι
1466 1718 1685 1796 Quamobrem,

102 1813 299 1892 quodantem
323 1812 442 1892 puerile
458 1817 513 1883 est,
535 1816 566 1872 et
591 1809 743 1885 infantile,
772 1829 868 1891 penes
916 1817 952 1873 ut
965 1812 1042 1873 mihi
1070 1813 1203 1890 ridetur,
1233 1813 1346 1892 inquit,
1373 1812 1522 1892 quoniam
1546 1810 1685 1872 Verbum

102 1922 159 1979 nos,
178 1904 235 1984 qui
249 1921 372 1982 semper
391 1904 566 1966 discimusr.
583 1924 598 1962 s
617 1905 662 1965 De
675 1904 735 1965 hoc
760 1903 864 1965 divino
914 1904 1017 1984 ipsum
1031 1905 1070 1965 ad
1084 1923 1141 1967 nos
1152 1924 1169 1966 e
1182 1905 1257 1966 coelo
1278 1904 1445 1980 descendit,
1462 1903 1540 1965 nihil
1561 1920 1686 1965 necesse

100 2003 280 2077 preceptore
303 1996 374 2057 ride
401 1996 539 2075 ejusdem
563 1995 729 2058 Clementis
742 2001 864 2075 postre-
914 1995 1066 2058 hebemus
1083 1997 1123 2057 ad
1136 1997 1307 2058 humanam
1321 2014 1378 2057 nos
1392 1995 1530 2056 conterre
1550 1994 1687 2075 discipli·

100 2106 178 2150 mam
195 2096 290 2169 caput
303 2088 376 2150 libri
395 2089 480 2150 tertii
504 2087 674 2170 Ριειίορορί,
693 2093 724 2148 ει
738 2089 866 2149 Laetan-
914 2107 998 2159 nam,
1025 2109 1083 2151 nee
1108 2091 1256 2164 Athenas,
1283 2089 1495 2170 reliquamque
1518 2089 1683 2165 Graeeism;

101 2181 171 2242 tiam
191 2181 272 2242 libro
294 2182 349 2258 IV,
365 2182 465 2260 eapite
479 2198 571 2253 arrr,
587 2180 642 2241 ubi
656 2178 865 2261 copiosissime
915 2182 967 2243 rel
978 2182 1073 2243 etiam
1087 2182 1207 2243 Ioniam
1221 2182 1340 2244 curiose
1354 2182 1550 2261 perlustrare.
1565 2181 1644 2241 Nam
1659 2181 1686 2241 si

99 2273 303 2347 demonstrat,
333 2273 592 2353 perfectissimum
619 2273 778 2334 doctorem
799 2291 865 2334 esse
913 2274 1004 2335 nobis
1017 2274 1164 2354 magister
1180 2275 1232 2335 ille
1246 2287 1302 2352 est,
1318 2274 1373 2355 qui
1386 2275 1498 2336 sanctis
1511 2272 1686 2335 Virtutibus

99 2365 262 2427 Christum.
291 2367 362 2427 lam
385 2366 469 2446 quod
490 2366 634 2427 homines
656 2383 778 2446 semper
800 2384 864 2427 esse
913 2365 1059 2426 universa
1082 2364 1258 2444 complevit.
1287 2364 1420 2444 opificio,
1447 2363 1556 2437 salute,
1572 2363 1687 2425 benefi-

98 2457 267 2538 discipulos,
283 2463 313 2520 et
333 2477 372 2520 ex
399 2458 538 2537 magistri
558 2458 688 2520 coelestis
714 2477 767 2519 ore
788 2477 866 2538 pen·
912 2458 1024 2532 centia,
1058 2456 1264 2537 legislatione,
1298 2456 1471 2536 prophetia,
1508 2456 1648 2516 doctrina
1675 2476 1683 2517 ε

99 2549 164 2611 dere
196 2551 281 2628 dicit,
313 2550 345 2611 id
368 2550 508 2629 ejusdem
533 2551 634 2630 quinti
659 2550 766 2630 capitis
792 2551 865 2614 libri
912 2549 1021 2610 omnia
1040 2568 1126 2611 nune
1146 2549 1293 2628 magister
1317 2548 1460 2621 instituit,
1490 2553 1522 2610 ct
1543 2548 1684 2623 Athense,

99 2642 182 2722 primi
195 2642 288 2704 initio
314 2642 479 2705 confirmat
492 2660 531 2705 ex
548 2661 586 2705 eo
611 2644 764 2720 Clemens,
779 2644 864 2723 quod
913 2647 1006 2721 atque
1042 2642 1157 2704 Graecia
1182 2642 1250 2720 jam
1282 2641 1459 2702 universum
1490 2640 1608 2702 factum
1640 2646 1687 2702 est

99 2734 305 2814 inEvangelio
333 2753 414 2815 saepe
439 2735 578 2796 Christus
601 2735 765 2816 discipulos
793 2754 864 2797 suos
912 2732 1084 2795 verbor.»
1112 2735 1272 2801 Quantum
1295 2751 1370 2794 vero
1402 2732 1520 2794 Christo
1554 2732 1685 2793 Domino

99 2823 181 2903 filios,
206 2834 240 2888 et
264 2844 374 2907 pueros
395 2827 562 2889 nominat:
585 2834 639 2888 εει
660 2845 733 2888 oum
758 2828 864 2906 pueris
912 2825 993 2901 talis,
1007 2831 1134 2906 tamque
1147 2826 1327 2888 necessariae
1342 2826 1490 2887 doctrine
1504 2824 1622 2886 auctori
1635 2825 1686 2885 de-

100 2917 218 2994 coniert,
233 2934 383 2980 eorumve
406 2919 520 2980 similes
539 2937 605 2981 csse
614 2919 717 2998 jubet·
731 2919 819 2993 Quod
833 2926 864 2980 et
911 2917 983 2979 beet
994 2918 1170 2979 humanum
1185 2937 1293 2999 genus,
1310 2936 1349 2979 ex
1362 2936 1399 2979 eo
1422 2921 1523 2996 potest
1541 2915 1682 2995 intelligi,

98 3009 155 3088 ipse
175 3011 337 3072 transtulit
351 3012 385 3072 in
403 3028 481 3087 sese,
500 3030 535 3073 se
555 3017 705 3091 tanquam
730 3029 812 3072 unus
825 3030 864 3072 ex
912 3011 997 3089 quod
1021 3011 1176 3091 Epictetus
1205 3010 1285 3072 libro
1313 3009 1414 3090 primo
1438 3008 1685 3071 Dissertationum

98 3102 136 3162 eis
147 3110 194 3164 est
209 3103 320 3165 belus.
338 3104 435 3165 «Non
452 3104 537 3165 enim
551 3104 635 3183 quod
650 3107 717 3164 erat
729 3103 789 3164 hoe
802 3103 863 3163 illis
912 3102 1033 3176 Ariani,
1050 3104 1149 3183 capite
1172 3108 1283 3183 quarto
1305 3102 1356 3163 his
1376 3100 1478 3163 verbis
1503 3100 1633 3162 adstruit
1646 3099 1685 3162 dc

98 3195 173 3256 risus
204 3202 260 3272 est,
285 3195 340 3275 qui
358 3200 485 3275 propter
499 3195 600 3257 cornis
622 3194 865 3256 imbecillitatem
914 3193 1026 3256 Stoica
1054 3195 1225 3275 discipline
1248 3196 1373 3257 doctore
1395 3194 1546 3274 loquens:
1566 3213 1581 3252 ο
1601 3193 1685 3254 Oin-

99 3304 204 3366 eepere
216 3306 281 3349 non
296 3293 442 3367 poterant
467 3307 474 3349 :
504 3288 558 3349 sed
581 3287 758 3349 sensibilem
782 3305 865 3347 assu·
913 3286 1102 3362 credibilem,
1116 3287 1170 3362 ait,
1186 3287 1381 3349 felicitatem!
1397 3288 1416 3346 o
1430 3286 1547 3366 optime
1565 3285 1604 3346 de
1626 3284 1683 3347 ho-

98 3395 178 3441 mens
202 3398 338 3456 earnem,
363 3385 589 3442 monstraturus
610 3379 791 3441 hominibus
810 3397 864 3441 re·
912 3379 1049 3440 minibus
1066 3379 1223 3452 meritum,
1240 3378 1315 3458 quia
1332 3378 1416 3439 riam
1429 3377 1517 3440 illam
1530 3383 1685 3440 monstra-

99 3471 149 3545 oit,
163 3473 240 3552 quid
262 3472 309 3533 illi
335 3480 482 3552 praestare
503 3473 624 3553 possint
643 3472 677 3532 in
699 3472 863 3535 mandato-
911 3471 972 3531 vitl
989 3472 1075 3530 itane
1089 3469 1280 3550 Triptolemo
1294 3470 1421 3550 templa,
1437 3475 1468 3531 et
1481 3486 1551 3530 aras
1566 3476 1703 3531 morta·v

99 3580 163 3625 mm
175 3563 453 3626 ohsewauonet.»
471 3566 514 3625 Ut
528 3582 593 3627 non
614 3564 706 3642 longe
721 3582 864 3644 queren-
912 3562 957 3624 les
979 3579 1087 3625 omncs
1100 3568 1279 3641 erexerunt,
1304 3562 1390 3644 qaod
1415 3563 1573 3626 mitiorem
1593 3561 1684 3623 nobis

100 3654 151 3717 dns
171 3658 316 3738 deinceps
339 3658 378 3718 sit
400 3656 452 3718 ille
476 3656 566 3718 nobis
579 3656 725 3736 magister
740 3676 748 3717 ε
764 3657 815 3718 sed
830 3658 864 3718 in
912 3656 1039 3717 donarit
1055 3674 1156 3717 eseam
1174 3676 1181 3717 :
1198 3656 1227 3717 ei
1241 3674 1326 3731 vero,
1351 3656 1405 3735 qui
1420 3656 1584 3717 veritatem
1597 3654 1685 3715 inre-

101 3755 239 3830 promptu
250 3751 381 3830 positas,
392 3754 487 3829 atque
499 3749 646 3811 internos
655 3766 861 3826 commorans,
913 3749 970 3828 nit,
982 3756 1013 3810 et
1026 3749 1128 3810 lucem
1140 3749 1255 3823 intulit,
1269 3749 1405 3829 atquein
1418 3766 1525 3810 omnes
1541 3748 1685 3810 homines

101 3843 257 3905 etnaturse
282 3847 393 3905 nostra
420 3846 589 3917 consertus,
618 3858 654 3902 ae
679 3841 865 3905 domesticus
912 3858 978 3904 non
1001 3841 1137 3919 vivendi,
1152 3843 1206 3903 sed
1219 3842 1300 3906 benc
1322 3841 1445 3903 vivendi
1468 3842 1621 3902 rationem
1635 3839 1684 3900 in·

100 3929 249 3997 habeatnr.
912 3935 1006 4009 rexit,
1043 3935 1113 4014 quis
1144 3940 1308 4015 propterea
1336 3951 1440 4008 aram,
1470 3931 1685 4013 templumque

138 4026 262 4088 «Grreci
274 4026 381 4105 itaque
403 4025 503 4089 studia
519 4026 729 4088 transmarina
743 4032 865 4088 scoten-
912 4027 1081 4104 constituit,
1097 4031 1152 4088 aut
1169 4033 1303 4088 statuam
1324 4026 1525 4101 consecrarit,
1549 4030 1604 4086 aut
1619 4023 1685 4103 ejus

100 4120 156 4194 tor,
170 4124 200 4181 et
219 4120 255 4179 in
281 4117 383 4181 alieno
410 4119 486 4180 orbe
512 4120 694 4181 constitutos
721 4119 864 4180 inanium
913 4121 959 4182 rei
971 4121 1070 4199 gratia
1083 4120 1183 4180 Deum
1198 4117 1356 4180 adoravit?
1367 4117 1463 4197 Atqui
1475 4118 1546 4179 ritis
1559 4123 1613 4178 aut
1628 4118 1684 4179 tri·

101 4205 266 4273 ίίιιεεειεει
278 4212 610 4291 quoerantmagistros3
630 4211 864 4292 (aiebataddis
912 4210 966 4273 tici
993 4212 1144 4291 largitori,
1174 4211 1240 4290 ejus
1262 4210 1309 4272 rei
1331 4210 1430 4290 gratia
1454 4209 1683 4272 sacrificamus:

101 4301 209 4383 tiprdos
226 4322 300 4366 suos
317 4304 481 4385 Antonius)
501 4305 591 4367 nobis
602 4322 677 4366 vero
691 4304 777 4365 nulla
791 4322 862 4384 pro·
913 4305 994 4384 quod
1010 4310 1114 4367 autem
1135 4304 1317 4380 exstiterint,
1334 4303 1495 4383 qrritalcm
1512 4303 1546 4364 in
1572 4303 1684 4368 hume·

133 4481 153 4521 a
170 4465 373 4523 Ctsn.lPaed.
398 4482 459 4537 cap.
483 4483 511 4522 ν.
526 4465 557 4519 Εί
570 4466 596 4520 δὲ
615 4460 651 4531 είς
673 4467 819 4530 διδάσκαλος
841 4465 865 4520 ἔν
914 4466 1023 4540 ἡμιῖςδὲ
1045 4466 1072 4520 οδ
1093 4467 1178 4540 χρείαν
1202 4466 1301 4541 ἔχομεν,
1328 4465 1385 4521 οὔτε
1407 4466 1565 4539 ἀποδημῆσαι
1579 4466 1620 4520 at
1641 4467 1686 4537 τὴν

103 4545 216 4619 οίιρσιοῖς,
233 4551 268 4611 ὡς
281 4550 380 4622 ρησίνὴ
392 4549 484 4623 γραφὴ,
496 4549 743 4622 δμολογουμινως,οί
758 4549 797 4604 ἐπί
810 4555 865 4622 γῆς,
915 4550 1039 4622 βασιλείαν
1056 4556 1105 4604 τῶν
1120 4550 1238 4623 οὗρανων,
1254 4550 1310 4606 οίίτε
1326 4551 1431 4623 περᾶσαι
1451 4550 1572 4605 ίίάλατταν
1587 4550 1628 4605 διὰ
1641 4550 1687 4620 τὴν

104 4628 194 4694 ιίιιίτιος
206 4636 234 4686 δν
250 4634 338 4694 πάντες
351 4634 512 4702 ααλησονται
527 4634 642 4706 μαθηταί.
665 4633 717 4706 ἔχει
730 4634 777 4706 γὰρ
791 4634 868 4697 οὕτως
915 4633 1014 4706 ἀρετὴν.
1029 4634 1122 4705 φθάσας
1135 4633 1183 4706 γὰρ
1198 4628 1263 4690 εἶπεν
1278 4634 1395 4707 δκίριος·
1410 4634 1425 4703 ἡ
1439 4634 1550 4707 βασιλεία
1557 4640 1607 4689 τῶν
1617 4634 1689 4712 οὖρα-

104 4711 228 4783 stom·
240 4716 270 4770 τδ
284 4716 328 4789 μὲν
345 4716 436 4771 τέλειον
447 4711 519 4782 εἶναι,
533 4716 600 4788 παρὰ
613 4722 649 4789 τῷ
662 4718 738 4790 κυρίῳ
747 4722 783 4789 τῷ
797 4718 866 4770 διδά-
916 4722 965 4770 νῶν
981 4715 1049 4779 ἐντὸς
1059 4716 1128 4789 ίμῶν
1144 4715 1205 4771 ἔστι.

105 4814 182 4851 mesu
198 4799 245 4853 tet·
265 4801 295 4853 τὸ
310 4799 432 4865 παιδικὸν,
453 4801 494 4853 scd
507 4802 604 4869 νήπιον,
619 4799 678 4873 παρ’
692 4799 750 4874 ἡμῖν
764 4802 817 4864 τοῖς
831 4800 868 4854 ἀεὶ
951 4800 973 4856 d
992 4801 1076 4856 Cena.
1092 4804 1190 4856 Protr.
1208 4802 1251 4855 Διό
1265 4820 1307 4874 μοι
1319 4802 1397 4865 δοκεῖ,
1411 4799 1463 4855 ἐπεὶ
1475 4799 1545 4865 αὐτὸς
1558 4796 1615 4869 ἧκεν
1629 4802 1690 4874 πρὸς

108 4882 255 4949 μανθάνουσι.
916 4883 980 4956 ἡμᾶς
1001 4882 1129 4955 οὐρανόθεν
1144 4883 1158 4936 d
1171 4884 1256 4955 λόγος,
1271 4883 1336 4955 ἡμᾶς
1353 4883 1391 4937 ἐπ’
1410 4883 1563 4956 ἀνθρωπίνην
1579 4883 1643 4938 lesus
1655 4885 1688 4958 μὴ

139 4962 155 5018 ὁ
173 4965 254 5021 cutm.
268 4966 351 5022 dtu.
369 4965 417 5023 Vll
438 4967 545 5023 Strom.
570 4966 605 5021 (λδ
621 4967 668 5039 γδρ
692 4968 707 5020 δ
731 4964 772 5036 ἦν,
795 4971 868 5021 τοῦτο
917 4971 1006 5042 χρῆναι
1020 4961 1178 5020 διδασκαλίαν
1192 4965 1239 5034 ἔτι,
1251 4965 1410 5036 ’diduceret
1422 4966 1466 5034 τὴν
1476 4967 1554 5036 ἄλλην
1569 4965 1689 5033 Ἐλλάδα,

106 5043 171 5116 ἅφθη
183 5053 232 5111 τοῖς
245 5053 358 5123 χωρῆσαι
372 5049 405 5121 μὴ
420 5051 563 5123 δυναμένοις
573 5050 615 5103 διδ
630 5049 675 5118 τὴν
690 5049 811 5104 ἀσθένειαν
825 5055 869 5117 τῆς
918 5050 979 5124 πρὸς
996 5048 1023 5103 at
1036 5050 1075 5102 καί
1095 5048 1195 5103 'lovios
1209 5051 1484 5124 πολυπραγμονοῦντας.
1500 5048 1522 5102 εί
1538 5049 1586 5123 γὰρ
1604 5049 1690 5123 ημῖνδ

108 5131 322 5201 πραίςαίσθητην
336 5132 364 5187 δὲ
377 5132 506 5187 ἀναλαὸὼν
517 5133 604 5206 σάρκα,
617 5134 647 5188 rb
660 5134 763 5188 δονατδν
774 5132 868 5207 ἀνθρώ·
918 5133 1073 5198 διδάσκαλος,
1096 5134 1110 5187 d
1130 5134 1262 5207 πληρώσας
1289 5133 1320 5187 τὰ
1348 5134 1429 5188 πάντα
1448 5133 1575 5205 δυνάμεσιν
1598 5131 1689 5205 ἁγίαις,

107 5214 278 5283 menandris
292 5214 401 5284 ίιπαιιοὴν
415 5221 465 5270 τῶν
480 5214 587 5271 ἐντολῶν
601 5215 679 5280 διίξον
692 5216 800 5288 ἀφίκετο.
918 5212 1074 5291 δημιουργίᾳ,
1096 5218 1216 5290 σωτηρίᾳ,
1239 5216 1373 5290 εὐεργεσίᾳ,
1390 5216 1527 5289 νομεδεσία,
1543 5215 1688 5288 προφητείᾳ,

142 5309 158 5349 ο
176 5298 273 5355 Aratu.
285 5303 318 5355 in
327 5303 393 5356 rita
405 5303 514 5356 Arcton.
527 5298 653 5368 Ἓλληνες
667 5300 710 5373 μὲν
725 5294 767 5354 οὖν
777 5300 871 5369 ἀποδη·
919 5301 1075 5372 διδασκαλίᾳ,
1085 5303 1165 5356 πάντα
1176 5294 1217 5353 νῖιν
1232 5299 1246 5353 d
1261 5301 1408 5362 διδάσκαλος
1418 5301 1533 5371 κατηχεῖ,
1548 5298 1589 5355 acl
1600 5298 1629 5353 τδ
1641 5300 1690 5354 πᾶν

110 5372 191 5447 μαίνει,
212 5381 251 5435 καί
260 5382 382 5438 θάλατταν
400 5389 521 5456 περῶσιν,
540 5383 583 5437 ίνα
600 5385 735 5457 γράμματα
750 5384 868 5457 μάθωσιν.
919 5384 966 5453 ἤδη
981 5381 1497 5455 ’λθῆναι,ιια1’11λλίιςγίγονοντῷλ6γῳ.

139 5520 153 5564 i
167 5519 209 5568 ld).
221 5524 241 5570 il
253 5525 280 5571 dc
289 5527 353 5574 ute.
363 5537 383 5571 e.
391 5527 475 5573 tte-2
487 5526 565 5573 videt.
577 5524 596 5581 1,
611 5527 628 5574 1.
642 5525 679 5579 tl,
691 5537 712 5574 t.
721 5535 762 5572 tlt.
