4072 6164
529 358 578 411 b„
594 312 900 393 „tmuustlottu
922 316 996 383 utu.
1019 317 1073 395 tt,
1099 317 1182 383 ΟΑΡ.
1204 318 1291 379 XVI.
1634 318 1689 381 pn

110 522 180 566 mm
193 512 281 587 quoe
289 486 434 559 &nutes
446 482 473 545 si
486 481 664 562 simpliciter
673 487 875 561 usurpentur,
925 481 1002 547 orte
1015 490 1097 549 route
1109 482 1306 549 ooouruttltu
1316 482 1435 561 regulo.
1451 480 1694 560 Nomhooquod

111 576 307 661 meretum
319 574 460 635 hinnitus
477 580 669 637 removente
682 573 831 651 subjecto,
846 578 877 634 et
924 580 971 639 eet
991 572 1106 654 foetum
1124 593 1193 651 eus,
1211 582 1332 641 nature
1352 593 1389 641 eo
1406 590 1548 655 persuum
1569 573 1695 653 oopuls·

107 662 253 744 notique,
278 666 327 727 vel
352 665 549 744 motr'yoontis
576 672 694 731 satore
718 666 813 745 vulgo
840 665 877 731 in
923 666 1041 733 eonem
1062 666 1211 747 exprimit
1232 687 1239 729 ε
1262 685 1359 747 quoue
1385 676 1450 731 non
1477 670 1579 746 poton
1604 664 1694 731 ultori

106 755 217 817 sobolis
234 757 444 837 appellantur.
463 758 503 820 Ut
525 758 551 821 si
574 758 686 831 dicem,
708 758 815 823 Peon
834 763 876 823 ut
923 758 1147 823 communirent
1160 779 1167 823 ι
1180 760 1317 823 Proinde
1337 776 1402 822 non
1423 763 1468 821 est
1489 773 1691 835 oonsequeus,

105 845 264 921 coiorotm,
286 855 352 910 tem
373 867 458 927 rere,
478 868 573 929 quem
594 849 734 915 obsolute
752 850 872 929 toqusr.
923 848 1049 917 unm
1065 850 1164 931 suetus
1182 859 1224 913 ert
1242 850 1339 923 tomo.
1362 850 1396 913 id
1417 855 1464 911 est
1481 848 1510 909 si
1531 847 1632 911 unitm
1652 854 1693 909 nt

105 937 158 999 Sin
170 941 212 999 its
229 959 238 999 ι
263 938 372 1005 Prtmu
385 960 445 1004 unit
456 948 499 1003 ost
511 941 667 1018 coloratus,
681 941 874 1007 nunninae
923 941 1048 1016 temni,
1075 943 1169 1009 ouon
1182 942 1280 1023 foetus
1294 950 1333 1007 est
1352 940 1440 1018 Dete,
1455 941 1519 1005 eivs
1537 938 1638 1003 unitus
1650 944 1694 999 stt

105 1028 212 1099 dimin,
229 1032 308 1111 quis
320 1034 444 1111 negotio
455 1034 498 1111 id,
513 1034 596 1113 quod
614 1038 718 1113 negat,
736 1033 874 1113 prenso,
923 1031 997 1100 noo.

105 1123 179 1185 etin
200 1128 309 1187 tntum
331 1126 442 1188 adimit
464 1125 613 1205 subjecto.
633 1125 875 1205 iniungendum
964 1126 1032 1191 Iino
1052 1127 1152 1191 multo
1174 1127 1214 1189 m
1231 1125 1484 1207 respondendum
1501 1121 1637 1196 brevius,
1656 1140 1692 1185 uo

105 1213 196 1292 igitur
210 1215 273 1276 erit
291 1216 368 1278 illud
383 1238 391 1293 ;
407 1218 475 1279 Non
494 1235 559 1279 esto
577 1217 747 1283 coloratum
764 1236 874 1281 senun-
923 1217 1066 1283 solertius
1087 1225 1151 1295 ost,
1180 1234 1275 1299 quern
1304 1236 1376 1283 oum
1401 1215 1530 1281 Rustioo
1556 1231 1690 1293 negare,

106 1304 177 1365 dum
193 1307 348 1369 unimam.
371 1308 434 1371 eet
449 1309 616 1388 relegenda
632 1313 707 1371 sunt
720 1309 784 1385 illu,
803 1327 874 1389 qum
923 1310 1029 1373 omniu
1042 1328 1113 1390 qum
1127 1317 1200 1373 sunt
1216 1311 1321 1389 Verbi,
1344 1311 1382 1375 de
1401 1325 1493 1373 corno
1508 1305 1689 1387 predicari:

106 1396 212 1459 denso
225 1400 374 1462 mutuno
393 1401 540 1480 loquendi
551 1401 649 1466 fusius
670 1403 704 1467 in
727 1403 815 1467 tertio
838 1403 874 1467 de
922 1420 963 1465 ne
976 1402 1003 1467 si
1017 1403 1246 1469 omuiemutuo
1261 1403 1300 1464 de
1319 1420 1351 1469 se
1370 1402 1432 1467 diei
1443 1400 1690 1475 neretum-oon-

109 1488 259 1552 titnitote
271 1492 485 1556 dissernimus.
922 1512 1055 1577 sequens
1076 1501 1166 1570 esset,
1186 1495 1301 1575 oquod
1321 1512 1392 1559 euro
1412 1494 1452 1557 sit
1473 1494 1643 1566 inmunem,
1661 1495 1693 1555 ot

142 1582 241 1655 Quum
254 1585 420 1649 sitantum
436 1591 630 1667 opportunus
651 1586 768 1666 regule
787 1584 875 1651 istius
922 1587 1145 1653 inhumanatus
1160 1588 1200 1653 sit
1219 1589 1356 1653 homo.»
1375 1586 1437 1651 sod
1456 1584 1557 1653 noum
1577 1583 1635 1647 toto
1653 1599 1693 1649 eu

106 1691 184 1749 mus,
201 1692 239 1737 sx
251 1677 375 1739 Rustici
388 1679 511 1741 diaconi
524 1678 719 1743 oonilietiono
733 1677 875 1755 ooguosei
924 1678 1007 1743 Sonti
1019 1679 1127 1759 regulo
1142 1678 1230 1743 troile
1245 1680 1386 1743 solvitur.
1401 1678 1482 1744 Num
1493 1676 1692 1743 intemetum

106 1771 219 1845 potest3
234 1769 443 1848 quiininitio
456 1770 674 1852 Duputotr'ouis
687 1776 789 1835 oontro
803 1771 873 1835 Ao·
923 1787 988 1835 esso
1011 1770 1162 1850 veroum,
1188 1777 1243 1837 out
1265 1771 1517 1841 inhumanatum.
1542 1767 1627 1848 quod
1648 1770 1693 1833 stt

103 1854 214 1936 pistor,
242 1882 259 1919 ι
283 1878 350 1923 non
377 1863 481 1927 omnis
505 1880 576 1942 qum
600 1862 697 1925 Verbi
723 1869 808 1938 sunt,
836 1861 875 1927 ds
925 1869 1120 1944 nortpertum,
1132 1863 1291 1929 unitiones
1303 1864 1404 1943 ipsum
1413 1860 1569 1941 exprimit,
1583 1858 1691 1927 etium

107 1965 202 2024 wne,
217 1952 252 2013 id
267 1958 318 2017 est
328 1952 454 2017 homine
468 1954 529 2021 dioi
538 1955 671 2031 fututum
686 1973 745 2021 nso
761 1972 779 2015 e
796 1972 872 2021 eon·
925 1957 1235 2023 uoommunioetione
1249 1955 1434 2022 idiomatum
1448 1952 1609 2032 ominium

108 2044 250 2107 rursusi
270 2043 358 2108 enim
376 2051 498 2122 ennete,
522 2066 583 2126 qua
602 2048 702 2113 nuruis
719 2050 803 2121 sunt,
826 2046 870 2111 illi
965 2048 1036 2113 XV.
1058 2048 1113 2113 His
1127 2048 1268 2113 uddsnds
1281 2048 1400 2113 docimo
1412 2044 1520 2127 regula
1532 2048 1587 2120 ⁰⁸1·
1606 2061 1691 2107 ⁰01³·

107 2132 260 2197 inmrnato
284 2136 479 2214 collidimus;
495 2139 544 2201 vol
565 2158 635 2218 qun
658 2139 782 2213 sorum,
808 2143 874 2205 uu·
925 2140 1108 2207 numerem
1127 2140 1362 2219 proprietatum,
1381 2145 1411 2205 et
1433 2145 1557 2206 ortum
1576 2135 1693 2216 inmy·

109 2242 194 2303 qusm
203 2229 561 2309 sint3velqusedesunt
573 2230 869 2299 velutiuousdtlnt:
924 2232 1017 2297 sterio
1031 2232 1255 2299 iuournutinnis
1274 2232 1368 2297 letius
1382 2228 1612 2311 quodammodo
1633 2246 1691 2307 pu-

109 2316 257 2381 inronitru
267 2322 351 2383 Deru
364 2322 499 2385 Verbum
508 2338 567 2385 neo
577 2323 716 2403 esquelio,
730 2340 871 2389 neuneu·
925 2331 1000 2397 tere.
1015 2341 1111 2403 quum
1121 2325 1153 2389 tn
1168 2325 1318 2391 Triuitute
1335 2323 1478 2389 :temetsi
1489 2321 1582 2386 unitio
1592 2320 1692 2387 multo

109 2410 325 2488 enuntietis,
341 2431 398 2477 use
415 2412 606 2489 indifferens,
624 2433 682 2479 neo
701 2420 873 2481 suetorum
924 2417 958 2482 in
981 2418 1038 2481 hoo
1060 2432 1154 2495 quum
1174 2415 1207 2481 iu
1230 2415 1283 2481 itta
1306 2416 1416 2494 major.
1440 2414 1616 2492 urotiorquo
1639 2413 1690 2479 sit.

110 2497 207 2564 Petri.
222 2524 239 2564 ι
258 2505 419 2568 Nimirum
436 2506 511 2586 quie
524 2525 666 2573 ooronou
678 2514 724 2569 est
733 2508 870 2587 equalis.
925 2510 1047 2575 monim
1062 2508 1095 2574 iu
1108 2508 1258 2575 trinitate
1271 2507 1380 2582 usito,
1400 2506 1451 2571 uel
1464 2507 1566 2587 potius
1583 2505 1690 2579 unitos,

110 2610 203 2673 nequo
230 2597 503 2661 consubstantialis
528 2601 604 2677 Deo,
627 2618 689 2680 qun
716 2618 788 2665 curo
815 2609 870 2665 est.
924 2601 958 2668 in
971 2608 1084 2667 netum
1099 2605 1264 2679 speotstur.
1279 2618 1345 2665 nou
1364 2599 1397 2665 in
1416 2616 1567 2679 persone:
1583 2600 1617 2661 in
1637 2599 1692 2665 ln-

111 2684 217 2749 iomm
230 2689 392 2758 hoeersro,
404 2691 582 2770 sivepotius
594 2692 760 2765 hietromo,
772 2712 874 2773 nque·
924 2692 1101 2760 osrnotiouo
1113 2699 1219 2759 nutem
1235 2691 1421 2757 econtrario
1441 2691 1474 2755 'tn
1490 2708 1622 2773 persone
1639 2690 1690 2766 tit,

112 2775 153 2853 lis,
173 2785 203 2839 et
223 2780 494 2845 consubstantialis
517 2783 579 2844 Deo
608 2784 694 2849 Petri
717 2785 783 2849 sine
810 2786 875 2849 ulio
924 2803 989 2845 non
998 2786 1231 2851 nature.Porrn
1240 2785 1390 2867 quidquid
1399 2790 1520 2851 noturus
1531 2783 1693 2863 proprium

112 2873 304 2934 mnouuons
315 2873 437 2939 dieitm.
455 2875 525 2937 Non
541 2881 656 2952 sutem,
671 2875 719 2939 tie
733 2875 815 2941 tomo
828 2876 874 2943 ost
924 2882 980 2945 est,
996 2882 1028 2941 et
1040 2883 1165 2950 sternte,
1184 2877 1215 2941 id
1225 2876 1318 2941 etism
1328 2893 1467 2956 personne
1480 2875 1605 2954 proprie
1619 2891 1693 2935 eon-

115 2958 250 3037 Gtristun
272 2983 334 3027 non
359 2975 399 3027 est
428 2966 561 3045 equatio,
588 2967 875 3037 consubstantialium
923 2970 1020 3045 venit,
1035 2969 1135 3049 deque
1149 2987 1186 3030 eu
1198 2969 1320 3037 dieitur.
1340 2969 1410 3035 Non
1424 2960 1692 3047 unumquidque

113 3050 205 3130 Petri,
216 3056 268 3136 pie
284 3055 457 3136 proterium
472 3058 499 3120 oi
513 3076 578 3121 non
591 3059 668 3124 illud
681 3061 872 3141 adiungitur,
924 3077 1063 3140 perseum
1078 3062 1240 3141 proprium
1254 3067 1311 3137 est,
1321 3060 1483 3141 proprium
1495 3064 1541 3121 est
1552 3058 1693 3123 substen-

115 3152 256 3224 mutunus
267 3156 318 3212 eet
330 3151 435 3215 hemo.
451 3152 551 3224 Quare
565 3152 686 3229 melius,
701 3170 736 3217 no
751 3153 875 3219 brevius
925 3151 984 3224 tin,
1001 3153 1051 3215 rel
1066 3153 1217 3227 essentie,
1242 3154 1392 3232 quorun
1413 3153 1447 3217 iu
1470 3153 1528 3219 heo
1549 3150 1634 3217 nullu
1648 3155 1694 3215 est

115 3240 250 3317 expedire
260 3259 296 3303 se
305 3247 427 3321 poterut
434 3244 590 3321 Rusticum,
598 3245 625 3307 si
633 3245 774 3321 munium
783 3246 875 3311 istsm
924 3243 1225 3326 oppoununtur,
1240 3262 1310 3323 quse
1323 3245 1358 3309 in
1367 3244 1506 3323 personis
1520 3243 1610 3309 inest.
1627 3243 1693 3317 Quo

115 3331 385 3398 animadvertisset.
924 3337 960 3406 tu
973 3345 1009 3401 ut
1018 3336 1186 3417 personetis
1197 3336 1366 3416 proprium
1375 3336 1467 3403 unius
1479 3353 1543 3402 non
1553 3352 1693 3399 oommu·

60 3456 97 3491 ι..
151 3422 226 3487 xiv,
244 3426 397 3506 Sequitur
408 3427 504 3490 ultore
523 3428 634 3497 nuntio.
651 3446 748 3507 euque
766 3428 876 3491 ordine
925 3430 1045 3490 ninetur
1064 3428 1163 3502 alteri,
1183 3429 1233 3489 eui
1255 3446 1310 3508 per
1333 3430 1413 3490 hano
1436 3429 1534 3506 ipsum
1553 3427 1693 3507 propris-

117 3532 190 3579 nous
204 3538 211 3579 r
225 3519 318 3598 nujus
338 3520 530 3599 exponendus
557 3521 648 3583 nobis
669 3521 873 3598 emotionem,
926 3520 1295 3600 tutomnpponitur.Non
1310 3519 1394 3585 enim
1408 3519 1503 3586 Filius
1515 3518 1626 3598 gignit,
1640 3523 1695 3581 sut

118 3606 192 3672 idom
217 3611 362 3675 umnam
379 3611 569 3675 :formulam
593 3619 709 3688 sutem,
740 3614 876 3678 ioannes
926 3613 1160 3679 Potordioitur:
1176 3630 1233 3677 noo
1252 3612 1389 3680 vicissim
1408 3612 1557 3691 gignitur,
1579 3616 1634 3673 out
1650 3612 1695 3677 Fi-

118 3698 470 3778 internitentium
494 3704 876 3771 tholustieoosobtititots'r
926 3705 988 3771 lius
1001 3708 1049 3767 esi
1059 3705 1159 3771 Peter.
1174 3706 1215 3771 tt
1226 3706 1259 3769 iu
1271 3704 1487 3771 Ineurnutions
1497 3702 1591 3769 Verbi
1605 3703 1695 3782 qiud-

117 3788 200 3855 titolo
212 3794 357 3873 insignis.
372 3797 445 3861 fluo
464 3795 561 3875 igitur
579 3799 620 3861 ud
642 3798 726 3861 huno
747 3799 876 3864 modurn
927 3798 1004 3878 quid
1018 3797 1188 3864 seeundum
1201 3797 1295 3876 hujus
1308 3805 1473 3873 usturam,
1487 3801 1695 3877 etpersonsm

118 3884 301 3964 oouuiptetur
317 3906 324 3951 ι
340 3887 549 3968 usurumque
566 3894 687 3954 neturus
710 3908 782 3957 oum
809 3908 876 3969 peu
927 3889 1081 3965 nomenti,
1091 3890 1130 3951 de
1140 3888 1446 3968 strumentorum,
1461 3886 1511 3949 ml
1524 3886 1562 3947 de
1576 3886 1695 3952 Christo

118 3989 188 4037 sons
200 3978 375 4043 unitionem
396 3980 587 4059 exprimunt,
603 3981 642 4044 ab
655 3982 724 4058 loge
737 4000 877 4048 nummu·
926 3983 1056 4049 dieitur:
1081 3986 1116 4047 ut
1136 3987 1167 4044 et
1193 3982 1288 4057 Deus,
1311 3990 1342 4048 ot
1366 3980 1423 4047 Dei
1441 3977 1538 4045 Filius
1559 3996 1639 4048 vero.
1660 3996 1695 4043 uo

120 4064 212 4133 utonis
244 4070 431 4136 idiomatum
465 4073 672 4152 exeipiuutnr.
698 4075 769 4137 oEt
799 4076 878 4141 rutio
926 4074 1050 4156 proprio
1061 4073 1253 4141 nominetur.
1517 4091 1520 4097 ·

119 4154 203 4235 liuius
216 4169 271 4238 est,
288 4163 333 4227 uit
347 4163 470 4240 Senius,
481 4165 553 4244 quio
565 4165 619 4231 illo
641 4166 878 4233 romnnniootio
966 4168 983 4228 J
985 4184 1036 4231 um
1050 4182 1123 4229 vero
1137 4166 1163 4229 si
1172 4164 1397 4244 proprietatum
1410 4167 1520 4229 mutuo
1535 4163 1696 4245 participu-

121 4246 428 4330 inomdioationihm
444 4256 480 4323 fit
494 4262 620 4336 propter
632 4259 791 4334 outonem,
810 4258 879 4339 (hoo
925 4260 1022 4332 tinne,
1038 4255 1262 4323 incarnationis
1271 4260 1498 4321 monumentum
1508 4256 1604 4319 vineit
1616 4275 1694 4336 quo-

120 4346 161 4405 ιιι
172 4343 208 4407 sb
221 4364 269 4422 eu,
286 4353 436 4427 tunquam
457 4367 560 4425 ouum,
580 4354 612 4413 et
636 4349 722 4417 fonte
741 4351 879 4428 pronois-
926 4350 1094 4417 dummodo
1109 4349 1142 4416 iu
1155 4349 1238 4428 quod
1253 4349 1287 4411 in
1300 4349 1450 4414 Trinitete
1467 4348 1622 4424 cerniturt
1640 4351 1696 4410 fltfli

121 4430 201 4515 uitur)
216 4444 248 4503 ot
260 4440 304 4503 itu
316 4441 530 4520 prnsupponit
546 4443 706 4518 nunonem.
723 4444 792 4510 Nou
806 4461 879 4522 ergo
928 4441 1155 4521 coniunctione.
1170 4447 1202 4505 et
1214 4441 1333 4505 unitate
1344 4441 1504 4514 vinostur3
1520 4439 1650 4505 minime
1663 4441 1695 4503 id

121 4522 403 4601 fiteeeundumille,
417 4534 875 4612 quaeexprimuntuntonem.»
927 4537 1043 4596 mirum
1064 4535 1133 4609 erit,
1157 4551 1225 4593 eam
1249 4550 1384 4611 quoque,
1409 4549 1479 4611 quae
1497 4537 1568 4612 post
1589 4533 1696 4594 umbus

123 4615 190 4679 Huo
199 4620 251 4684 ills
262 4623 377 4685 ideireo
386 4624 518 4700 disserit,
529 4631 566 4686 nt
575 4626 614 4699 ei,
625 4627 710 4705 quod
722 4627 779 4691 sibi
787 4629 879 4688 tertio
926 4628 994 4695 illus
1007 4625 1211 4707 prerogotiva
1229 4625 1360 4691 unitatis
1378 4623 1542 4699 antecellit,
1558 4627 1697 4705 eorporis

123 4705 586 4796 loeoopposuerst,nrgumento
599 4718 880 4798 setisinoiuttquod
927 4736 999 4782 oum
1022 4719 1126 4780 enims
1149 4716 1387 4797 nopulutionom,
1410 4716 1449 4777 ub
1471 4714 1566 4778 Verbi
1590 4717 1695 4783 humi-

125 4802 364 4884 erstejusmodis
383 4832 397 4861 ι
411 4809 443 4869 Si
467 4810 546 4871 Deus
567 4815 612 4871 est
636 4809 733 4871 iaetus
758 4811 877 4887 homo;
927 4814 1036 4889 nisque
1063 4810 1300 4888 conjunctione,
1331 4809 1440 4870 eudem
1471 4810 1696 4893 proprietatum

124 4896 446 4970 ergoDeusestisetus
461 4900 551 4965 Deus.
568 4902 793 4982 Consequentia
806 4922 879 4985 pro·
929 4903 1149 4966 communione
1178 4900 1328 4987 superari.
1360 4900 1486 4982 Triplex
1510 4901 1570 4962 hoe
1597 4921 1695 4980 genus

124 4978 225 5067 butum
241 4993 452 5077 quiapropter
465 4994 614 5057 unionem
627 4996 824 5071 naturarum,
835 5003 880 5058 est
928 4996 1056 5063 unitatis
1075 4993 1210 5057 doelurnt
1230 4992 1425 5055 Beruerdus⁸
1443 5010 1450 5055 ;
1471 4994 1695 5077 niissumque

125 5080 353 5149 communicatio
374 5086 558 5149 idiomatum
574 5106 581 5146 :
596 5092 626 5149 ei
640 5087 684 5149 ite
703 5086 783 5151 sieut
802 5088 880 5155 oeol-
928 5088 961 5155 in
977 5087 1189 5151 Inmrnntione
1202 5087 1332 5149 accidit:
1352 5107 1367 5145 u
1380 5086 1513 5149 duemm
1527 5087 1695 5149 consisten-

127 5167 193 5231 dens
204 5173 370 5250 hominem,
382 5177 493 5244 oooidlt
506 5179 617 5252 Deum,
635 5177 677 5243 itu
689 5179 714 5243 si
728 5179 880 5247 ieetusest
930 5188 993 5247 tem
1005 5180 1142 5249 mediam
1151 5181 1319 5257 unitatum,
1331 5177 1417 5243 elteri
1428 5177 1626 5243 succumbere
1640 5179 1694 5256 uit,
1730 5181 1734 5187 '

127 5256 223 5341 homo,
236 5267 333 5328 iuetrrs
346 5274 393 5331 est
406 5271 531 5331 Deus.»
552 5268 630 5332 Huie
644 5290 718 5351 ergo
736 5273 878 5353 captiun·
929 5274 1018 5341 elteri
1031 5272 1244 5351 preminere,
1267 5276 1420 5351 quantun
1439 5269 1596 5349 superiore
1616 5269 1695 5339 infe-

153 5457 162 5501 1
176 5460 235 5509 uuo.
246 5471 262 5508 t.
271 5464 297 5509 tv
306 5466 412 5510 eut-t
425 5465 489 5511 tnttt
499 5467 552 5510 dist.
564 5478 603 5519 ιιι,
615 5481 638 5524 q.
651 5479 676 5521 ιι,
688 5471 715 5514 stt
727 5478 753 5514 ιιι
762 5470 814 5515 mu
828 5468 874 5514 un.
885 5470 902 5512 1
913 5469 1035 5517 uorum.
1048 5478 1068 5513 t.
1081 5480 1110 5513 ιι.
