<?xml version="1.0" encoding="UTF-8"?>
<!DOCTYPE html PUBLIC "-//W3C//DTD XHTML 1.0 Transitional//EN"
    "http://www.w3.org/TR/xhtml1/DTD/xhtml1-transitional.dtd">
<html xmlns="http://www.w3.org/1999/xhtml" xml:lang="en" lang="en">
 <head>
  <title>
</title>
<meta http-equiv="Content-Type" content="text/html;charset=utf-8" />
  <meta name='ocr-system' content='tesseract 3.04.00' />
  <meta name='ocr-capabilities' content='ocr_page ocr_carea ocr_par ocr_line ocrx_word'/>
</head>
<body>
  <div class='ocr_page' id='page_1' title='image "./dogmatatheologi00unkngoog_0410.png"; bbox 0 0 4036 6162; ppageno 0'>
   <div class='ocr_carea' id='block_1_1' title="bbox 567 358 1306 441">
    <p class='ocr_par' dir='ltr' id='par_1_1' title="bbox 567 358 1306 441">
     <span class='ocr_line' id='line_1_1' title="bbox 567 358 1306 441; baseline -0.009 -11"><span class='ocrx_word' id='word_1_1' title='bbox 567 367 622 430; x_wconf 83' lang='lat' dir='ltr'>DE</span> <span class='ocrx_word' id='word_1_2' title='bbox 641 359 951 440; x_wconf 76' lang='lat' dir='ltr'>ruciuutrtorttt,</span> <span class='ocrx_word' id='word_1_3' title='bbox 974 358 1044 428; x_wconf 75' lang='lat' dir='ltr'>tiu.</span> <span class='ocrx_word' id='word_1_4' title='bbox 1067 358 1124 441; x_wconf 89' lang='lat' dir='ltr'>ili,</span> <span class='ocrx_word' id='word_1_5' title='bbox 1145 358 1231 426; x_wconf 72' lang='lat' dir='ltr'>lle.</span> <span class='ocrx_word' id='word_1_6' title='bbox 1254 363 1306 424; x_wconf 91' lang='lat' dir='ltr'>lii.</span> 
     </span>
    </p>
   </div>
   <div class='ocr_carea' id='block_1_2' title="bbox 148 546 921 1843">
    <p class='ocr_par' dir='ltr' id='par_1_2' title="bbox 151 546 919 822">
     <span class='ocr_line' id='line_1_2' title="bbox 154 546 919 621; baseline -0.009 0"><span class='ocrx_word' id='word_1_7' title='bbox 154 558 299 621; x_wconf 80' lang='lat' dir='ltr'>urantur</span> <span class='ocrx_word' id='word_1_8' title='bbox 329 570 349 618; x_wconf 83' lang='lat' dir='ltr'>a</span> <span class='ocrx_word' id='word_1_9' title='bbox 383 552 542 618; x_wconf 73' lang='lat' dir='ltr'>Patribuse</span> <span class='ocrx_word' id='word_1_10' title='bbox 567 567 626 618; x_wconf 88' lang='lat' dir='ltr'>nec</span> <span class='ocrx_word' id='word_1_11' title='bbox 653 552 687 618; x_wconf 86' lang='lat' dir='ltr'>ln</span> <span class='ocrx_word' id='word_1_12' title='bbox 711 568 748 618; x_wconf 85' lang='lat' dir='ltr'>ao</span> <span class='ocrx_word' id='word_1_13' title='bbox 782 546 919 617; x_wconf 75' lang='lat' dir='ltr'>imaum</span> 
     </span>
     <span class='ocr_line' id='line_1_3' title="bbox 152 642 919 731; baseline -0.007 -19"><span class='ocrx_word' id='word_1_14' title='bbox 152 648 296 712; x_wconf 78' lang='lat' dir='ltr'>aberrare</span> <span class='ocrx_word' id='word_1_15' title='bbox 322 662 381 711; x_wconf 88' lang='lat' dir='ltr'>nos</span> <span class='ocrx_word' id='word_1_16' title='bbox 406 646 559 731; x_wconf 74' lang='lat' dir='ltr'>patients,</span> <span class='ocrx_word' id='word_1_17' title='bbox 586 650 641 711; x_wconf 87' lang='lat' dir='ltr'>aut</span> <span class='ocrx_word' id='word_1_18' title='bbox 672 644 711 710; x_wconf 86' lang='lat' dir='ltr'>ab</span> <span class='ocrx_word' id='word_1_19' title='bbox 739 642 919 709; x_wconf 83' lang='lat' dir='ltr'>mniusione</span> 
     </span>
     <span class='ocr_line' id='line_1_4' title="bbox 151 742 916 822; baseline -0.003 -18"><span class='ocrx_word' id='word_1_20' title='bbox 151 748 345 817; x_wconf 84' lang='lat' dir='ltr'>naturarum,</span> <span class='ocrx_word' id='word_1_21' title='bbox 362 748 393 804; x_wconf 89' lang='lat' dir='ltr'>et</span> <span class='ocrx_word' id='word_1_22' title='bbox 403 743 592 822; x_wconf 74' lang='lat' dir='ltr'>Eutychiana</span> <span class='ocrx_word' id='word_1_23' title='bbox 604 742 755 821; x_wconf 77' lang='lat' dir='ltr'><strong>pravitate</strong></span> <span class='ocrx_word' id='word_1_24' title='bbox 769 744 916 802; x_wconf 85' lang='lat' dir='ltr'>metuere.</span> 
     </span>
    </p>

    <p class='ocr_par' dir='ltr' id='par_1_3' title="bbox 148 828 921 1843">
     <span class='ocr_line' id='line_1_5' title="bbox 184 828 921 919; baseline -0.007 -22"><span class='ocrx_word' id='word_1_25' title='bbox 184 828 305 897; x_wconf 77' lang='lat' dir='ltr'>xvnt.</span> <span class='ocrx_word' id='word_1_26' title='bbox 327 830 451 896; x_wconf 78' lang='lat' dir='ltr'>liitenim</span> <span class='ocrx_word' id='word_1_27' title='bbox 469 831 563 896; x_wconf 90' lang='lat' dir='ltr'>babet</span> <span class='ocrx_word' id='word_1_28' title='bbox 576 834 707 914; x_wconf 90' lang='lat' dir='ltr'>utraque</span> <span class='ocrx_word' id='word_1_29' title='bbox 720 846 796 911; x_wconf 80' lang='lat' dir='ltr'>vox,</span> <span class='ocrx_word' id='word_1_30' title='bbox 813 838 875 919; x_wconf 62' lang='lat' dir='ltr'>pue</span> <span class='ocrx_word' id='word_1_31' title='bbox 889 839 921 893; x_wconf 92' lang='lat' dir='ltr'>et</span> 
     </span>
     <span class='ocr_line' id='line_1_6' title="bbox 149 924 919 1011; baseline 0.001 -19"><span class='ocrx_word' id='word_1_32' title='bbox 149 934 242 1011; x_wconf 60' lang='grc' dir='ltr'>κρᾶσις,</span> <span class='ocrx_word' id='word_1_33' title='bbox 271 924 435 1009; x_wconf 77' lang='lat' dir='ltr'><strong>quiddam,</strong></span> <span class='ocrx_word' id='word_1_34' title='bbox 452 924 536 1010; x_wconf 87' lang='lat' dir='ltr'>quod</span> <span class='ocrx_word' id='word_1_35' title='bbox 557 929 704 1009; x_wconf 81' lang='lat' dir='ltr'>mysterio</span> <span class='ocrx_word' id='word_1_36' title='bbox 717 934 823 990; x_wconf 88' lang='lat' dir='ltr'>nostro</span> <span class='ocrx_word' id='word_1_37' title='bbox 842 944 919 993; x_wconf 89' lang='lat' dir='ltr'>oon-</span> 
     </span>
     <span class='ocr_line' id='line_1_7' title="bbox 149 1016 920 1102; baseline 0.003 -19"><span class='ocrx_word' id='word_1_38' title='bbox 149 1023 255 1098; x_wconf 79' lang='lat' dir='ltr'>venit3</span> <span class='ocrx_word' id='word_1_39' title='bbox 279 1016 374 1084; x_wconf 87' lang='lat' dir='ltr'>simul</span> <span class='ocrx_word' id='word_1_40' title='bbox 394 1028 425 1083; x_wconf 93' lang='lat' dir='ltr'>et</span> <span class='ocrx_word' id='word_1_41' title='bbox 454 1020 583 1102; x_wconf 82' lang='lat' dir='ltr'>ailquid,</span> <span class='ocrx_word' id='word_1_42' title='bbox 606 1018 689 1101; x_wconf 85' lang='lat' dir='ltr'>quod</span> <span class='ocrx_word' id='word_1_43' title='bbox 705 1022 835 1085; x_wconf 88' lang='lat' dir='ltr'>minime</span> <span class='ocrx_word' id='word_1_44' title='bbox 849 1038 920 1085; x_wconf 94' lang='lat' dir='ltr'>con-</span> 
     </span>
     <span class='ocr_line' id='line_1_8' title="bbox 149 1110 917 1194; baseline 0.001 -19"><span class='ocrx_word' id='word_1_45' title='bbox 149 1110 252 1176; x_wconf 83' lang='lat' dir='ltr'>sentit.</span> <span class='ocrx_word' id='word_1_46' title='bbox 268 1116 353 1188; x_wconf 58' lang='lat' dir='ltr'>liure,</span> <span class='ocrx_word' id='word_1_47' title='bbox 364 1119 516 1194; x_wconf 85' lang='lat' dir='ltr'>quatenus</span> <span class='ocrx_word' id='word_1_48' title='bbox 525 1112 568 1175; x_wconf 92' lang='lat' dir='ltr'>lta</span> <span class='ocrx_word' id='word_1_49' title='bbox 576 1112 668 1193; x_wconf 86' lang='lat' dir='ltr'>jungi</span> <span class='ocrx_word' id='word_1_50' title='bbox 683 1115 745 1175; x_wconf 90' lang='lat' dir='ltr'>duo</span> <span class='ocrx_word' id='word_1_51' title='bbox 755 1114 917 1191; x_wconf 82' lang='lat' dir='ltr'>significat,</span> 
     </span>
     <span class='ocr_line' id='line_1_9' title="bbox 148 1203 920 1286; baseline 0.003 -19"><span class='ocrx_word' id='word_1_52' title='bbox 148 1208 180 1267; x_wconf 88' lang='lat' dir='ltr'>ut</span> <span class='ocrx_word' id='word_1_53' title='bbox 191 1222 262 1269; x_wconf 89' lang='lat' dir='ltr'>non</span> <span class='ocrx_word' id='word_1_54' title='bbox 275 1204 516 1280; x_wconf 87' lang='lat' dir='ltr'>confundantur,</span> <span class='ocrx_word' id='word_1_55' title='bbox 528 1203 633 1268; x_wconf 74' lang='lat' dir='ltr'>ascisci</span> <span class='ocrx_word' id='word_1_56' title='bbox 642 1211 743 1286; x_wconf 90' lang='lat' dir='ltr'>potest</span> <span class='ocrx_word' id='word_1_57' title='bbox 755 1225 762 1267; x_wconf 90' lang='lat'><strong>:</strong></span> <span class='ocrx_word' id='word_1_58' title='bbox 774 1206 920 1269; x_wconf 86' lang='lat' dir='ltr'>abhorret</span> 
     </span>
     <span class='ocr_line' id='line_1_10' title="bbox 148 1296 919 1381; baseline 0.001 -21"><span class='ocrx_word' id='word_1_59' title='bbox 148 1314 238 1374; x_wconf 85' lang='lat' dir='ltr'>rero;</span> <span class='ocrx_word' id='word_1_60' title='bbox 270 1300 346 1381; x_wconf 87' lang='lat' dir='ltr'>quia</span> <span class='ocrx_word' id='word_1_61' title='bbox 370 1312 436 1361; x_wconf 85' lang='lat' dir='ltr'>non</span> <span class='ocrx_word' id='word_1_62' title='bbox 460 1300 533 1360; x_wconf 88' lang='lat' dir='ltr'>satis</span> <span class='ocrx_word' id='word_1_63' title='bbox 564 1298 739 1360; x_wconf 88' lang='lat' dir='ltr'>coalescunt</span> <span class='ocrx_word' id='word_1_64' title='bbox 763 1316 832 1379; x_wconf 82' lang='lat' dir='ltr'>quae</span> <span class='ocrx_word' id='word_1_65' title='bbox 858 1296 919 1362; x_wconf 86' lang='lat' dir='ltr'>boc</span> 
     </span>
     <span class='ocr_line' id='line_1_11' title="bbox 149 1388 921 1473; baseline 0.001 -20"><span class='ocrx_word' id='word_1_66' title='bbox 149 1390 304 1453; x_wconf 88' lang='lat' dir='ltr'>uniuntur</span> <span class='ocrx_word' id='word_1_67' title='bbox 317 1388 422 1468; x_wconf 84' lang='lat' dir='ltr'>motio,</span> <span class='ocrx_word' id='word_1_68' title='bbox 439 1396 470 1453; x_wconf 90' lang='lat' dir='ltr'>et</span> <span class='ocrx_word' id='word_1_69' title='bbox 482 1409 500 1453; x_wconf 89' lang='lat' dir='ltr'>a</span> <span class='ocrx_word' id='word_1_70' title='bbox 513 1408 545 1453; x_wconf 87' lang='lat' dir='ltr'>se</span> <span class='ocrx_word' id='word_1_71' title='bbox 554 1388 658 1453; x_wconf 86' lang='lat' dir='ltr'>divelli</span> <span class='ocrx_word' id='word_1_72' title='bbox 671 1390 770 1469; x_wconf 87' lang='lat' dir='ltr'>facile,</span> <span class='ocrx_word' id='word_1_73' title='bbox 786 1408 820 1454; x_wconf 86' lang='lat' dir='ltr'>ac</span> <span class='ocrx_word' id='word_1_74' title='bbox 835 1406 921 1473; x_wconf 88' lang='lat' dir='ltr'>sepa-</span> 
     </span>
     <span class='ocr_line' id='line_1_12' title="bbox 150 1482 918 1566; baseline 0 -21"><span class='ocrx_word' id='word_1_75' title='bbox 150 1482 208 1546; x_wconf 87' lang='lat' dir='ltr'>rari</span> <span class='ocrx_word' id='word_1_76' title='bbox 230 1489 374 1564; x_wconf 83' lang='lat' dir='ltr'>possunt</span> <span class='ocrx_word' id='word_1_77' title='bbox 405 1482 452 1545; x_wconf 88' lang='lat' dir='ltr'>lta</span> <span class='ocrx_word' id='word_1_78' title='bbox 466 1492 566 1566; x_wconf 65' lang='lat' dir='ltr'>aptae,</span> <span class='ocrx_word' id='word_1_79' title='bbox 591 1500 653 1566; x_wconf 87' lang='lat' dir='ltr'>qua</span> <span class='ocrx_word' id='word_1_80' title='bbox 667 1490 810 1546; x_wconf 88' lang='lat' dir='ltr'>mutuam</span> <span class='ocrx_word' id='word_1_81' title='bbox 824 1500 918 1565; x_wconf 81' lang='lat' dir='ltr'>pene-</span> 
     </span>
     <span class='ocr_line' id='line_1_13' title="bbox 151 1576 920 1658; baseline 0 -20"><span class='ocrx_word' id='word_1_82' title='bbox 151 1579 375 1652; x_wconf 72' lang='lat' dir='ltr'>redonemur</span> <span class='ocrx_word' id='word_1_83' title='bbox 388 1579 614 1658; x_wconf 78' lang='lat' dir='ltr'>pervasionem,</span> <span class='ocrx_word' id='word_1_84' title='bbox 629 1576 661 1639; x_wconf 90' lang='lat' dir='ltr'>id</span> <span class='ocrx_word' id='word_1_85' title='bbox 675 1583 722 1640; x_wconf 90' lang='lat' dir='ltr'>est</span> <span class='ocrx_word' id='word_1_86' title='bbox 735 1578 869 1639; x_wconf 90' lang='lat' dir='ltr'>duorum</span> <span class='ocrx_word' id='word_1_87' title='bbox 882 1592 920 1639; x_wconf 82' lang='lat' dir='ltr'>ex</span> 
     </span>
     <span class='ocr_line' id='line_1_14' title="bbox 154 1666 917 1749; baseline 0 -19"><span class='ocrx_word' id='word_1_88' title='bbox 154 1673 212 1731; x_wconf 89' lang='lat' dir='ltr'>toto</span> <span class='ocrx_word' id='word_1_89' title='bbox 226 1668 481 1749; x_wconf 85' lang='lat' dir='ltr'>conjunctionem</span> <span class='ocrx_word' id='word_1_90' title='bbox 494 1666 608 1732; x_wconf 89' lang='lat' dir='ltr'>indicat</span> <span class='ocrx_word' id='word_1_91' title='bbox 623 1719 631 1749; x_wconf 95' lang='lat'>,</span> <span class='ocrx_word' id='word_1_92' title='bbox 645 1668 735 1732; x_wconf 85' lang='lat' dir='ltr'>vaide</span> <span class='ocrx_word' id='word_1_93' title='bbox 755 1670 917 1747; x_wconf 86' lang='lat' dir='ltr'>congruit:</span> 
     </span>
     <span class='ocr_line' id='line_1_15' title="bbox 157 1758 919 1843; baseline -0.001 -20"><span class='ocrx_word' id='word_1_94' title='bbox 157 1760 247 1824; x_wconf 73' lang='lat' dir='ltr'>uati</span> <span class='ocrx_word' id='word_1_95' title='bbox 274 1762 502 1824; x_wconf 88' lang='lat' dir='ltr'>retundendam</span> <span class='ocrx_word' id='word_1_96' title='bbox 536 1762 668 1825; x_wconf 89' lang='lat' dir='ltr'>Nestorii</span> <span class='ocrx_word' id='word_1_97' title='bbox 695 1758 919 1843; x_wconf 81' lang='lat' dir='ltr'>blasphemiam</span> 
     </span>
    </p>
   </div>
   <div class='ocr_carea' id='block_1_3' title="bbox 159 1852 918 1936">
    <p class='ocr_par' dir='ltr' id='par_1_4' title="bbox 3 1836 918 1936">
     <span class='ocr_line' id='line_1_16' title="bbox 159 1852 918 1936; baseline -0.001 -20.17"><span class='ocrx_word' id='word_1_98' title='bbox 159 1870 339 1935; x_wconf 78' lang='lat' dir='ltr'>magnopere</span> <span class='ocrx_word' id='word_1_99' title='bbox 367 1860 414 1916; x_wconf 89' lang='lat' dir='ltr'>est</span> <span class='ocrx_word' id='word_1_100' title='bbox 442 1866 628 1936; x_wconf 86' lang='lat' dir='ltr'>opportuna.</span> <span class='ocrx_word' id='word_1_101' title='bbox 644 1854 701 1917; x_wconf 79' lang='lat' dir='ltr'>Sed</span> <span class='ocrx_word' id='word_1_102' title='bbox 718 1852 918 1932; x_wconf 84' lang='lat' dir='ltr'>confusionis,</span> 
     </span>
    </p>
   </div>
   <div class='ocr_carea' id='block_1_4' title="bbox 142 1940 921 3226">
    <p class='ocr_par' dir='ltr' id='par_1_5' title="bbox 142 1940 921 3226">
     <span class='ocr_line' id='line_1_17' title="bbox 161 1940 917 2027; baseline 0.001 -19"><span class='ocrx_word' id='word_1_103' title='bbox 161 1940 441 2026; x_wconf 84' lang='lat' dir='ltr'>mperturbationis</span> <span class='ocrx_word' id='word_1_104' title='bbox 454 1942 590 2009; x_wconf 81' lang='lat' dir='ltr'>carenda</span> <span class='ocrx_word' id='word_1_105' title='bbox 609 1946 739 2027; x_wconf 87' lang='lat' dir='ltr'>suspicio</span> <span class='ocrx_word' id='word_1_106' title='bbox 762 1953 808 2009; x_wconf 92' lang='lat' dir='ltr'>est</span> <span class='ocrx_word' id='word_1_107' title='bbox 814 1966 823 2023; x_wconf 92' lang='lat'>;</span> <span class='ocrx_word' id='word_1_108' title='bbox 847 1962 917 2027; x_wconf 80' lang='lat' dir='ltr'>quse</span> 
     </span>
     <span class='ocr_line' id='line_1_18' title="bbox 162 2034 916 2119; baseline 0.001 -21"><span class='ocrx_word' id='word_1_109' title='bbox 162 2039 194 2099; x_wconf 86' lang='lat' dir='ltr'>ati</span> <span class='ocrx_word' id='word_1_110' title='bbox 207 2034 289 2101; x_wconf 88' lang='lat' dir='ltr'>iilam</span> <span class='ocrx_word' id='word_1_111' title='bbox 309 2056 419 2101; x_wconf 83' lang='lat' dir='ltr'>rocem</span> <span class='ocrx_word' id='word_1_112' title='bbox 437 2036 637 2101; x_wconf 75' lang='lat' dir='ltr'>adhaerescit:</span> <span class='ocrx_word' id='word_1_113' title='bbox 652 2057 691 2101; x_wconf 91' lang='lat' dir='ltr'>ne</span> <span class='ocrx_word' id='word_1_114' title='bbox 705 2038 740 2100; x_wconf 90' lang='lat' dir='ltr'>in</span> <span class='ocrx_word' id='word_1_115' title='bbox 755 2036 916 2119; x_wconf 82' lang='lat' dir='ltr'>Eutychis,</span> 
     </span>
     <span class='ocr_line' id='line_1_19' title="bbox 162 2124 917 2211; baseline 0.001 -21"><span class='ocrx_word' id='word_1_116' title='bbox 162 2124 205 2191; x_wconf 83' lang='lat' dir='ltr'>rel</span> <span class='ocrx_word' id='word_1_117' title='bbox 216 2128 398 2211; x_wconf 81' lang='lat' dir='ltr'>Apollinaris</span> <span class='ocrx_word' id='word_1_118' title='bbox 411 2133 581 2194; x_wconf 79' lang='lat' dir='ltr'>amentiam</span> <span class='ocrx_word' id='word_1_119' title='bbox 599 2130 782 2195; x_wconf 83' lang='lat' dir='ltr'>incidamus.</span> <span class='ocrx_word' id='word_1_120' title='bbox 801 2131 917 2198; x_wconf 90' lang='lat' dir='ltr'>Quam-</span> 
     </span>
     <span class='ocr_line' id='line_1_20' title="bbox 163 2220 918 2304; baseline 0.001 -21"><span class='ocrx_word' id='word_1_121' title='bbox 163 2222 261 2285; x_wconf 83' lang='lat' dir='ltr'>obrem</span> <span class='ocrx_word' id='word_1_122' title='bbox 272 2224 448 2287; x_wconf 87' lang='lat' dir='ltr'>faoiendum</span> <span class='ocrx_word' id='word_1_123' title='bbox 463 2225 495 2285; x_wconf 92' lang='lat' dir='ltr'>id</span> <span class='ocrx_word' id='word_1_124' title='bbox 508 2225 598 2285; x_wconf 90' lang='lat' dir='ltr'>nohis</span> <span class='ocrx_word' id='word_1_125' title='bbox 611 2230 672 2301; x_wconf 88' lang='lat' dir='ltr'>est,</span> <span class='ocrx_word' id='word_1_126' title='bbox 688 2223 772 2304; x_wconf 86' lang='lat' dir='ltr'>quod</span> <span class='ocrx_word' id='word_1_127' title='bbox 785 2220 918 2303; x_wconf 83' lang='lat' dir='ltr'>Chryso-</span> 
     </span>
     <span class='ocr_line' id='line_1_21' title="bbox 162 2311 916 2396; baseline 0 -21"><span class='ocrx_word' id='word_1_128' title='bbox 162 2316 347 2389; x_wconf 82' lang='lat' dir='ltr'>stomus,rei,</span> <span class='ocrx_word' id='word_1_129' title='bbox 358 2312 491 2377; x_wconf 80' lang='lat' dir='ltr'>alvelde</span> <span class='ocrx_word' id='word_1_130' title='bbox 505 2317 655 2396; x_wconf 87' lang='lat' dir='ltr'>suspicor,</span> <span class='ocrx_word' id='word_1_131' title='bbox 664 2311 916 2395; x_wconf 88' lang='lat' dir='ltr'>aliusquispiam;</span> 
     </span>
     <span class='ocr_line' id='line_1_22' title="bbox 163 2400 920 2480; baseline 0.005 -14"><span class='ocrx_word' id='word_1_132' title='bbox 163 2410 192 2466; x_wconf 89' lang='lat' dir='ltr'>et</span> <span class='ocrx_word' id='word_1_133' title='bbox 204 2400 322 2470; x_wconf 74' lang='lat' dir='ltr'>sonasse</span> <span class='ocrx_word' id='word_1_134' title='bbox 335 2408 521 2470; x_wconf 86' lang='lat' dir='ltr'>Severianus</span> <span class='ocrx_word' id='word_1_135' title='bbox 537 2406 755 2480; x_wconf 75' lang='lat' dir='ltr'>(tabelliones,</span> <span class='ocrx_word' id='word_1_136' title='bbox 773 2408 920 2470; x_wconf 85' lang='lat' dir='ltr'>admonet</span> 
     </span>
     <span class='ocr_line' id='line_1_23' title="bbox 160 2496 918 2579; baseline 0.003 -20"><span class='ocrx_word' id='word_1_137' title='bbox 160 2499 190 2559; x_wconf 90' lang='lat' dir='ltr'>in</span> <span class='ocrx_word' id='word_1_138' title='bbox 212 2496 339 2578; x_wconf 70' lang='lat' dir='ltr'>medam</span> <span class='ocrx_word' id='word_1_139' title='bbox 358 2500 505 2579; x_wconf 90' lang='lat' dir='ltr'>homilia;</span> <span class='ocrx_word' id='word_1_140' title='bbox 533 2507 627 2562; x_wconf 83' lang='lat' dir='ltr'>outa</span> <span class='ocrx_word' id='word_1_141' title='bbox 648 2498 836 2561; x_wconf 87' lang='lat' dir='ltr'>dictionibus</span> <span class='ocrx_word' id='word_1_142' title='bbox 858 2516 918 2561; x_wconf 90' lang='lat' dir='ltr'>no·</span> 
     </span>
     <span class='ocr_line' id='line_1_24' title="bbox 160 2587 920 2674; baseline 0.003 -23"><span class='ocrx_word' id='word_1_143' title='bbox 160 2587 250 2653; x_wconf 77' lang='lat' dir='ltr'>iones</span> <span class='ocrx_word' id='word_1_144' title='bbox 265 2608 454 2672; x_wconf 81' lang='lat' dir='ltr'>separemus,</span> <span class='ocrx_word' id='word_1_145' title='bbox 479 2609 572 2674; x_wconf 90' lang='lat' dir='ltr'>apum</span> <span class='ocrx_word' id='word_1_146' title='bbox 597 2593 780 2667; x_wconf 83' lang='lat' dir='ltr'>imitatione,</span> <span class='ocrx_word' id='word_1_147' title='bbox 795 2611 865 2673; x_wconf 81' lang='lat' dir='ltr'>qua</span> <span class='ocrx_word' id='word_1_148' title='bbox 880 2591 920 2653; x_wconf 89' lang='lat' dir='ltr'>ad</span> 
     </span>
     <span class='ocr_line' id='line_1_25' title="bbox 157 2682 920 2766; baseline 0 -21"><span class='ocrx_word' id='word_1_149' title='bbox 157 2685 240 2747; x_wconf 86' lang='lat' dir='ltr'>iores</span> <span class='ocrx_word' id='word_1_150' title='bbox 249 2682 437 2761; x_wconf 83' lang='lat' dir='ltr'>advolantes,</span> <span class='ocrx_word' id='word_1_151' title='bbox 454 2682 620 2748; x_wconf 87' lang='lat' dir='ltr'>indeiavos</span> <span class='ocrx_word' id='word_1_152' title='bbox 632 2684 791 2766; x_wconf 87' lang='lat' dir='ltr'>eolligunt,</span> <span class='ocrx_word' id='word_1_153' title='bbox 807 2683 920 2747; x_wconf 89' lang='lat' dir='ltr'>etfoiia</span> 
     </span>
     <span class='ocr_line' id='line_1_26' title="bbox 153 2772 919 2859; baseline -0.004 -19"><span class='ocrx_word' id='word_1_154' title='bbox 153 2772 356 2859; x_wconf 67' lang='lat' dir='ltr'>mineruae.</span> <span class='ocrx_word' id='word_1_155' title='bbox 371 2801 387 2837; x_wconf 79' lang='lat' dir='ltr'>n</span> <span class='ocrx_word' id='word_1_156' title='bbox 404 2778 469 2841; x_wconf 87' lang='lat' dir='ltr'>Hoc</span> <span class='ocrx_word' id='word_1_157' title='bbox 489 2775 582 2840; x_wconf 89' lang='lat' dir='ltr'>modo</span> <span class='ocrx_word' id='word_1_158' title='bbox 595 2778 659 2853; x_wconf 89' lang='lat' dir='ltr'>flet,</span> <span class='ocrx_word' id='word_1_159' title='bbox 682 2784 719 2839; x_wconf 89' lang='lat' dir='ltr'>ut</span> <span class='ocrx_word' id='word_1_160' title='bbox 740 2776 818 2839; x_wconf 87' lang='lat' dir='ltr'>citra</span> <span class='ocrx_word' id='word_1_161' title='bbox 838 2778 919 2857; x_wconf 92' lang='lat' dir='ltr'>peri-</span> 
     </span>
     <span class='ocr_line' id='line_1_27' title="bbox 151 2866 920 2951; baseline -0.005 -19"><span class='ocrx_word' id='word_1_162' title='bbox 151 2869 258 2932; x_wconf 90' lang='lat' dir='ltr'>culum</span> <span class='ocrx_word' id='word_1_163' title='bbox 285 2866 430 2942; x_wconf 84' lang='lat' dir='ltr'>errandi,</span> <span class='ocrx_word' id='word_1_164' title='bbox 461 2870 582 2951; x_wconf 87' lang='lat' dir='ltr'>copiam</span> <span class='ocrx_word' id='word_1_165' title='bbox 610 2870 779 2933; x_wconf 88' lang='lat' dir='ltr'>habeamus</span> <span class='ocrx_word' id='word_1_166' title='bbox 807 2882 920 2929; x_wconf 88' lang='lat' dir='ltr'>vocum</span> 
     </span>
     <span class='ocr_line' id='line_1_28' title="bbox 147 2960 921 3043; baseline 0.001 -23"><span class='ocrx_word' id='word_1_167' title='bbox 147 2960 317 3037; x_wconf 83' lang='lat' dir='ltr'>rariamm,</span> <span class='ocrx_word' id='word_1_168' title='bbox 334 2960 447 3043; x_wconf 84' lang='lat' dir='ltr'>quibus</span> <span class='ocrx_word' id='word_1_169' title='bbox 462 2962 502 3024; x_wconf 89' lang='lat' dir='ltr'>ad</span> <span class='ocrx_word' id='word_1_170' title='bbox 515 2960 593 3024; x_wconf 84' lang='lat' dir='ltr'>iilud</span> <span class='ocrx_word' id='word_1_171' title='bbox 607 2961 825 3024; x_wconf 84' lang='lat' dir='ltr'>declarandum</span> <span class='ocrx_word' id='word_1_172' title='bbox 835 2977 921 3042; x_wconf 80' lang='lat' dir='ltr'>mys-</span> 
     </span>
     <span class='ocr_line' id='line_1_29' title="bbox 147 3050 917 3134; baseline -0.005 -17"><span class='ocrx_word' id='word_1_173' title='bbox 147 3052 262 3117; x_wconf 80' lang='lat' dir='ltr'>terium</span> <span class='ocrx_word' id='word_1_174' title='bbox 271 3061 484 3130; x_wconf 86' lang='lat' dir='ltr'>ntamur,eum</span> <span class='ocrx_word' id='word_1_175' title='bbox 492 3050 615 3116; x_wconf 89' lang='lat' dir='ltr'>iliarum</span> <span class='ocrx_word' id='word_1_176' title='bbox 625 3052 753 3134; x_wconf 89' lang='lat' dir='ltr'>singulae</span> <span class='ocrx_word' id='word_1_177' title='bbox 760 3054 917 3134; x_wconf 89' lang='lat' dir='ltr'>proprium</span> 
     </span>
     <span class='ocr_line' id='line_1_30' title="bbox 142 3142 919 3226; baseline -0.004 -17"><span class='ocrx_word' id='word_1_178' title='bbox 142 3144 301 3226; x_wconf 74' lang='lat' dir='ltr'>ptriddam</span> <span class='ocrx_word' id='word_1_179' title='bbox 315 3147 354 3209; x_wconf 89' lang='lat' dir='ltr'>ad</span> <span class='ocrx_word' id='word_1_180' title='bbox 369 3145 555 3209; x_wconf 82' lang='lat' dir='ltr'>catholicam</span> <span class='ocrx_word' id='word_1_181' title='bbox 569 3142 805 3225; x_wconf 79' lang='lat' dir='ltr'>intelligentiam</span> <span class='ocrx_word' id='word_1_182' title='bbox 817 3142 919 3206; x_wconf 87' lang='lat' dir='ltr'>conie-</span> 
     </span>
    </p>
   </div>
   <div class='ocr_carea' id='block_1_5' title="bbox 142 3228 1872 3319">
    <p class='ocr_par' dir='ltr' id='par_1_6' title="bbox 142 3228 1872 3319">
     <span class='ocr_line' id='line_1_31' title="bbox 142 3228 1872 3319; baseline -0.004 -18"><span class='ocrx_word' id='word_1_183' title='bbox 142 3242 234 3315; x_wconf 83' lang='lat' dir='ltr'>rant3</span> <span class='ocrx_word' id='word_1_184' title='bbox 251 3238 396 3319; x_wconf 83' lang='lat' dir='ltr'>quamvis</span> <span class='ocrx_word' id='word_1_185' title='bbox 409 3239 590 3318; x_wconf 84' lang='lat' dir='ltr'>adjunctum</span> <span class='ocrx_word' id='word_1_186' title='bbox 598 3235 724 3300; x_wconf 90' lang='lat' dir='ltr'>interim</span> <span class='ocrx_word' id='word_1_187' title='bbox 734 3234 920 3317; x_wconf 81' lang='lat' dir='ltr'>nescioquil</span> <span class='ocrx_word' id='word_1_188' title='bbox 969 3228 1039 3292; x_wconf 89' lang='lat' dir='ltr'>talis</span> <span class='ocrx_word' id='word_1_189' title='bbox 1053 3232 1218 3292; x_wconf 88' lang='lat' dir='ltr'>necessitas</span> <span class='ocrx_word' id='word_1_190' title='bbox 1231 3237 1362 3312; x_wconf 88' lang='lat' dir='ltr'>cogeret.</span> <span class='ocrx_word' id='word_1_191' title='bbox 1380 3255 1395 3291; x_wconf 80' lang='lat' dir='ltr'>n</span> <span class='ocrx_word' id='word_1_192' title='bbox 1412 3233 1538 3295; x_wconf 76' lang='lat' dir='ltr'>Acirim</span> <span class='ocrx_word' id='word_1_193' title='bbox 1555 3254 1570 3292; x_wconf 83' lang='lat' dir='ltr'>o</span> <span class='ocrx_word' id='word_1_194' title='bbox 1584 3230 1683 3295; x_wconf 88' lang='lat' dir='ltr'>muita</span> <span class='ocrx_word' id='word_1_195' title='bbox 1697 3232 1737 3294; x_wconf 90' lang='lat' dir='ltr'>ad</span> <span class='ocrx_word' id='word_1_196' title='bbox 1788 3236 1872 3280; x_wconf 69' lang='lat' dir='ltr'>rosum</span> 
     </span>
    </p>
   </div>
   <div class='ocr_carea' id='block_1_6' title="bbox 141 3300 1907 3440">
    <p class='ocr_par' dir='ltr' id='par_1_7' title="bbox 141 3300 1907 3440">
     <span class='ocr_line' id='line_1_32' title="bbox 141 3300 1907 3440; baseline -0.004 -48"><span class='ocrx_word' id='word_1_197' title='bbox 141 3328 307 3392; x_wconf 70' lang='lat' dir='ltr'>confluere</span> <span class='ocrx_word' id='word_1_198' title='bbox 334 3328 500 3401; x_wconf 82' lang='lat' dir='ltr'>videntur,</span> <span class='ocrx_word' id='word_1_199' title='bbox 530 3326 614 3410; x_wconf 88' lang='lat' dir='ltr'>quod</span> <span class='ocrx_word' id='word_1_200' title='bbox 650 3328 791 3392; x_wconf 85' lang='lat' dir='ltr'>alterutri</span> <span class='ocrx_word' id='word_1_201' title='bbox 817 3326 919 3390; x_wconf 82' lang='lat' dir='ltr'>faveat</span> <span class='ocrx_word' id='word_1_202' title='bbox 969 3323 1064 3385; x_wconf 87' lang='lat' dir='ltr'>fldem</span> <span class='ocrx_word' id='word_1_203' title='bbox 1077 3318 1266 3384; x_wconf 80' lang='lat' dir='ltr'>catholicam</span> <span class='ocrx_word' id='word_1_204' title='bbox 1275 3321 1514 3403; x_wconf 70' lang='lat' dir='ltr'>pertinentiam</span> <span class='ocrx_word' id='word_1_205' title='bbox 1524 3323 1594 3386; x_wconf 87' lang='lat' dir='ltr'>alibi</span> <span class='ocrx_word' id='word_1_206' title='bbox 1605 3322 1733 3401; x_wconf 84' lang='lat' dir='ltr'>scribit¹,</span> <span class='ocrx_word' id='word_1_207' title='bbox 1760 3300 1907 3440; x_wconf 44' lang='lat' dir='ltr'>affligem</span> 
     </span>
    </p>
   </div>
   <div class='ocr_carea' id='block_1_7' title="bbox 1200 798 1503 881">
    <p class='ocr_par' dir='ltr' id='par_1_8' title="bbox 1200 798 1503 881">
     <span class='ocr_line' id='line_1_33' title="bbox 1200 798 1503 881; baseline -0.01 -1"><span class='ocrx_word' id='word_1_208' title='bbox 1200 798 1381 881; x_wconf 82' lang='lat' dir='ltr'>CAPUT</span> <span class='ocrx_word' id='word_1_209' title='bbox 1430 798 1503 879; x_wconf 87' lang='grc' dir='ltr'><strong>ΙΙΙ.</strong></span> 
     </span>
    </p>
   </div>
   <div class='ocr_carea' id='block_1_8' title="bbox 969 1105 1738 2483">
    <p class='ocr_par' dir='ltr' id='par_1_9' title="bbox 969 1105 1738 2483">
     <span class='ocr_line' id='line_1_34' title="bbox 969 1105 1732 1192; baseline 0 -20"><span class='ocrx_word' id='word_1_210' title='bbox 969 1105 1174 1190; x_wconf 76' lang='lat' dir='ltr'>Explicantur</span> <span class='ocrx_word' id='word_1_211' title='bbox 1191 1108 1343 1183; x_wconf 75' lang='lat' dir='ltr'>emoluit,</span> <span class='ocrx_word' id='word_1_212' title='bbox 1365 1118 1508 1173; x_wconf 81' lang='lat' dir='ltr'>eteorum</span> <span class='ocrx_word' id='word_1_213' title='bbox 1524 1110 1732 1192; x_wconf 79' lang='lat' dir='ltr'>proprietates,</span> 
     </span>
     <span class='ocr_line' id='line_1_35' title="bbox 1009 1198 1736 1283; baseline 0.006 -21"><span class='ocrx_word' id='word_1_214' title='bbox 1009 1200 1114 1283; x_wconf 81' lang='lat' dir='ltr'>quibus</span> <span class='ocrx_word' id='word_1_215' title='bbox 1127 1198 1304 1267; x_wconf 71' lang='lat' dir='ltr'>Nestorium</span> <span class='ocrx_word' id='word_1_216' title='bbox 1320 1202 1367 1266; x_wconf 87' lang='lat' dir='ltr'>usi</span> <span class='ocrx_word' id='word_1_217' title='bbox 1378 1212 1444 1266; x_wconf 86' lang='lat' dir='ltr'>sunt</span> <span class='ocrx_word' id='word_1_218' title='bbox 1464 1204 1506 1266; x_wconf 79' lang='lat' dir='ltr'>orl</span> <span class='ocrx_word' id='word_1_219' title='bbox 1525 1203 1684 1265; x_wconf 87' lang='lat' dir='ltr'>unitionem</span> <span class='ocrx_word' id='word_1_220' title='bbox 1702 1200 1736 1266; x_wconf 83' lang='lat' dir='ltr'>in</span> 
     </span>
     <span class='ocr_line' id='line_1_36' title="bbox 1012 1288 1736 1377; baseline 0 -21"><span class='ocrx_word' id='word_1_221' title='bbox 1012 1288 1140 1368; x_wconf 72' lang='lat' dir='ltr'>Christo,</span> <span class='ocrx_word' id='word_1_222' title='bbox 1163 1292 1221 1357; x_wconf 86' lang='lat' dir='ltr'>Dei</span> <span class='ocrx_word' id='word_1_223' title='bbox 1238 1302 1267 1357; x_wconf 88' lang='lat' dir='ltr'>et</span> <span class='ocrx_word' id='word_1_224' title='bbox 1291 1292 1429 1358; x_wconf 77' lang='lat' dir='ltr'>luminis.</span> <span class='ocrx_word' id='word_1_225' title='bbox 1459 1294 1487 1357; x_wconf 89' lang='lat'>3.</span> <span class='ocrx_word' id='word_1_226' title='bbox 1520 1288 1608 1377; x_wconf 77' lang='lat' dir='ltr'>Oripo</span> <span class='ocrx_word' id='word_1_227' title='bbox 1627 1292 1736 1357; x_wconf 83' lang='lat' dir='ltr'>Nerto-</span> 
     </span>
     <span class='ocr_line' id='line_1_37' title="bbox 1009 1380 1734 1450; baseline -0.001 -1"><span class='ocrx_word' id='word_1_228' title='bbox 1009 1388 1104 1449; x_wconf 76' lang='lat' dir='ltr'>riona</span> <span class='ocrx_word' id='word_1_229' title='bbox 1115 1381 1191 1447; x_wconf 81' lang='lat' dir='ltr'>lulis</span> <span class='ocrx_word' id='word_1_230' title='bbox 1201 1388 1233 1448; x_wconf 86' lang='lat' dir='ltr'>in</span> <span class='ocrx_word' id='word_1_231' title='bbox 1243 1386 1385 1450; x_wconf 80' lang='lat' dir='ltr'>opilionis</span> <span class='ocrx_word' id='word_1_232' title='bbox 1394 1380 1593 1450; x_wconf 82' lang='lat' dir='ltr'>constituendo</span> <span class='ocrx_word' id='word_1_233' title='bbox 1602 1384 1734 1448; x_wconf 75' lang='lat' dir='ltr'>rotrone:</span> 
     </span>
     <span class='ocr_line' id='line_1_38' title="bbox 1010 1476 1736 1561; baseline 0 -21"><span class='ocrx_word' id='word_1_234' title='bbox 1010 1477 1039 1541; x_wconf 78' lang='lat' dir='ltr'>i.</span> <span class='ocrx_word' id='word_1_235' title='bbox 1060 1482 1191 1551; x_wconf 77' lang='grc' dir='ltr'>Ἐνώσεως</span> <span class='ocrx_word' id='word_1_236' title='bbox 1204 1496 1306 1542; x_wconf 83' lang='lat' dir='ltr'>nomen</span> <span class='ocrx_word' id='word_1_237' title='bbox 1322 1476 1388 1542; x_wconf 87' lang='lat' dir='ltr'>illis</span> <span class='ocrx_word' id='word_1_238' title='bbox 1396 1476 1614 1561; x_wconf 72' lang='lat' dir='ltr'>conplacuisse,</span> <span class='ocrx_word' id='word_1_239' title='bbox 1626 1492 1736 1560; x_wconf 82' lang='lat' dir='ltr'>proque</span> 
     </span>
     <span class='ocr_line' id='line_1_39' title="bbox 1009 1569 1736 1655; baseline 0 -23"><span class='ocrx_word' id='word_1_240' title='bbox 1009 1586 1041 1632; x_wconf 89' lang='lat' dir='ltr'>eo</span> <span class='ocrx_word' id='word_1_241' title='bbox 1054 1582 1182 1652; x_wconf 70' lang='lat' dir='ltr'>usipetes</span> <span class='ocrx_word' id='word_1_242' title='bbox 1210 1590 1387 1655; x_wconf 70' lang='lat' dir='ltr'>usurparem,</span> <span class='ocrx_word' id='word_1_243' title='bbox 1422 1575 1450 1636; x_wconf 82' lang='lat'>5.</span> <span class='ocrx_word' id='word_1_244' title='bbox 1475 1588 1565 1655; x_wconf 85' lang='lat' dir='ltr'>quom</span> <span class='ocrx_word' id='word_1_245' title='bbox 1599 1569 1736 1632; x_wconf 82' lang='lat' dir='ltr'>disertitn</span> 
     </span>
     <span class='ocr_line' id='line_1_40' title="bbox 1009 1660 1736 1747; baseline -0.004 -22"><span class='ocrx_word' id='word_1_246' title='bbox 1009 1661 1201 1745; x_wconf 77' lang='lat' dir='ltr'>explicantes,</span> <span class='ocrx_word' id='word_1_247' title='bbox 1212 1660 1274 1727; x_wconf 87' lang='lat' dir='ltr'>sola</span> <span class='ocrx_word' id='word_1_248' title='bbox 1287 1662 1458 1747; x_wconf 75' lang='lat' dir='ltr'>dignitatis,</span> <span class='ocrx_word' id='word_1_249' title='bbox 1473 1685 1508 1736; x_wconf 84' lang='lat' dir='ltr'>oc</span> <span class='ocrx_word' id='word_1_250' title='bbox 1523 1664 1697 1740; x_wconf 85' lang='lat' dir='ltr'>voluntatis,</span> <span class='ocrx_word' id='word_1_251' title='bbox 1707 1667 1736 1723; x_wconf 86' lang='lat' dir='ltr'>et</span> 
     </span>
     <span class='ocr_line' id='line_1_41' title="bbox 1009 1755 1735 1838; baseline -0.004 -20"><span class='ocrx_word' id='word_1_252' title='bbox 1009 1756 1139 1818; x_wconf 84' lang='lat' dir='ltr'>aliorum</span> <span class='ocrx_word' id='word_1_253' title='bbox 1160 1755 1191 1817; x_wconf 87' lang='lat' dir='ltr'>id</span> <span class='ocrx_word' id='word_1_254' title='bbox 1201 1776 1292 1838; x_wconf 80' lang='lat' dir='ltr'>penus</span> <span class='ocrx_word' id='word_1_255' title='bbox 1309 1756 1507 1819; x_wconf 76' lang='lat' dir='ltr'>commestione</span> <span class='ocrx_word' id='word_1_256' title='bbox 1531 1756 1735 1831; x_wconf 81' lang='lat' dir='ltr'>metiebantur,</span> 
     </span>
     <span class='ocr_line' id='line_1_42' title="bbox 1011 1846 1738 1932; baseline -0.001 -23"><span class='ocrx_word' id='word_1_257' title='bbox 1011 1848 1041 1911; x_wconf 85' lang='grc'>7.</span> <span class='ocrx_word' id='word_1_258' title='bbox 1057 1848 1190 1931; x_wconf 75' lang='lat' dir='ltr'>Quinque</span> <span class='ocrx_word' id='word_1_259' title='bbox 1205 1846 1356 1926; x_wconf 78' lang='lat' dir='ltr'>uocabula,</span> <span class='ocrx_word' id='word_1_260' title='bbox 1372 1850 1475 1932; x_wconf 81' lang='lat' dir='ltr'>quibus</span> <span class='ocrx_word' id='word_1_261' title='bbox 1501 1849 1631 1911; x_wconf 80' lang='lat' dir='ltr'>Nestorii</span> <span class='ocrx_word' id='word_1_262' title='bbox 1642 1846 1738 1909; x_wconf 85' lang='lat' dir='ltr'>unitio</span> 
     </span>
     <span class='ocr_line' id='line_1_43' title="bbox 1009 1934 1736 2024; baseline -0.003 -22"><span class='ocrx_word' id='word_1_263' title='bbox 1009 1934 1200 2017; x_wconf 82' lang='lat' dir='ltr'>deciorotnr;</span> <span class='ocrx_word' id='word_1_264' title='bbox 1212 1956 1337 2023; x_wconf 81' lang='lat' dir='ltr'>quorum</span> <span class='ocrx_word' id='word_1_265' title='bbox 1348 1941 1482 2021; x_wconf 70' lang='lat' dir='ltr'>prinum</span> <span class='ocrx_word' id='word_1_266' title='bbox 1493 1951 1533 2003; x_wconf 89' lang='lat' dir='ltr'>est</span> <span class='ocrx_word' id='word_1_267' title='bbox 1542 1946 1636 2024; x_wconf 73' lang='grc' dir='ltr'>σχέσις,</span> <span class='ocrx_word' id='word_1_268' title='bbox 1648 1961 1668 2002; x_wconf 85' lang='grc' dir='ltr'><em>α</em></span> <span class='ocrx_word' id='word_1_269' title='bbox 1678 1959 1736 2021; x_wconf 84' lang='lat' dir='ltr'>quo</span> 
     </span>
     <span class='ocr_line' id='line_1_44' title="bbox 1010 2030 1736 2116; baseline -0.007 -19"><span class='ocrx_word' id='word_1_270' title='bbox 1010 2043 1109 2116; x_wconf 76' lang='grc' dir='ltr'>σχετικὴ</span> <span class='ocrx_word' id='word_1_271' title='bbox 1124 2033 1292 2113; x_wconf 83' lang='lat' dir='ltr'>conjunctio</span> <span class='ocrx_word' id='word_1_272' title='bbox 1306 2033 1427 2096; x_wconf 82' lang='lat' dir='ltr'>dt&#39;citur.</span> <span class='ocrx_word' id='word_1_273' title='bbox 1444 2037 1473 2097; x_wconf 83' lang='lat'>8.</span> <span class='ocrx_word' id='word_1_274' title='bbox 1493 2031 1665 2114; x_wconf 84' lang='lat' dir='ltr'>Cujusmodi</span> <span class='ocrx_word' id='word_1_275' title='bbox 1679 2030 1736 2093; x_wconf 85' lang='lat' dir='ltr'>illa</span> 
     </span>
     <span class='ocr_line' id='line_1_45' title="bbox 1009 2116 1736 2208; baseline -0.003 -21"><span class='ocrx_word' id='word_1_276' title='bbox 1009 2126 1059 2188; x_wconf 88' lang='lat' dir='ltr'>sit.</span> <span class='ocrx_word' id='word_1_277' title='bbox 1075 2126 1124 2188; x_wconf 86' lang='lat' dir='ltr'>ii.</span> <span class='ocrx_word' id='word_1_278' title='bbox 1140 2123 1242 2188; x_wconf 81' lang='lat' dir='ltr'>Altero</span> <span class='ocrx_word' id='word_1_279' title='bbox 1266 2125 1396 2206; x_wconf 77' lang='lat' dir='ltr'>smmnlo</span> <span class='ocrx_word' id='word_1_280' title='bbox 1419 2124 1608 2208; x_wconf 73' lang='lat' dir='ltr'>explicandae</span> <span class='ocrx_word' id='word_1_281' title='bbox 1631 2116 1736 2186; x_wconf 84' lang='lat' dir='ltr'>Nesto-</span> 
     </span>
     <span class='ocr_line' id='line_1_46' title="bbox 1009 2212 1738 2300; baseline 0 -21"><span class='ocrx_word' id='word_1_282' title='bbox 1009 2219 1106 2280; x_wconf 76' lang='lat' dir='ltr'>rt&#39;tttttt’</span> <span class='ocrx_word' id='word_1_283' title='bbox 1122 2228 1251 2299; x_wconf 76' lang='grc' dir='ltr'>συναφείας</span> <span class='ocrx_word' id='word_1_284' title='bbox 1272 2224 1314 2279; x_wconf 76' lang='lat' dir='ltr'>etl</span> <span class='ocrx_word' id='word_1_285' title='bbox 1333 2226 1395 2282; x_wconf 76' lang='grc' dir='ltr'>κατὰ</span> <span class='ocrx_word' id='word_1_286' title='bbox 1410 2222 1542 2300; x_wconf 64' lang='lat' dir='ltr'>incaepit.</span> <span class='ocrx_word' id='word_1_287' title='bbox 1570 2219 1619 2280; x_wconf 61' lang='lat'>12.</span> <span class='ocrx_word' id='word_1_288' title='bbox 1639 2212 1738 2279; x_wconf 70' lang='lat' dir='ltr'>Telis</span> 
     </span>
     <span class='ocr_line' id='line_1_47' title="bbox 1010 2308 1735 2388; baseline 0 -18"><span class='ocrx_word' id='word_1_289' title='bbox 1010 2318 1051 2371; x_wconf 78' lang='lat' dir='ltr'>etl</span> <span class='ocrx_word' id='word_1_290' title='bbox 1074 2316 1129 2373; x_wconf 81' lang='grc' dir='ltr'><strong><em>κατ’</em></strong></span> <span class='ocrx_word' id='word_1_291' title='bbox 1155 2317 1286 2388; x_wconf 74' lang='grc' dir='ltr'><strong>ἐνοίκησιν,</strong></span> <span class='ocrx_word' id='word_1_292' title='bbox 1308 2308 1464 2372; x_wconf 69' lang='lat' dir='ltr'>secundum</span> <span class='ocrx_word' id='word_1_293' title='bbox 1484 2308 1735 2372; x_wconf 72' lang='lat' dir='ltr'>inhabitationem.</span> 
     </span>
     <span class='ocr_line' id='line_1_48' title="bbox 1012 2400 1735 2483; baseline 0.001 -21"><span class='ocrx_word' id='word_1_294' title='bbox 1012 2402 1061 2464; x_wconf 87' lang='lat' dir='ltr'>i3.</span> <span class='ocrx_word' id='word_1_295' title='bbox 1080 2400 1192 2478; x_wconf 80' lang='lat' dir='ltr'>(incrta</span> <span class='ocrx_word' id='word_1_296' title='bbox 1215 2408 1258 2463; x_wconf 85' lang='lat' dir='ltr'>est</span> <span class='ocrx_word' id='word_1_297' title='bbox 1271 2400 1427 2465; x_wconf 83' lang='lat' dir='ltr'>seeundum</span> <span class='ocrx_word' id='word_1_298' title='bbox 1453 2401 1657 2483; x_wconf 81' lang='lat' dir='ltr'>operationem.</span> <span class='ocrx_word' id='word_1_299' title='bbox 1685 2400 1735 2464; x_wconf 77' lang='lat' dir='ltr'>lt.</span> 
     </span>
    </p>
   </div>
   <div class='ocr_carea' id='block_1_9' title="bbox 1012 2491 1843 2576">
    <p class='ocr_par' dir='ltr' id='par_1_10' title="bbox 1012 2491 1843 2576">
     <span class='ocr_line' id='line_1_49' title="bbox 1012 2491 1843 2576; baseline 0.01 -23"><span class='ocrx_word' id='word_1_300' title='bbox 1012 2493 1124 2569; x_wconf 84' lang='lat' dir='ltr'>Quinta</span> <span class='ocrx_word' id='word_1_301' title='bbox 1138 2500 1177 2555; x_wconf 87' lang='lat' dir='ltr'>est</span> <span class='ocrx_word' id='word_1_302' title='bbox 1189 2491 1346 2556; x_wconf 77' lang='lat' dir='ltr'>noandum</span> <span class='ocrx_word' id='word_1_303' title='bbox 1364 2512 1530 2575; x_wconf 66' lang='lat' dir='ltr'>maenam.</span> <span class='ocrx_word' id='word_1_304' title='bbox 1547 2494 1596 2556; x_wconf 79' lang='lat' dir='ltr'>to.</span> <span class='ocrx_word' id='word_1_305' title='bbox 1612 2492 1657 2555; x_wconf 89' lang='lat' dir='ltr'>De</span> <span class='ocrx_word' id='word_1_306' title='bbox 1667 2512 1736 2576; x_wconf 84' lang='lat' dir='ltr'>per·</span> <span class='ocrx_word' id='word_1_307' title='bbox 1839 2524 1843 2533; x_wconf 93' lang='lat'><strong>·</strong></span> 
     </span>
    </p>
   </div>
   <div class='ocr_carea' id='block_1_10' title="bbox 1009 2580 1446 2668">
    <p class='ocr_par' dir='ltr' id='par_1_11' title="bbox 1009 2580 1446 2668">
     <span class='ocr_line' id='line_1_50' title="bbox 1009 2580 1446 2668; baseline 0 -20"><span class='ocrx_word' id='word_1_308' title='bbox 1009 2602 1090 2665; x_wconf 76' lang='lat' dir='ltr'>suto,</span> <span class='ocrx_word' id='word_1_309' title='bbox 1106 2588 1133 2647; x_wconf 85' lang='lat' dir='ltr'>ct</span> <span class='ocrx_word' id='word_1_310' title='bbox 1146 2584 1280 2647; x_wconf 85' lang='lat' dir='ltr'>unitione</span> <span class='ocrx_word' id='word_1_311' title='bbox 1291 2580 1446 2668; x_wconf 79' lang='lat' dir='ltr'>personuit.</span> 
     </span>
    </p>
   </div>
   <div class='ocr_carea' id='block_1_11' title="bbox 969 2769 1736 3222">
    <p class='ocr_par' dir='ltr' id='par_1_12' title="bbox 969 2769 1736 3222">
     <span class='ocr_line' id='line_1_51' title="bbox 1009 2769 1733 2853; baseline 0.007 -22"><span class='ocrx_word' id='word_1_312' title='bbox 1009 2772 1033 2833; x_wconf 91' lang='lat' dir='ltr'>i.</span> <span class='ocrx_word' id='word_1_313' title='bbox 1051 2772 1102 2831; x_wconf 86' lang='lat' dir='ltr'>Est</span> <span class='ocrx_word' id='word_1_314' title='bbox 1114 2770 1174 2831; x_wconf 88' lang='lat' dir='ltr'>hoc</span> <span class='ocrx_word' id='word_1_315' title='bbox 1197 2786 1257 2832; x_wconf 89' lang='lat' dir='ltr'>usu</span> <span class='ocrx_word' id='word_1_316' title='bbox 1270 2771 1357 2853; x_wconf 90' lang='lat' dir='ltr'>prius</span> <span class='ocrx_word' id='word_1_317' title='bbox 1379 2769 1523 2834; x_wconf 90' lang='lat' dir='ltr'>omnium</span> <span class='ocrx_word' id='word_1_318' title='bbox 1545 2780 1733 2853; x_wconf 88' lang='lat' dir='ltr'>temporum,</span> 
     </span>
     <span class='ocr_line' id='line_1_52' title="bbox 970 2862 1730 2944; baseline 0.004 -20"><span class='ocrx_word' id='word_1_319' title='bbox 970 2880 1065 2944; x_wconf 82' lang='lat' dir='ltr'>quam</span> <span class='ocrx_word' id='word_1_320' title='bbox 1085 2864 1249 2943; x_wconf 78' lang='lat' dir='ltr'>Augustini</span> <span class='ocrx_word' id='word_1_321' title='bbox 1271 2862 1449 2926; x_wconf 86' lang='lat' dir='ltr'>testimonio</span> <span class='ocrx_word' id='word_1_322' title='bbox 1472 2862 1730 2944; x_wconf 63' lang='lat' dir='ltr'>comprobatum,</span> 
     </span>
     <span class='ocr_line' id='line_1_53' title="bbox 974 2952 1736 3035; baseline 0.004 -20"><span class='ocrx_word' id='word_1_323' title='bbox 974 2974 989 3014; x_wconf 83' lang='lat' dir='ltr'>u</span> <span class='ocrx_word' id='word_1_324' title='bbox 1003 2954 1138 3035; x_wconf 90' lang='lat' dir='ltr'>singulas</span> <span class='ocrx_word' id='word_1_325' title='bbox 1152 2973 1289 3035; x_wconf 89' lang='lat' dir='ltr'>quasque</span> <span class='ocrx_word' id='word_1_326' title='bbox 1299 2952 1434 3018; x_wconf 76' lang='lat' dir='ltr'>hareses</span> <span class='ocrx_word' id='word_1_327' title='bbox 1447 2954 1585 3017; x_wconf 89' lang='lat' dir='ltr'>intulisse</span> <span class='ocrx_word' id='word_1_328' title='bbox 1596 2954 1736 3018; x_wconf 74' lang='lat' dir='ltr'>Ecclesia</span> 
     </span>
     <span class='ocr_line' id='line_1_54' title="bbox 970 3046 1736 3129; baseline 0.003 -21"><span class='ocrx_word' id='word_1_329' title='bbox 970 3049 1110 3128; x_wconf 89' lang='lat' dir='ltr'>proprias</span> <span class='ocrx_word' id='word_1_330' title='bbox 1124 3046 1321 3127; x_wconf 73' lang='lat' dir='ltr'>questiones,</span> <span class='ocrx_word' id='word_1_331' title='bbox 1342 3054 1448 3110; x_wconf 88' lang='lat' dir='ltr'>contra</span> <span class='ocrx_word' id='word_1_332' title='bbox 1463 3066 1539 3129; x_wconf 86' lang='lat' dir='ltr'>quas</span> <span class='ocrx_word' id='word_1_333' title='bbox 1560 3048 1736 3128; x_wconf 87' lang='lat' dir='ltr'>diligentius</span> 
     </span>
     <span class='ocr_line' id='line_1_55' title="bbox 969 3134 1736 3222; baseline 0 -21"><span class='ocrx_word' id='word_1_334' title='bbox 969 3136 1185 3201; x_wconf 75' lang='lat' dir='ltr'>defendebatur</span> <span class='ocrx_word' id='word_1_335' title='bbox 1198 3138 1357 3220; x_wconf 85' lang='lat' dir='ltr'>Scriptura</span> <span class='ocrx_word' id='word_1_336' title='bbox 1370 3140 1485 3217; x_wconf 85' lang='lat' dir='ltr'>divina,</span> <span class='ocrx_word' id='word_1_337' title='bbox 1500 3158 1596 3222; x_wconf 89' lang='lat' dir='ltr'>quam</span> <span class='ocrx_word' id='word_1_338' title='bbox 1611 3137 1636 3202; x_wconf 88' lang='lat' dir='ltr'>si</span> <span class='ocrx_word' id='word_1_339' title='bbox 1650 3134 1736 3202; x_wconf 88' lang='lat' dir='ltr'>nulla</span> 
     </span>
    </p>
   </div>
   <div class='ocr_carea' id='block_1_12' title="bbox 142 3412 1894 3503">
    <p class='ocr_par' dir='ltr' id='par_1_13' title="bbox 142 3412 1894 3503">
     <span class='ocr_line' id='line_1_56' title="bbox 142 3412 1894 3503; baseline -0.002 -20"><span class='ocrx_word' id='word_1_340' title='bbox 142 3422 275 3496; x_wconf 71' lang='lat' dir='ltr'>heresi,</span> <span class='ocrx_word' id='word_1_341' title='bbox 300 3418 375 3484; x_wconf 89' lang='lat' dir='ltr'>hinc</span> <span class='ocrx_word' id='word_1_342' title='bbox 402 3418 683 3503; x_wconf 84' lang='lat' dir='ltr'>Eutychianorum,</span> <span class='ocrx_word' id='word_1_343' title='bbox 710 3420 783 3483; x_wconf 93' lang='lat' dir='ltr'>inde</span> <span class='ocrx_word' id='word_1_344' title='bbox 810 3418 918 3482; x_wconf 89' lang='lat' dir='ltr'>Nesto·</span> <span class='ocrx_word' id='word_1_345' title='bbox 969 3415 1046 3475; x_wconf 87' lang='lat' dir='ltr'>dum</span> <span class='ocrx_word' id='word_1_346' title='bbox 1059 3412 1241 3475; x_wconf 84' lang='lat' dir='ltr'>haeticorum</span> <span class='ocrx_word' id='word_1_347' title='bbox 1260 3412 1370 3476; x_wconf 77' lang='lat' dir='ltr'>tahida</span> <span class='ocrx_word' id='word_1_348' title='bbox 1388 3416 1600 3495; x_wconf 88' lang='lat' dir='ltr'>inquietudine</span> <span class='ocrx_word' id='word_1_349' title='bbox 1616 3417 1735 3497; x_wconf 89' lang='lat' dir='ltr'>agitan-</span> <span class='ocrx_word' id='word_1_350' title='bbox 1780 3448 1894 3493; x_wconf 56' lang='lat' dir='ltr'>„mm</span> 
     </span>
    </p>
   </div>
   <div class='ocr_carea' id='block_1_13' title="bbox 143 3510 918 3595">
    <p class='ocr_par' dir='ltr' id='par_1_14' title="bbox 143 3510 918 3595">
     <span class='ocr_line' id='line_1_57' title="bbox 143 3510 918 3595; baseline -0.001 -19"><span class='ocrx_word' id='word_1_351' title='bbox 143 3516 323 3589; x_wconf 88' lang='lat' dir='ltr'>rianornm,</span> <span class='ocrx_word' id='word_1_352' title='bbox 340 3512 514 3595; x_wconf 78' lang='lat' dir='ltr'>cujusmodi</span> <span class='ocrx_word' id='word_1_353' title='bbox 526 3530 647 3577; x_wconf 88' lang='lat' dir='ltr'>venena</span> <span class='ocrx_word' id='word_1_354' title='bbox 659 3520 696 3576; x_wconf 91' lang='lat' dir='ltr'>ut</span> <span class='ocrx_word' id='word_1_355' title='bbox 715 3515 749 3576; x_wconf 91' lang='lat' dir='ltr'>in</span> <span class='ocrx_word' id='word_1_356' title='bbox 776 3510 918 3595; x_wconf 86' lang='lat' dir='ltr'>singulis,</span> 
     </span>
    </p>
   </div>
   <div class='ocr_carea' id='block_1_14' title="bbox 969 3504 1735 3587">
    <p class='ocr_par' dir='ltr' id='par_1_15' title="bbox 969 3504 1735 3587">
     <span class='ocr_line' id='line_1_58' title="bbox 969 3504 1735 3587; baseline 0.005 -20"><span class='ocrx_word' id='word_1_357' title='bbox 969 3512 1031 3581; x_wconf 88' lang='lat' dir='ltr'>tur,</span> <span class='ocrx_word' id='word_1_358' title='bbox 1045 3510 1080 3567; x_wconf 88' lang='lat' dir='ltr'>ut</span> <span class='ocrx_word' id='word_1_359' title='bbox 1089 3504 1236 3568; x_wconf 86' lang='lat' dir='ltr'>adversus</span> <span class='ocrx_word' id='word_1_360' title='bbox 1250 3522 1302 3568; x_wconf 90' lang='lat' dir='ltr'>eos</span> <span class='ocrx_word' id='word_1_361' title='bbox 1315 3504 1439 3568; x_wconf 85' lang='lat' dir='ltr'>delendi</span> <span class='ocrx_word' id='word_1_362' title='bbox 1453 3510 1579 3587; x_wconf 86' lang='lat' dir='ltr'>possint,</span> <span class='ocrx_word' id='word_1_363' title='bbox 1591 3515 1621 3570; x_wconf 91' lang='lat' dir='ltr'>et</span> <span class='ocrx_word' id='word_1_364' title='bbox 1635 3506 1735 3571; x_wconf 89' lang='lat' dir='ltr'>consi-</span> 
     </span>
    </p>
   </div>
   <div class='ocr_carea' id='block_1_15' title="bbox 1794 3502 1882 3546">
    <p class='ocr_par' dir='ltr' id='par_1_16' title="bbox 1794 3502 1882 3546">
     <span class='ocr_line' id='line_1_59' title="bbox 1794 3502 1882 3546; baseline -0.023 0"><span class='ocrx_word' id='word_1_365' title='bbox 1794 3502 1882 3546; x_wconf 74' lang='lat' dir='ltr'>herati-</span> 
     </span>
    </p>
   </div>
   <div class='ocr_carea' id='block_1_16' title="bbox 1760 3554 1906 3600">
    <p class='ocr_par' dir='ltr' id='par_1_17' title="bbox 1760 3554 1906 3600">
     <span class='ocr_line' id='line_1_60' title="bbox 1760 3554 1906 3600; baseline -0.021 0"><span class='ocrx_word' id='word_1_366' title='bbox 1760 3566 1836 3600; x_wconf 82' lang='lat' dir='ltr'>oorum</span> <span class='ocrx_word' id='word_1_367' title='bbox 1848 3554 1906 3598; x_wconf 80' lang='lat' dir='ltr'>insl-</span> 
     </span>
    </p>
   </div>
   <div class='ocr_carea' id='block_1_17' title="bbox 146 3595 1866 3687">
    <p class='ocr_par' dir='ltr' id='par_1_18' title="bbox 146 3595 1866 3687">
     <span class='ocr_line' id='line_1_61' title="bbox 146 3595 1866 3687; baseline -0.003 -20"><span class='ocrx_word' id='word_1_368' title='bbox 146 3624 182 3667; x_wconf 85' lang='lat' dir='ltr'>ac</span> <span class='ocrx_word' id='word_1_369' title='bbox 208 3609 378 3687; x_wconf 88' lang='lat' dir='ltr'>separatim</span> <span class='ocrx_word' id='word_1_370' title='bbox 411 3607 518 3687; x_wconf 92' lang='lat' dir='ltr'>positis</span> <span class='ocrx_word' id='word_1_371' title='bbox 549 3608 715 3669; x_wconf 89' lang='lat' dir='ltr'>metuenda</span> <span class='ocrx_word' id='word_1_372' title='bbox 748 3612 840 3682; x_wconf 86' lang='lat' dir='ltr'>sunt;</span> <span class='ocrx_word' id='word_1_373' title='bbox 876 3605 920 3666; x_wconf 86' lang='lat' dir='ltr'>sio</span> <span class='ocrx_word' id='word_1_374' title='bbox 971 3595 1317 3678; x_wconf 87' lang='lat' dir='ltr'>deranturdiligentius,</span> <span class='ocrx_word' id='word_1_375' title='bbox 1337 3604 1368 3660; x_wconf 91' lang='lat' dir='ltr'>et</span> <span class='ocrx_word' id='word_1_376' title='bbox 1382 3599 1600 3681; x_wconf 87' lang='lat' dir='ltr'>intelliguntur</span> <span class='ocrx_word' id='word_1_377' title='bbox 1613 3599 1734 3679; x_wconf 89' lang='lat' dir='ltr'>clarius,</span> <span class='ocrx_word' id='word_1_378' title='bbox 1811 3608 1866 3652; x_wconf 79' lang='lat' dir='ltr'>tias·</span> 
     </span>
    </p>
   </div>
   <div class='ocr_carea' id='block_1_18' title="bbox 148 3692 919 4149">
    <p class='ocr_par' dir='ltr' id='par_1_19' title="bbox 148 3692 919 4149">
     <span class='ocr_line' id='line_1_62' title="bbox 148 3692 919 3778; baseline -0.003 -18"><span class='ocrx_word' id='word_1_379' title='bbox 148 3692 257 3761; x_wconf 76' lang='lat' dir='ltr'>isdem</span> <span class='ocrx_word' id='word_1_380' title='bbox 272 3697 430 3768; x_wconf 73' lang='lat' dir='ltr'>romena,</span> <span class='ocrx_word' id='word_1_381' title='bbox 447 3716 483 3760; x_wconf 87' lang='lat' dir='ltr'>ac</span> <span class='ocrx_word' id='word_1_382' title='bbox 495 3714 527 3761; x_wconf 89' lang='lat' dir='ltr'>se</span> <span class='ocrx_word' id='word_1_383' title='bbox 540 3696 672 3761; x_wconf 69' lang='lat' dir='ltr'>induem</span> <span class='ocrx_word' id='word_1_384' title='bbox 683 3695 874 3778; x_wconf 69' lang='lat' dir='ltr'>latrantibus,</span> <span class='ocrx_word' id='word_1_385' title='bbox 889 3704 919 3759; x_wconf 88' lang='lat' dir='ltr'>et</span> 
     </span>
     <span class='ocr_line' id='line_1_63' title="bbox 152 3786 919 3871; baseline -0.001 -20"><span class='ocrx_word' id='word_1_386' title='bbox 152 3788 383 3867; x_wconf 67' lang='lat' dir='ltr'>oasdgantibua</span> <span class='ocrx_word' id='word_1_387' title='bbox 399 3790 484 3871; x_wconf 85' lang='lat' dir='ltr'>quod</span> <span class='ocrx_word' id='word_1_388' title='bbox 492 3791 527 3851; x_wconf 92' lang='lat' dir='ltr'>in</span> <span class='ocrx_word' id='word_1_389' title='bbox 540 3791 750 3853; x_wconf 88' lang='lat' dir='ltr'>antidotorum</span> <span class='ocrx_word' id='word_1_390' title='bbox 764 3786 919 3852; x_wconf 88' lang='lat' dir='ltr'>aetheria·</span> 
     </span>
     <span class='ocr_line' id='line_1_64' title="bbox 154 3881 915 3963; baseline 0.001 -20"><span class='ocrx_word' id='word_1_391' title='bbox 154 3896 259 3943; x_wconf 87' lang='lat' dir='ltr'>corum</span> <span class='ocrx_word' id='word_1_392' title='bbox 273 3883 495 3963; x_wconf 86' lang='lat' dir='ltr'>compositione</span> <span class='ocrx_word' id='word_1_393' title='bbox 504 3881 695 3945; x_wconf 85' lang='lat' dir='ltr'>medicorum</span> <span class='ocrx_word' id='word_1_394' title='bbox 705 3901 755 3945; x_wconf 89' lang='lat' dir='ltr'>ars</span> <span class='ocrx_word' id='word_1_395' title='bbox 767 3881 915 3958; x_wconf 88' lang='lat' dir='ltr'>instituit;</span> 
     </span>
     <span class='ocr_line' id='line_1_65' title="bbox 157 3968 917 4053; baseline 0.003 -19"><span class='ocrx_word' id='word_1_396' title='bbox 157 3972 193 4034; x_wconf 87' lang='lat' dir='ltr'>od</span> <span class='ocrx_word' id='word_1_397' title='bbox 205 3988 297 4036; x_wconf 87' lang='lat' dir='ltr'>usum</span> <span class='ocrx_word' id='word_1_398' title='bbox 310 3968 468 4037; x_wconf 76' lang='lat' dir='ltr'>catholicae</span> <span class='ocrx_word' id='word_1_399' title='bbox 481 3974 633 4053; x_wconf 71' lang='lat' dir='ltr'>remmus,</span> <span class='ocrx_word' id='word_1_400' title='bbox 651 3982 835 4039; x_wconf 83' lang='lat' dir='ltr'>eternorum</span> <span class='ocrx_word' id='word_1_401' title='bbox 844 3993 917 4037; x_wconf 91' lang='lat' dir='ltr'>oon-</span> 
     </span>
     <span class='ocr_line' id='line_1_66' title="bbox 160 4066 652 4149; baseline 0.006 -22"><span class='ocrx_word' id='word_1_402' title='bbox 160 4066 652 4149; x_wconf 82' lang='lat' dir='ltr'>trariommremediaproiicinnt.</span> 
     </span>
    </p>
   </div>
   <div class='ocr_carea' id='block_1_19' title="bbox 166 5168 921 5409">
    <p class='ocr_par' dir='ltr' id='par_1_20' title="bbox 166 5168 921 5409">
     <span class='ocr_line' id='line_1_67' title="bbox 198 5168 921 5242; baseline 0.003 -17"><span class='ocrx_word' id='word_1_403' title='bbox 198 5168 309 5228; x_wconf 76' lang='lat' dir='ltr'>thom.</span> <span class='ocrx_word' id='word_1_404' title='bbox 325 5182 402 5236; x_wconf 83' lang='lat' dir='ltr'>rrnt,</span> <span class='ocrx_word' id='word_1_405' title='bbox 427 5176 494 5228; x_wconf 88' lang='lat' dir='ltr'>lom.</span> <span class='ocrx_word' id='word_1_406' title='bbox 514 5170 536 5229; x_wconf 85' lang='lat' dir='ltr'>V</span> <span class='ocrx_word' id='word_1_407' title='bbox 554 5168 634 5242; x_wconf 82' lang='lat' dir='ltr'>(iper.</span> <span class='ocrx_word' id='word_1_408' title='bbox 654 5170 750 5242; x_wconf 76' lang='lat' dir='ltr'>Chrys.</span> <span class='ocrx_word' id='word_1_409' title='bbox 771 5170 853 5242; x_wconf 82' lang='lat' dir='ltr'>cujus</span> <span class='ocrx_word' id='word_1_410' title='bbox 868 5169 921 5227; x_wconf 91' lang='lat' dir='ltr'>ini·</span> 
     </span>
     <span class='ocr_line' id='line_1_68' title="bbox 168 5249 919 5325; baseline 0.008 -22"><span class='ocrx_word' id='word_1_411' title='bbox 168 5249 230 5307; x_wconf 81' lang='lat' dir='ltr'>dom</span> <span class='ocrx_word' id='word_1_412' title='bbox 254 5254 361 5311; x_wconf 84' lang='lat' dir='ltr'>ridetur</span> <span class='ocrx_word' id='word_1_413' title='bbox 385 5270 448 5311; x_wconf 89' lang='lat' dir='ltr'>esse</span> <span class='ocrx_word' id='word_1_414' title='bbox 476 5252 676 5325; x_wconf 70' lang='lat' dir='ltr'>chrysostomh</span> <span class='ocrx_word' id='word_1_415' title='bbox 703 5253 826 5324; x_wconf 79' lang='lat' dir='ltr'>reliqua,</span> <span class='ocrx_word' id='word_1_416' title='bbox 856 5266 919 5324; x_wconf 79' lang='lat' dir='ltr'>qum</span> 
     </span>
     <span class='ocr_line' id='line_1_69' title="bbox 166 5336 918 5409; baseline 0.007 -22"><span class='ocrx_word' id='word_1_417' title='bbox 166 5341 225 5390; x_wconf 85' lang='lat' dir='ltr'>mut</span> <span class='ocrx_word' id='word_1_418' title='bbox 237 5344 337 5409; x_wconf 75' lang='lat' dir='ltr'>moute,</span> <span class='ocrx_word' id='word_1_419' title='bbox 352 5337 477 5409; x_wconf 83' lang='lat' dir='ltr'>citerius,</span> <span class='ocrx_word' id='word_1_420' title='bbox 493 5344 531 5407; x_wconf 90' lang='lat' dir='ltr'>et,</span> <span class='ocrx_word' id='word_1_421' title='bbox 540 5344 572 5393; x_wconf 88' lang='lat' dir='ltr'>ut</span> <span class='ocrx_word' id='word_1_422' title='bbox 582 5353 617 5394; x_wconf 85' lang='lat' dir='ltr'>ex</span> <span class='ocrx_word' id='word_1_423' title='bbox 631 5336 703 5408; x_wconf 76' lang='lat' dir='ltr'>stylo</span> <span class='ocrx_word' id='word_1_424' title='bbox 718 5339 918 5408; x_wconf 80' lang='lat' dir='ltr'>conjectamus,</span> 
     </span>
    </p>
   </div>
   <div class='ocr_carea' id='block_1_20' title="bbox 969 3686 1736 3860">
    <p class='ocr_par' dir='ltr' id='par_1_21' title="bbox 969 3686 1736 3860">
     <span class='ocr_line' id='line_1_70' title="bbox 970 3686 1736 3771; baseline 0 -19"><span class='ocrx_word' id='word_1_425' title='bbox 970 3696 1000 3752; x_wconf 90' lang='lat' dir='ltr'>et</span> <span class='ocrx_word' id='word_1_426' title='bbox 1021 3686 1186 3752; x_wconf 89' lang='lat' dir='ltr'>instantius</span> <span class='ocrx_word' id='word_1_427' title='bbox 1208 3688 1426 3771; x_wconf 81' lang='lat' dir='ltr'>predicantur,</span> <span class='ocrx_word' id='word_1_428' title='bbox 1451 3699 1481 3753; x_wconf 90' lang='lat' dir='ltr'>et</span> <span class='ocrx_word' id='word_1_429' title='bbox 1500 3692 1540 3753; x_wconf 90' lang='lat' dir='ltr'>ab</span> <span class='ocrx_word' id='word_1_430' title='bbox 1563 3692 1736 3754; x_wconf 78' lang='lat' dir='ltr'>adversario</span> 
     </span>
     <span class='ocr_line' id='line_1_71' title="bbox 969 3778 1736 3860; baseline 0.001 -20"><span class='ocrx_word' id='word_1_431' title='bbox 969 3784 1054 3841; x_wconf 87' lang='lat' dir='ltr'>mota</span> <span class='ocrx_word' id='word_1_432' title='bbox 1068 3782 1210 3860; x_wconf 75' lang='lat' dir='ltr'>questio,</span> <span class='ocrx_word' id='word_1_433' title='bbox 1226 3778 1362 3842; x_wconf 86' lang='lat' dir='ltr'>discendi</span> <span class='ocrx_word' id='word_1_434' title='bbox 1380 3781 1481 3842; x_wconf 71' lang='lat' dir='ltr'>exunt</span> <span class='ocrx_word' id='word_1_435' title='bbox 1498 3780 1658 3842; x_wconf 83' lang='lat' dir='ltr'>occasio.»</span> <span class='ocrx_word' id='word_1_436' title='bbox 1675 3782 1736 3841; x_wconf 89' lang='lat' dir='ltr'>Neo</span> 
     </span>
    </p>
   </div>
   <div class='ocr_carea' id='block_1_21' title="bbox 968 3870 1738 5054">
    <p class='ocr_par' dir='ltr' id='par_1_22' title="bbox 968 3870 1737 4685">
     <span class='ocr_line' id='line_1_72' title="bbox 969 3870 1736 3951; baseline 0.001 -19"><span class='ocrx_word' id='word_1_437' title='bbox 969 3871 1041 3933; x_wconf 89' lang='lat' dir='ltr'>solis</span> <span class='ocrx_word' id='word_1_438' title='bbox 1056 3872 1130 3933; x_wconf 91' lang='lat' dir='ltr'>tunc</span> <span class='ocrx_word' id='word_1_439' title='bbox 1144 3873 1345 3951; x_wconf 78' lang='lat' dir='ltr'>argumentis,</span> <span class='ocrx_word' id='word_1_440' title='bbox 1362 3877 1393 3933; x_wconf 90' lang='lat' dir='ltr'>et</span> <span class='ocrx_word' id='word_1_441' title='bbox 1409 3871 1568 3933; x_wconf 87' lang='lat' dir='ltr'>sententiis</span> <span class='ocrx_word' id='word_1_442' title='bbox 1582 3870 1736 3933; x_wconf 76' lang='lat' dir='ltr'>catholica</span> 
     </span>
     <span class='ocr_line' id='line_1_73' title="bbox 969 3960 1734 4045; baseline 0.001 -20"><span class='ocrx_word' id='word_1_443' title='bbox 969 3962 1077 4025; x_wconf 91' lang='lat' dir='ltr'>contra</span> <span class='ocrx_word' id='word_1_444' title='bbox 1089 3962 1215 4025; x_wconf 88' lang='lat' dir='ltr'>illorum</span> <span class='ocrx_word' id='word_1_445' title='bbox 1230 3964 1365 4045; x_wconf 89' lang='lat' dir='ltr'>impetus</span> <span class='ocrx_word' id='word_1_446' title='bbox 1377 3978 1468 4024; x_wconf 89' lang='lat' dir='ltr'>causa</span> <span class='ocrx_word' id='word_1_447' title='bbox 1488 3960 1524 4023; x_wconf 89' lang='lat' dir='ltr'>iit</span> <span class='ocrx_word' id='word_1_448' title='bbox 1536 3960 1734 4026; x_wconf 86' lang='lat' dir='ltr'>instructior:</span> 
     </span>
     <span class='ocr_line' id='line_1_74' title="bbox 969 4054 1735 4132; baseline -0.001 -15"><span class='ocrx_word' id='word_1_449' title='bbox 969 4054 1129 4117; x_wconf 87' lang='lat' dir='ltr'>sedetiam</span> <span class='ocrx_word' id='word_1_450' title='bbox 1153 4054 1274 4117; x_wconf 91' lang='lat' dir='ltr'>delectu</span> <span class='ocrx_word' id='word_1_451' title='bbox 1297 4068 1420 4130; x_wconf 87' lang='lat' dir='ltr'>vocum,</span> <span class='ocrx_word' id='word_1_452' title='bbox 1443 4059 1474 4114; x_wconf 89' lang='lat' dir='ltr'>et</span> <span class='ocrx_word' id='word_1_453' title='bbox 1496 4055 1637 4116; x_wconf 89' lang='lat' dir='ltr'>cautione</span> <span class='ocrx_word' id='word_1_454' title='bbox 1657 4054 1735 4132; x_wconf 83' lang='lat' dir='ltr'>vigi-</span> 
     </span>
     <span class='ocr_line' id='line_1_75' title="bbox 968 4142 1737 4226; baseline -0.003 -17"><span class='ocrx_word' id='word_1_455' title='bbox 968 4148 1084 4209; x_wconf 75' lang='lat' dir='ltr'>landus</span> <span class='ocrx_word' id='word_1_456' title='bbox 1094 4146 1134 4207; x_wconf 89' lang='lat' dir='ltr'>ah</span> <span class='ocrx_word' id='word_1_457' title='bbox 1148 4162 1256 4209; x_wconf 85' lang='lat' dir='ltr'>eorum</span> <span class='ocrx_word' id='word_1_458' title='bbox 1266 4142 1624 4226; x_wconf 84' lang='lat' dir='ltr'>insidiis‚calumniisque</span> <span class='ocrx_word' id='word_1_459' title='bbox 1633 4143 1737 4208; x_wconf 86' lang='lat' dir='ltr'>deien-</span> 
     </span>
     <span class='ocr_line' id='line_1_76' title="bbox 970 4235 1735 4318; baseline 0 -18"><span class='ocrx_word' id='word_1_460' title='bbox 970 4236 1064 4300; x_wconf 88' lang='lat' dir='ltr'>ditur.</span> <span class='ocrx_word' id='word_1_461' title='bbox 1080 4259 1096 4297; x_wconf 81' lang='lat' dir='ltr'>u</span> <span class='ocrx_word' id='word_1_462' title='bbox 1111 4238 1191 4298; x_wconf 76' lang='lat' dir='ltr'>(tum</span> <span class='ocrx_word' id='word_1_463' title='bbox 1203 4236 1286 4299; x_wconf 90' lang='lat' dir='ltr'>enim</span> <span class='ocrx_word' id='word_1_464' title='bbox 1297 4235 1584 4316; x_wconf 89' lang='lat' dir='ltr'>graviorahostium</span> <span class='ocrx_word' id='word_1_465' title='bbox 1594 4236 1735 4318; x_wconf 87' lang='lat' dir='ltr'>prodiere</span> 
     </span>
     <span class='ocr_line' id='line_1_77' title="bbox 969 4326 1736 4410; baseline 0 -18"><span class='ocrx_word' id='word_1_466' title='bbox 969 4330 1147 4405; x_wconf 88' lang='lat' dir='ltr'>certamina,</span> <span class='ocrx_word' id='word_1_467' title='bbox 1159 4335 1195 4391; x_wconf 91' lang='lat' dir='ltr'>ut</span> <span class='ocrx_word' id='word_1_468' title='bbox 1207 4331 1250 4391; x_wconf 92' lang='lat' dir='ltr'>ait</span> <span class='ocrx_word' id='word_1_469' title='bbox 1262 4326 1489 4408; x_wconf 79' lang='lat' dir='ltr'>GregoriusM.,</span> <span class='ocrx_word' id='word_1_470' title='bbox 1498 4334 1574 4407; x_wconf 84' lang='lat' dir='ltr'>tuno</span> <span class='ocrx_word' id='word_1_471' title='bbox 1586 4335 1659 4389; x_wconf 85' lang='lat' dir='ltr'>surrt</span> <span class='ocrx_word' id='word_1_472' title='bbox 1667 4346 1736 4410; x_wconf 80' lang='lat' dir='ltr'>pro</span> 
     </span>
     <span class='ocr_line' id='line_1_78' title="bbox 968 4418 1734 4502; baseline 0 -19"><span class='ocrx_word' id='word_1_473' title='bbox 968 4421 1048 4483; x_wconf 87' lang='lat' dir='ltr'>fecto</span> <span class='ocrx_word' id='word_1_474' title='bbox 1070 4418 1229 4484; x_wconf 89' lang='lat' dir='ltr'>subtiliora</span> <span class='ocrx_word' id='word_1_475' title='bbox 1257 4438 1405 4484; x_wconf 87' lang='lat' dir='ltr'>sensuum</span> <span class='ocrx_word' id='word_1_476' title='bbox 1432 4420 1549 4502; x_wconf 89' lang='lat' dir='ltr'>spicula</span> <span class='ocrx_word' id='word_1_477' title='bbox 1576 4422 1734 4501; x_wconf 84' lang='lat' dir='ltr'>requisita,</span> 
     </span>
     <span class='ocr_line' id='line_1_79' title="bbox 969 4512 1735 4596; baseline 0 -22"><span class='ocrx_word' id='word_1_478' title='bbox 969 4519 1045 4574; x_wconf 90' lang='lat' dir='ltr'>tnnc</span> <span class='ocrx_word' id='word_1_479' title='bbox 1074 4518 1330 4593; x_wconf 89' lang='lat' dir='ltr'>argumentorum</span> <span class='ocrx_word' id='word_1_480' title='bbox 1362 4512 1535 4590; x_wconf 88' lang='lat' dir='ltr'>obstacula,</span> <span class='ocrx_word' id='word_1_481' title='bbox 1564 4519 1639 4574; x_wconf 91' lang='lat' dir='ltr'>tunc</span> <span class='ocrx_word' id='word_1_482' title='bbox 1665 4530 1735 4596; x_wconf 91' lang='lat' dir='ltr'>per·</span> 
     </span>
     <span class='ocr_line' id='line_1_80' title="bbox 969 4600 1451 4685; baseline -0.008 -20"><span class='ocrx_word' id='word_1_483' title='bbox 969 4601 1088 4684; x_wconf 85' lang='lat' dir='ltr'>plexior</span> <span class='ocrx_word' id='word_1_484' title='bbox 1103 4604 1217 4685; x_wconf 88' lang='lat' dir='ltr'>indago</span> <span class='ocrx_word' id='word_1_485' title='bbox 1232 4600 1451 4666; x_wconf 57' lang='lat' dir='ltr'>uerborum.»</span> 
     </span>
    </p>

    <p class='ocr_par' dir='ltr' id='par_1_23' title="bbox 969 4692 1738 5054">
     <span class='ocr_line' id='line_1_81' title="bbox 1009 4692 1737 4776; baseline 0.003 -19"><span class='ocrx_word' id='word_1_486' title='bbox 1009 4692 1150 4776; x_wconf 83' lang='lat' dir='ltr'>Experiri</span> <span class='ocrx_word' id='word_1_487' title='bbox 1163 4695 1222 4756; x_wconf 92' lang='lat' dir='ltr'>hoc</span> <span class='ocrx_word' id='word_1_488' title='bbox 1234 4692 1304 4755; x_wconf 88' lang='lat' dir='ltr'>licet</span> <span class='ocrx_word' id='word_1_489' title='bbox 1318 4693 1350 4754; x_wconf 91' lang='lat' dir='ltr'>in</span> <span class='ocrx_word' id='word_1_490' title='bbox 1365 4712 1413 4769; x_wconf 88' lang='lat' dir='ltr'>eo,</span> <span class='ocrx_word' id='word_1_491' title='bbox 1423 4695 1506 4774; x_wconf 90' lang='lat' dir='ltr'>quod</span> <span class='ocrx_word' id='word_1_492' title='bbox 1519 4692 1614 4758; x_wconf 89' lang='lat' dir='ltr'>modo</span> <span class='ocrx_word' id='word_1_493' title='bbox 1628 4701 1737 4759; x_wconf 88' lang='lat' dir='ltr'>tracta·</span> 
     </span>
     <span class='ocr_line' id='line_1_82' title="bbox 969 4786 1738 4866; baseline 0.003 -17"><span class='ocrx_word' id='word_1_494' title='bbox 969 4806 1049 4857; x_wconf 92' lang='lat' dir='ltr'>mus,</span> <span class='ocrx_word' id='word_1_495' title='bbox 1066 4787 1287 4850; x_wconf 86' lang='lat' dir='ltr'>iucarnationis</span> <span class='ocrx_word' id='word_1_496' title='bbox 1302 4786 1461 4866; x_wconf 85' lang='lat' dir='ltr'>mysterio,</span> <span class='ocrx_word' id='word_1_497' title='bbox 1477 4807 1539 4866; x_wconf 89' lang='lat' dir='ltr'>quo</span> <span class='ocrx_word' id='word_1_498' title='bbox 1554 4789 1688 4850; x_wconf 91' lang='lat' dir='ltr'>duarum</span> <span class='ocrx_word' id='word_1_499' title='bbox 1699 4808 1738 4851; x_wconf 83' lang='lat' dir='ltr'>ex</span> 
     </span>
     <span class='ocr_line' id='line_1_83' title="bbox 970 4880 1738 4959; baseline 0.003 -18"><span class='ocrx_word' id='word_1_500' title='bbox 970 4881 1097 4942; x_wconf 86' lang='lat' dir='ltr'>adverso</span> <span class='ocrx_word' id='word_1_501' title='bbox 1110 4880 1317 4959; x_wconf 87' lang='lat' dir='ltr'>pugnantium</span> <span class='ocrx_word' id='word_1_502' title='bbox 1331 4881 1410 4941; x_wconf 89' lang='lat' dir='ltr'>inter</span> <span class='ocrx_word' id='word_1_503' title='bbox 1424 4897 1457 4941; x_wconf 90' lang='lat' dir='ltr'>se</span> <span class='ocrx_word' id='word_1_504' title='bbox 1468 4880 1623 4942; x_wconf 76' lang='lat' dir='ltr'>heresum</span> <span class='ocrx_word' id='word_1_505' title='bbox 1636 4882 1738 4943; x_wconf 90' lang='lat' dir='ltr'>incur-</span> 
     </span>
     <span class='ocr_line' id='line_1_84' title="bbox 969 4972 1734 5054; baseline 0.003 -22"><span class='ocrx_word' id='word_1_506' title='bbox 969 4973 1055 5033; x_wconf 88' lang='lat' dir='ltr'>sione</span> <span class='ocrx_word' id='word_1_507' title='bbox 1067 4972 1207 5052; x_wconf 84' lang='lat' dir='ltr'>pulsatur</span> <span class='ocrx_word' id='word_1_508' title='bbox 1223 4978 1278 5034; x_wconf 88' lang='lat' dir='ltr'>:ut</span> <span class='ocrx_word' id='word_1_509' title='bbox 1291 4972 1329 5034; x_wconf 91' lang='lat' dir='ltr'>de</span> <span class='ocrx_word' id='word_1_510' title='bbox 1344 4987 1381 5034; x_wconf 87' lang='lat' dir='ltr'>eo</span> <span class='ocrx_word' id='word_1_511' title='bbox 1389 4972 1461 5051; x_wconf 88' lang='lat' dir='ltr'>jure</span> <span class='ocrx_word' id='word_1_512' title='bbox 1471 4975 1566 5054; x_wconf 85' lang='lat' dir='ltr'>possit</span> <span class='ocrx_word' id='word_1_513' title='bbox 1579 4973 1734 5053; x_wconf 82' lang='lat' dir='ltr'>usurpari,</span> 
     </span>
    </p>
   </div>
   <div class='ocr_carea' id='block_1_22' title="bbox 968 5166 1737 5411">
    <p class='ocr_par' dir='ltr' id='par_1_24' title="bbox 968 5166 1737 5411">
     <span class='ocr_line' id='line_1_85' title="bbox 969 5166 1737 5246; baseline -0.001 -19"><span class='ocrx_word' id='word_1_514' title='bbox 969 5173 1123 5229; x_wconf 74' lang='lat' dir='ltr'>severiani.</span> <span class='ocrx_word' id='word_1_515' title='bbox 1133 5166 1243 5246; x_wconf 74' lang='grc' dir='ltr'>Ἐκλεγι</span> <span class='ocrx_word' id='word_1_516' title='bbox 1257 5172 1288 5227; x_wconf 81' lang='grc' dir='ltr'>τὰ</span> <span class='ocrx_word' id='word_1_517' title='bbox 1306 5175 1419 5245; x_wconf 65' lang='grc' dir='ltr'><strong>νοήματα</strong></span> <span class='ocrx_word' id='word_1_518' title='bbox 1433 5172 1481 5227; x_wconf 78' lang='grc' dir='ltr'>ἀπὸ</span> <span class='ocrx_word' id='word_1_519' title='bbox 1495 5180 1545 5228; x_wconf 81' lang='grc' dir='ltr'>τῶν</span> <span class='ocrx_word' id='word_1_520' title='bbox 1560 5172 1649 5235; x_wconf 74' lang='grc' dir='ltr'><strong>λέξεων</strong></span> <span class='ocrx_word' id='word_1_521' title='bbox 1665 5173 1737 5226; x_wconf 76' lang='lat' dir='ltr'>naid·</span> 
     </span>
     <span class='ocr_line' id='line_1_86' title="bbox 968 5252 1736 5328; baseline 0 -19"><span class='ocrx_word' id='word_1_522' title='bbox 968 5268 1014 5328; x_wconf 78' lang='lat' dir='ltr'>step</span> <span class='ocrx_word' id='word_1_523' title='bbox 1026 5254 1111 5328; x_wconf 70' lang='grc' dir='ltr'>ἀρίστη</span> <span class='ocrx_word' id='word_1_524' title='bbox 1127 5256 1228 5328; x_wconf 74' lang='grc' dir='ltr'>μέλιττα</span> <span class='ocrx_word' id='word_1_525' title='bbox 1243 5255 1448 5328; x_wconf 75' lang='grc' dir='ltr'><strong>ἑφιπταμένητυῗς</strong></span> <span class='ocrx_word' id='word_1_526' title='bbox 1461 5256 1551 5319; x_wconf 63' lang='grc' dir='ltr'>ἄνθεσι,</span> <span class='ocrx_word' id='word_1_527' title='bbox 1565 5256 1606 5308; x_wconf 73' lang='grc' dir='ltr'>καὶ</span> <span class='ocrx_word' id='word_1_528' title='bbox 1615 5254 1644 5309; x_wconf 79' lang='lat' dir='ltr'>rb</span> <span class='ocrx_word' id='word_1_529' title='bbox 1652 5252 1736 5327; x_wconf 75' lang='grc' dir='ltr'><strong>κηρίον</strong></span> 
     </span>
     <span class='ocr_line' id='line_1_87' title="bbox 969 5336 1441 5411; baseline 0 -20"><span class='ocrx_word' id='word_1_530' title='bbox 969 5337 1139 5410; x_wconf 69' lang='lat' dir='ltr'>lapidamus,</span> <span class='ocrx_word' id='word_1_531' title='bbox 1154 5339 1197 5402; x_wconf 75' lang='grc' dir='ltr'>τὰς</span> <span class='ocrx_word' id='word_1_532' title='bbox 1211 5337 1237 5392; x_wconf 83' lang='lat' dir='ltr'>oi</span> <span class='ocrx_word' id='word_1_533' title='bbox 1248 5339 1352 5411; x_wconf 79' lang='grc' dir='ltr'><strong>βοτάνας</strong></span> <span class='ocrx_word' id='word_1_534' title='bbox 1365 5336 1441 5392; x_wconf 76' lang='lat' dir='ltr'>idos.</span> 
     </span>
    </p>
   </div>
   <div class='ocr_carea' id='block_1_23' title="bbox 188 5512 1323 5571">
    <p class='ocr_par' dir='ltr' id='par_1_25' title="bbox 188 5512 1323 5571">
     <span class='ocr_line' id='line_1_88' title="bbox 188 5512 1323 5571; baseline 0.003 -15"><span class='ocrx_word' id='word_1_535' title='bbox 188 5512 198 5556; x_wconf 91' lang='lat' dir='ltr'>t</span> <span class='ocrx_word' id='word_1_536' title='bbox 211 5514 264 5571; x_wconf 76' lang='lat' dir='ltr'>lug.</span> <span class='ocrx_word' id='word_1_537' title='bbox 278 5516 293 5559; x_wconf 92' lang='grc' dir='ltr'>Ι.</span> <span class='ocrx_word' id='word_1_538' title='bbox 305 5514 321 5558; x_wconf 93' lang='lat' dir='ltr'>ii</span> <span class='ocrx_word' id='word_1_539' title='bbox 332 5516 359 5558; x_wconf 76' lang='lat' dir='ltr'>ds</span> <span class='ocrx_word' id='word_1_540' title='bbox 370 5516 431 5559; x_wconf 74' lang='lat' dir='ltr'>liuto</span> <span class='ocrx_word' id='word_1_541' title='bbox 439 5526 524 5569; x_wconf 70' lang='lat' dir='ltr'>meo.</span> <span class='ocrx_word' id='word_1_542' title='bbox 537 5527 556 5562; x_wconf 82' lang='lat' dir='ltr'>c.</span> <span class='ocrx_word' id='word_1_543' title='bbox 565 5515 648 5560; x_wconf 75' lang='lat' dir='ltr'>rr.-i</span> <span class='ocrx_word' id='word_1_544' title='bbox 662 5515 694 5560; x_wconf 87' lang='lat' dir='ltr'>ld.</span> <span class='ocrx_word' id='word_1_545' title='bbox 707 5515 722 5559; x_wconf 90' lang='lat' dir='ltr'>l.</span> <span class='ocrx_word' id='word_1_546' title='bbox 736 5515 781 5560; x_wconf 70' lang='lat' dir='ltr'>xli</span> <span class='ocrx_word' id='word_1_547' title='bbox 790 5516 816 5560; x_wconf 81' lang='lat' dir='ltr'>tls</span> <span class='ocrx_word' id='word_1_548' title='bbox 827 5516 872 5561; x_wconf 78' lang='lat' dir='ltr'>dle.</span> <span class='ocrx_word' id='word_1_549' title='bbox 884 5517 924 5561; x_wconf 73' lang='lat' dir='ltr'>list</span> <span class='ocrx_word' id='word_1_550' title='bbox 934 5529 954 5563; x_wconf 90' lang='lat' dir='ltr'>c.</span> <span class='ocrx_word' id='word_1_551' title='bbox 969 5516 1047 5561; x_wconf 85' lang='lat' dir='ltr'>rr.-tl</span> <span class='ocrx_word' id='word_1_552' title='bbox 1060 5515 1108 5560; x_wconf 84' lang='lat' dir='ltr'>Lib.</span> <span class='ocrx_word' id='word_1_553' title='bbox 1119 5515 1180 5558; x_wconf 86' lang='lat' dir='ltr'>llliiil</span> <span class='ocrx_word' id='word_1_554' title='bbox 1191 5520 1242 5562; x_wconf 64' lang='lat' dir='ltr'>Hor.</span> <span class='ocrx_word' id='word_1_555' title='bbox 1257 5528 1277 5559; x_wconf 89' lang='lat' dir='ltr'>c.</span> <span class='ocrx_word' id='word_1_556' title='bbox 1289 5527 1323 5559; x_wconf 83' lang='lat' dir='ltr'>nr.</span> 
     </span>
    </p>
   </div>
   <div class='ocr_carea' id='block_1_24' title="bbox 0 0 2022 6162">
    <p class='ocr_par' dir='ltr' id='par_1_26' title="bbox 0 0 2022 6162">
     <span class='ocr_line' id='line_1_89' title="bbox 0 0 2022 6162; baseline 0 0"><span class='ocrx_word' id='word_1_557' title='bbox 0 0 2022 6162; x_wconf 95' lang='lat' dir='ltr'> </span> 
     </span>
    </p>
   </div>
  </div>
 </body>
</html>
