4122 6248
350 296 411 366 630
867 292 1195 361 THEOLOGlGORUM
1215 290 1436 360 DOGMATUM

352 474 464 530 natura
477 466 541 532 nei.
561 466 642 528 Sunt
656 469 750 541 calca,
773 465 817 528 alt
843 463 1039 546 Apostolus¹‚
1068 463 1124 544 qai
1169 464 1287 526 tionem
1298 460 1527 539 incarnationis,
1536 458 1826 541 plenitudinemque
1839 472 1930 518 sume·

351 579 409 621 non
429 568 497 622 suot
516 565 626 622 notura
639 556 697 620 dii.
716 560 828 634 Quaero
842 558 916 638 quid
932 557 972 618 sit
988 556 1121 617 formam
1169 557 1260 637 perit,
1277 556 1355 616 nihil
1381 554 1465 616 enim
1487 553 1522 615 ln
1541 552 1662 615 Christo
1673 548 1923 630 lmpcrleotumn

351 652 431 714 servi
463 652 626 732 accipiens.
664 651 738 712 Sine
776 651 870 712 dubio
900 649 1120 728 perfectionem
1170 650 1235 709 Hoc
1250 655 1296 709 est
1309 655 1441 727 utraque
1454 652 1566 708 natura
1577 645 1712 726 perfecta
1725 643 1768 704 sit
1779 640 1927 721 aportat:

351 751 489 821 naturae,
504 750 534 805 et
550 742 749 815 conditionis,
766 749 802 804 ut
815 743 895 816 disi,
911 743 1070 816 humanae,
1086 744 1121 800 nt
1170 742 1317 821 quoniam
1343 758 1450 800 «curm
1472 739 1547 801 dicis
1568 737 1743 819 perlectum
1764 735 1928 810 hominem,
2026 790 2027 809 ,

350 840 429 898 esset
451 836 485 897 in
507 836 674 898 hominum
696 835 939 899 similitudine.»
957 836 1016 894 Leo
1035 834 1121 911 Papa
1169 838 1267 894 totam
1288 830 1352 895 illic
1369 838 1515 893 naturam
1533 831 1705 891 humanam
1727 828 1777 888 vis
1794 825 1927 905 intelligi.
2026 818 2027 861 ἶ

350 928 477 1008 epistola
491 947 531 1001 x,
547 929 645 1008 capite
659 926 720 988 w'.
740 949 752 984 ι
769 927 828 1001 Qui
855 927 940 988 enim
961 942 1053 985 serus
1075 929 1121 985 est
1169 927 1238 988 Noa
1259 931 1305 988 est
1318 931 1423 987 autem
1435 925 1532 985 homo
1545 923 1708 1004 perlectus,
1725 921 1754 981 si
1765 919 1817 981 rel
1835 918 1931 979 anime

350 1023 442 1097 Deus,
458 1020 541 1082 idem
550 1036 643 1081 verus
653 1023 699 1081 est
711 1021 824 1080 homo:
842 1020 879 1080 Et
892 1017 1015 1078 nullum
1027 1021 1073 1078 est
1087 1017 1120 1076 in
1169 1019 1264 1088 carni,
1273 1019 1322 1080 vel
1332 1018 1444 1078 anime
1453 1016 1513 1096 ipsi
1520 1034 1609 1077 meus
1617 1016 1759 1076 humana
1772 1010 1926 1086 delueritp
2026 1012 2027 1051 ι

349 1113 408 1174 hac
421 1110 540 1173 unitate
555 1113 764 1187 mendacium,
778 1132 792 1170 o
807 1117 867 1174 etc.
884 1111 967 1191 quod
982 1110 1120 1171 etiamln
1169 1117 1203 1171 ut
1224 1110 1329 1171 scribit
1349 1109 1554 1189 Augustinus.
1577 1109 1730 1169 Martinus
1753 1107 1831 1165 item
1851 1102 1930 1182 Papa
2026 1128 2027 1149 ι

349 1200 491 1266 sermone
506 1209 616 1283 quarto
628 1203 663 1264 de
676 1203 845 1266 Natiuitatis
856 1202 971 1283 posuit.
1168 1202 1202 1262 in
1213 1203 1410 1264 Lateranensi
1424 1200 1555 1262 concilio
1564 1197 1795 1261 consultatione
1805 1193 1927 1276 quinta³,

389 1298 473 1358 Vlll.
498 1296 636 1358 Gelasius
655 1297 732 1356 item
753 1298 916 1357 Romanus
933 1293 1071 1374 pontifex
1085 1294 1119 1353 in
1168 1302 1208 1356 nc
1221 1296 1382 1357 hominem
1404 1294 1532 1374 quidem
1545 1290 1779 1373 probatluisse,
1801 1289 1826 1349 si
1845 1286 1928 1348 intel-

348 1388 427 1450 libro
450 1387 485 1449 de
505 1387 614 1449 duodus
636 1392 763 1463 autoris,
794 1388 950 1448 Christum
974 1386 1120 1446 adversus
1167 1388 1368 1449 lectucaruit.

348 1480 520 1561 Acephslos
542 1481 656 1562 prohat
678 1480 799 1541 duabus
818 1485 957 1541 constare
977 1479 1116 1553 naturis;
1208 1480 1286 1541 Hinc
1319 1484 1437 1541 veteres
1470 1495 1542 1539 eam
1570 1472 1797 1536 iucarnationis
1826 1472 1928 1549 dogma

348 1574 498 1652 quoniam
517 1573 699 1634 «uniuersi
713 1576 899 1652 proprietate
912 1570 1047 1645 sublata,
1060 1588 1117 1650 pro
1168 1573 1340 1651 explicant,
1363 1572 1548 1651 plerumque
1568 1585 1659 1629 roms
1673 1566 1744 1627 illas
1758 1564 1835 1624 duas
1847 1570 1891 1639 itt,
1919 1608 1927 1639 ‚
1959 1590 2011 1633 pf„
2026 1570 2027 1635 l

347 1671 436 1744 parte
458 1666 540 1745 apud
567 1684 619 1726 eos
643 1664 764 1726 medius
790 1665 847 1725 erit
875 1664 1024 1736 Christus,
1053 1680 1117 1722 uon
1167 1670 1303 1726 etruscos
1320 1664 1358 1724 de
1371 1663 1524 1725 ambabus
1552 1661 1672 1722 naturis
1698 1662 1862 1735 usurpant.
1884 1655 1929 1718 Sic
1946 1642 2027 1779 m

348 1775 441 1833 uncas,
456 1775 520 1818 non
533 1758 665 1836 integer,
676 1756 806 1836 ideoque
820 1773 878 1817 nec
890 1772 999 1816 verus:
1011 1754 1117 1833 sequi·
1167 1766 1259 1819 τέλειον
1270 1764 1396 1836 ἄνθρωπον
1402 1754 1766 1831 voeatlgnatiusmartyr
1772 1750 1806 1810 in
1813 1745 1929 1828 epistola
1956 1772 2027 1841 ..fl-..q

348 1855 400 1910 tur
419 1855 455 1911 ut
476 1849 579 1923 lalsns,
599 1849 672 1929 quia
700 1850 800 1911 modis
827 1848 971 1910 omnihus
998 1848 1031 1908 in
1058 1847 1117 1907 hoc
1167 1846 1208 1909 cd
1219 1847 1363 1910 Romanos
1371 1848 1454 1928 apud
1468 1840 1727 1907 Theodoretuml.
2026 1848 2027 1867 .

347 1941 445 2002 tendit
459 1941 645 2021 abruptam,
671 1940 696 2001 si
718 1940 835 2020 aliquid
848 1940 1030 2001 naturaliter
1045 1939 1116 2000 inde
1208 1941 1246 2001 Et
1262 1940 1395 2003 Hilarius
1407 1939 1488 2000 libro
1501 1934 1615 2013 nono',
1630 1958 1646 1994 o
1659 1948 1774 1996 veram
1785 1931 1929 1999 ileumet
2026 1928 2027 1987 ὲ

347 2039 536 2111 removetur,
551 2033 729 2113 exquibus,
745 2033 795 2093 rel
810 2033 842 2092 in
857 2032 1070 2111 qulbusunus,
1087 2034 1118 2092 et
1167 2050 1277 2094 rernm
1294 2034 1455 2093 hominem
1473 2051 1489 2089 ιι
1510 2032 1692 2110 profitetur3
1724 2020 1925 2096 Ambrosius⁸‚
2026 2078 2027 2093 ,

347 2125 469 2204 integer
483 2126 618 2187 Christus
632 2130 696 2186 est:
720 2124 760 2184 ob
774 2124 833 2185 hoc
847 2128 1070 2203 consequenter
1086 2129 1117 2184 et
1171 2123 1596 2203 «perfeetumhominemex
1613 2115 1928 2189 camaracensium
2026 2124 2027 2199 ἐ

346 2236 449 2279 serus.
466 2219 547 2298 Ergo
564 2220 600 2279 ut
614 2234 706 2279 verus
721 2218 771 2292 sit,
792 2217 912 2295 integer
934 2218 974 2277 sit
992 2234 1117 2277 neeesse
1167 2234 1294 2298 corpore
1301 2217 1534 2297 assumpsisse.»
1545 2216 1605 2276 Leo
1615 2209 1730 2293 Papa’,
1749 2212 1808 2270 «ln
1818 2209 1927 2286 integra
2026 2214 2027 2247 ³

347 2314 409 2370 est:
424 2309 589 2388 utinteger
602 2310 652 2386 sit,
668 2326 750 2369 unus
760 2312 852 2387 atque
866 2310 950 2369 idem
962 2308 1019 2369 sit:
1034 2315 1117 2369 utro·
1165 2311 1339 2391 igiturreri
1360 2309 1507 2384 hominis,
1530 2308 1583 2383 ait,
1599 2305 1800 2386 perlectoque
1814 2304 1923 2375 natura,
2026 2336 2027 2339 =

346 2416 407 2480 quc
435 2402 469 2460 in
503 2419 539 2461 eo
566 2402 632 2462 sinc
659 2400 806 2479 ambiguo
831 2406 1049 2480 permanente,
1078 2418 1117 2461 ex
1166 2408 1361 2466 verusnatus
1379 2402 1559 2462 essaeus.»
1577 2397 1662 2472 Et¹⁰,
1684 2397 1925 2470 «Quirenucst

346 2493 470 2570 quibus,
482 2493 532 2554 vel
539 2494 572 2554 ia
581 2493 694 2572 quibus
705 2510 787 2553 unus
799 2492 942 2572 idemque
950 2493 1112 2572 persistite
1167 2498 1257 2571 Deus,
1273 2513 1365 2557 verus
1378 2498 1465 2555 estet
1480 2492 1605 2553 homo.»
1625 2484 1838 2551 Athanasius¹¹
1852 2493 1924 2563 πλήρη

347 2586 463 2646 Licebit
475 2586 693 2647 antemitidem
702 2585 915 2665 argumentari
926 2593 957 2646 et
970 2586 1116 2646 aduersus
1167 2598 1305 2669 ἅνθρωποι,
1335 2587 1368 2647 id
1393 2591 1439 2647 est
1462 2584 1584 2667 plenam
1604 2582 1752 2643 hominem
1776 2584 1871 2639 voest.
1893 2576 1924 2635 st
2026 2570 2027 2621 ἶ

346 2676 544 2738 dimidiatum
570 2679 733 2738 hominem
760 2678 968 2757 impingentes
996 2678 1115 2739 Christo
1165 2680 1253 2753 alibi,
1291 2678 1480 2740 abominem
1495 2694 1568 2737 vere
1583 2677 1683 2737 Deum
1696 2680 1731 2735 et
1752 2674 1923 2733 Deummre
2026 2686 2027 2751 ι

347 2766 499 2840 Domln03
522 2770 557 2826 ut
578 2783 630 2826 eos
651 2766 870 2826 convincamus
893 2784 934 2827 ne
954 2766 1115 2826 hominem
1164 2772 1325 2833 hominem
1338 2769 1529 2831 immedicit:
1545 2772 1581 2828 ut
1594 2768 1763 2828 idemvere
1776 2763 1919 2832 sithonio,
2026 2762 2027 2775 ¹

346 2856 473 2936 quidem
487 2858 611 2938 penitus
626 2876 689 2919 esse
706 2857 823 2918 factum
843 2862 953 2938 putare
963 2857 1113 2919 Verbum.
1164 2856 1835 2943 verequeueust.r0yriu11s¹¹«perfeetum
1853 2868 1922 2929 cape
2026 2854 2027 2905 ι

350 2970 366 3005 «
380 2949 468 3022 Quod
482 2949 567 3010 enim
586 2950 701 3011 animal
725 2950 873 3011 alterutra
893 2955 976 3010 earet
994 2968 1032 3010 ex
1052 2949 1115 3010 istis
1165 2959 1262 3018 Deum
1283 2962 1314 3016 et
1326 2955 1488 3015 hominem
1507 2951 1653 3031 appellat.
1681 2972 1696 3007 e
1725 2949 1838 3009 Auctor
1856 2944 1922 3004 item
2026 2936 2027 2947 ’

346 3046 443 3120 parte,
459 3059 524 3101 non
537 3046 582 3102 est
590 3041 715 3115 homor,
730 3046 789 3101 cut
802 3041 846 3101 ait
858 3042 996 3101 Joaunes
1008 3042 1115 3102 Dama·
1163 3046 1373 3129 Erpositionis
1388 3043 1462 3125 fidei
1472 3046 1491 3105 J
1494 3045 1598 3105 ustina
1614 3038 1811 3120 inscriptae¹⁸,
1831 3052 1921 3115 uper·
2026 3026 2027 3107 ζ

346 3151 464 3193 scenus.
482 3134 529 3193 lta
543 3134 636 3194 etiam
657 3138 688 3194 ct
705 3133 892 3193 Athanasius
912 3133 1115 3194 ratiocinatur
1162 3139 1276 3200 lectum
1291 3137 1462 3198 hominem.
1479 3158 1494 3192 a
1512 3137 1549 3195 Et
1570 3133 1737 3195 Flavianus
1759 3126 1921 3191 Constanti·
2026 3120 2027 3141 ³

346 3225 378 3283 in
397 3223 527 3303 epistola
540 3225 690 3303 synodica
703 3224 742 3286 ad
760 3224 964 3286 Antiochenses
977 3224 1113 3287 adversm
1163 3231 1361 3309 napolitanus
1374 3230 1406 3289 r'rr
1418 3227 1492 3305 fidei
1503 3222 1707 3307 professione*
1724 3219 1922 3284 oblatallleo·

344 3314 569 3395 Apollinarem:
591 3338 606 3375 o
630 3318 707 3378 Cum
731 3318 880 3378 Dominus
903 3323 1029 3398 propter
1056 3335 1113 3377 nos
1163 3324 1247 3384 doeio
1258 3320 1449 3402 imperatori,
1464 3319 1593 3399 perinde
1606 3322 1775 3395 utramque
1788 3319 1919 3375 naturam
2026 3306 2027 3389 j

343 3407 438 3468 homo
454 3407 552 3469 lactus
566 3410 620 3484 sit,
634 3428 698 3470 non
713 3426 800 3487 posse
814 3426 926 3489 eorpus
940 3410 1035 3489 ipsius
1048 3427 1113 3471 esse
1162 3414 1329 3495 perfectam
1342 3413 1458 3474 asserit.
1472 3410 1563 3478 Quod
1577 3406 1921 3487 etcaeteripassimpre
2026 3474 2027 3479 γ

344 3501 458 3561 mentis
471 3518 590 3580 expers,
605 3507 660 3561 aut
673 3499 814 3561 animael.
830 3520 846 3558 a
1161 3508 1273 3568 dicant,
2026 3504 2027 3565 j

386 3592 571 3673 Hippolytus
584 3611 707 3672 quoque
717 3592 893 3654 Portuensis
903 3593 1066 3672 episcopus
1078 3593 1112 3654 in
1201 3598 1258 3658 IX.
1282 3598 1442 3659 Secundus
1456 3595 1696 3678 argumentandi
1709 3593 1798 3653 loeus
1816 3605 1852 3648 ex
1872 3585 1917 3645 llei
1936 3574 2027 3647 retiis

342 3683 894 3765 fragmentoqnartocoatroBerocem
908 3684 1108 3765 itadisputat:
1160 3690 1300 3766 consssio,
1316 3697 1347 3750 et
1369 3689 1431 3751 flue
1453 3691 1581 3771 petitur,
1608 3703 1703 3768 quem
1724 3685 1759 3745 in
1785 3684 1917 3743 lucarna-
1936 3660 1988 3757 ἔξω

343 3777 608 3855 quemadmodum
634 3798 650 3835 o
674 3777 699 3837 is
723 3778 777 3856 qui
805 3783 917 3838 natura
944 3779 1025 3838 Deus
1050 3781 1108 3853 est,
1159 3782 1245 3844 tione
1266 3782 1422 3842 molienda
1440 3782 1497 3843 sibi
1518 3779 1697 3860 proposuit,
1721 3779 1869 3857 quantum
1884 3784 1917 3829 ex
1943 3762 2023 3877 ὦ

342 3868 463 3929 infinita
472 3871 588 3931 virtute
601 3869 808 3951 impeccabilis
821 3869 918 3930 lactus
932 3868 1037 3941 homo,
1053 3888 1110 3950 pro
1159 3873 1268 3934 litteris
1281 3875 1374 3935 sacris
1388 3873 1559 3953 intelligere
1575 3887 1752 3952 possumus.
1768 3868 1832 3928 Hoc
1842 3862 1916 3924 enim

343 3978 379 4020 eo
394 3979 430 4021 uc
443 3960 557 4030 voluit,
571 3963 603 4022 id
617 3963 701 4041 quod
715 3967 781 4022 erat
795 3966 854 4037 est,
869 3961 989 4021 habens
1006 3962 1111 4023 omnia
1158 3965 1220 4026 illae
1243 3965 1432 4044 significant,
1452 3963 1646 4026 instaurandi
1660 3959 1794 4023 humani
1807 3952 1916 4036 generis

344 4069 416 4112 eum
443 4052 556 4131 quibus
583 4054 667 4114 Dens
693 4053 893 4132 intelligitur:
910 4054 951 4112 ita
966 4055 1110 4115 eumdem
1159 4058 1269 4135 gratia,
1283 4057 1367 4136 qnod
1382 4057 1495 4137 partim
1514 4056 1606 4135 primi
1615 4053 1754 4116 hominis
1767 4049 1839 4111 sitio
1852 4062 1915 4127 pra

343 4160 409 4204 esse
423 4144 551 4224 idquod
564 4145 661 4206 lactus
679 4153 734 4220 est,
764 4162 836 4205 cum
861 4145 974 4224 quibus
997 4146 1111 4208 scilicet
1158 4149 1281 4228 lapsum
1306 4148 1423 4222 fuerat;
1450 4147 1564 4228 partim
1589 4146 1723 4227 propriis
1748 4137 1916 4206 criminibus

342 4234 536 4314 intelligitur,
547 4236 765 4298 etnaturaliter
773 4237 1106 4313 dignosciturhomo‘.»
1159 4241 1457 4320 obnrtnmjacebat3
1474 4240 1604 4301 missum
1622 4257 1641 4299 a
1659 4239 1722 4298 Deo
1745 4237 1835 4297 Patre
1853 4227 1916 4290 uni·
2026 4268 2027 4283 ι

346 4327 416 4387 «Et
430 4328 500 4388 idco
522 4345 593 4389 cum
614 4326 781 4408 susceperit
807 4345 932 4390 carnem
960 4330 1107 4406 hominis,
1158 4351 1272 4412 genam
1298 4334 1418 4394 venisse
1435 4332 1554 4409 lilium,
1587 4336 1622 4392 at
1646 4329 1780 4390 salvetur
1806 4319 1916 4385 ιιιωιάιιι

341 4420 385 4482 ait
398 4419 609 4489 Ambrosius⁸,
637 4438 828 4501 consequens
856 4427 913 4499 est,
938 4426 973 4482 ut
991 4421 1106 4501 perfec·
1154 4425 1317 4507 pertinsem
1331 4422 1368 4485 ¹⁸.
1382 4424 1466 4486 Venit
1479 4424 1557 4486 enim
1577 4419 1793 4505 fitr'aslomiac's
1812 4414 1916 4480 utere
2026 4428 2027 4461 1

377 4648 398 4687 a
418 4633 532 4688 Diutsc.
555 4631 603 4687 lib.
619 4632 667 4697 Ill,
689 4649 749 4705 sup.
768 4649 806 4690 vl.
826 4632 918 4707 Τδγὰρ
942 4632 994 4699 ἑνὸς
1016 4633 1108 4689 τούτων
1160 4637 1230 4709 φύσιν
1246 4637 1363 4712 ὑπάρχων
1378 4638 1439 4703 θεὸς,
1458 4637 1612 4711 ὓπεραπεῐρῳ
1626 4638 1726 4710 δυνάμει
1740 4633 1914 4710 pessmus
2026 4684 2027 4695 .

233 4748 237 4751 Δ
341 4713 458 4788 άμοιροΰν
470 4718 546 4777 ζῶον,
562 4712 605 4768 οὐκ
618 4715 752 4788 ἅνθρωπος.
1159 4719 1284 4788 ἠθέλησεν,
1300 4720 1424 4793 ἅνθρωπος
1447 4720 1634 4793 ἀναμάρτητος,
1658 4721 1718 4793 ὅπερ
1739 4717 1769 4788 ἦν
1791 4718 1848 4773 ἔστι.
1869 4712 1914 4788 μεθ’
2026 4722 2027 4733 ’

375 4800 392 4854 b
411 4799 513 4854 Aratu.
537 4795 695 4870 Ὦμολάγουν
710 4798 758 4871 γάρ
779 4799 920 4865 καὶτοῦτο,
935 4802 973 4854 δτι
989 4799 1017 4852 οὗ
1034 4805 1107 4872 σῶμα
1159 4803 1224 4856 ὅσων
1238 4804 1329 4856 νοεῖται
1344 4802 1405 4865 θεάς·
1415 4803 1455 4856 καὶ
1469 4804 1529 4874 ὅπερ
1545 4803 1645 4874 γέγονέν
1661 4801 1712 4856 ἔστι
1727 4801 1780 4874 μεθ’
1794 4802 1849 4855 ὅσον
1858 4798 1913 4851 νοεῖ-

337 4884 444 4956 άψυχον,
459 4881 511 4943 οάδ’
526 4879 650 4949 αἰσθητὸν,
669 4886 739 4949 (cor.
756 4881 915 4951 ᾂναῑσθητον)
932 4881 988 4936 etet
1002 4882 1106 4952 ἀνόητον
1158 4904 1208 4951 τοι,
1223 4884 1263 4937 καὶ
1276 4884 1435 4957 γνωρίζεσθαι
1445 4885 1548 4956 πέφυκεν
1561 4884 1697 4956 ἅνθρωπος.

337 4961 428 5038 sigred
441 4967 533 5037 σωτήρ.
549 4962 666 5037 οὐδὲγὰρ
684 4959 739 5018 οἶόν
753 4984 780 5018 τε
793 4961 833 5033 ἦν,
848 4969 892 5019 τοῦ
902 4962 985 5038 capion
998 4965 1031 5019 δι’
1042 4966 1106 5038 ἡμᾶς
1193 4967 1337 5025 durnin.
1356 4967 1393 5025 de
1406 4967 1504 5024 Salui.
1520 4966 1589 5024 adv.
1609 4966 1665 5021 Ἵνα
1678 4968 1692 5022 d
1706 4968 1829 5039 ἅνθρωπος
1840 4962 1855 5038 ᾗ
1867 4961 1913 5022 θεὸς

337 5047 465 5121 ἀνθρώπων
478 5049 609 5120 γενομένου
622 5047 726 5115 ἀνόητον
741 5043 840 5101 εἶναιτὸ
852 5055 926 5120 σῶμα
941 5047 1024 5102 αὐτοῦ.
1157 5049 1263 5118 άληθῶς,
1291 5052 1372 5104 scald
1400 5051 1452 5113 θεὸς
1474 5048 1490 5123 ᾖ
1518 5051 1643 5123 ἅνθρωπος
1664 5052 1769 5120 άληθῶς·
1788 5050 1829 5102 ἵνα
1847 5043 1861 5119 ᾖ
1877 5044 1911 5096 ul

372 5132 518 5186 cltnroc.
544 5134 575 5188 tn
599 5130 716 5187 collect.
739 5134 845 5187 Anasi.
869 5129 903 5185 ‘0
916 5131 964 5203 γὰρ
987 5131 1025 5184 sn
1041 5131 1103 5186 κατὰ
1156 5132 1282 5205 ἅνθρωπος
1297 5132 1401 5201 άληθῶς,
1413 5135 1455 5189 acl
1465 5134 1518 5196 θεὸς
1529 5133 1633 5202 άληθῶς.

362 5312 371 5353 l
389 5310 437 5354 Get.
447 5309 526 5352 avet
539 5309 601 5353 Tam.
615 5309 643 5352 lv
656 5311 760 5354 snt-s
774 5310 837 5355 Arulr.
851 5310 890 5356 lib.
904 5311 930 5355 dc
939 5312 1026 5356 incarn.
1040 5324 1088 5367 cap.
1104 5324 1135 5357 ru
1145 5279 1192 5355 -ά
1205 5312 1299 5369 August.
1308 5325 1343 5368 ep.
1360 5312 1464 5357 svin-li
1477 5313 1539 5356 Tam.
1549 5313 1575 5356 ll
1585 5312 1702 5358 (lona-t
1716 5309 1854 5356 theodelini.
1866 5319 1909 5350 ι.-

335 5373 347 5415 7
361 5371 402 5414 Cit.
413 5372 441 5414 alr
452 5371 500 5414 eod.
512 5370 594 5413 theod.
611 5371 665 5415 dial.
681 5384 735 5415 n.-
752 5372 766 5415 8
779 5373 881 5417 lbidclt.
894 5395 921 5405 -
931 5373 945 5415 a
956 5376 1026 5418 Serra.
1035 5375 1095 5417 rude
1107 5377 1188 5420 liutet
1200 5375 1222 5417 in
1236 5388 1271 5429 cp.
1282 5388 1295 5417 x
1308 5377 1336 5419 cut
1347 5378 1409 5419 Flac.
1418 5370 1442 5417 c.
1456 5386 1490 5418 ιιι.
1503 5395 1532 5407 -
1544 5375 1569 5418 ld
1583 5374 1637 5418 Eud.
1648 5387 1683 5426 cp.
1698 5387 1718 5418 c.
1736 5385 1765 5417 rr.
1775 5372 1835 5415 -tl
1849 5368 1908 5412 Gis·

335 5433 417 5477 luced.
428 5433 483 5477 clial.
499 5445 568 5476 ιιι.-
579 5433 605 5474 12
619 5433 677 5477 lltla
690 5434 760 5505 Sahal.
776 5435 833 5489 opud
844 5436 914 5479 eumd.
928 5435 981 5478 dial.
996 5448 1012 5479 ιι
1023 5443 1045 5480 et
1053 5436 1106 5479 dial.
1114 5438 1140 5480 dc
1151 5438 1196 5481 lna.
1208 5445 1224 5482 t,
1236 5438 1288 5480 V.-
1299 5439 1324 5481 tu
1334 5438 1421 5481 lusu-
1432 5437 1456 5480 li
1468 5434 1493 5479 ln
1501 5436 1576 5481 Chalc.
1587 5436 1668 5490 Syn-n
1682 5436 1709 5481 15
1720 5436 1781 5481 m.
1790 5442 1814 5477 ιι.
1831 5430 1866 5475 17.
