4072 6164
302 312 363 375 ὸθθ
811 309 1141 373 rumnoalcofluu
1160 312 1402 375 manarun-

305 477 399 539 etiam
426 477 572 539 adversus
595 476 747 558 cyrillum
770 477 874 557 gravis
896 483 1002 540 exorte
1025 482 1071 539 est
1119 476 1888 558 εεοιιοάιιοι,νν1ὡς,οτοςάιθροιιιος,οοαὸοιπο,νο1

305 569 432 646 invidia,
447 570 532 650 quod
551 568 646 630 telem
665 569 887 650 professionem
908 570 1072 650 approbas
1121 575 1285 651 tanquam
1298 576 1328 631 et
1351 570 1468 631 similes
1490 571 1569 631 alise.
1593 569 1646 630 Sic
1666 588 1767 649 possus
1789 589 1887 648 corne,

305 666 352 724 set
367 681 374 721 :
391 678 428 723 ac
441 662 584 743 plurimis
602 662 642 722 ad
656 661 792 722 diversos
811 662 920 722 litteris
938 662 1069 740 scriptis,
1119 661 1170 722 vel
1195 659 1352 722 secundum
1384 681 1528 739 earnem5
1546 661 1595 723 vel
1620 669 1765 743 quotenus
1792 661 1888 739 bomo,

305 755 386 816 banc
419 773 438 815 a
470 773 502 815 se
534 754 722 815 calumniam
763 754 916 834 depellere
949 771 1072 816 necesse
1121 752 1289 814 identidem
1304 754 1441 816 Christus
1459 755 1581 815 dieitur.
1597 753 1732 831 cyrillus
1750 753 1786 813 in
1806 756 1890 834 epis·

306 845 426 906 babuit.
440 845 639 906 Exstatillius
653 843 845 906 cdioonnem
863 846 1073 924 epistola,qua
1120 844 1183 906 tola
1197 843 1236 905 od
1256 844 1444 907 Valerianum
1470 865 1477 906 :
1512 847 1586 905 aba
1603 864 1673 925 qum
1696 850 1772 905 sunt
1791 848 1893 909 camis

306 938 431 999 missam
445 938 484 997 ad
497 954 562 998 sese
575 936 742 998 formmam
757 938 848 998 istam
860 937 934 999 fidei
948 956 1074 1016 magno-
1122 954 1186 996 sure
1213 937 1339 1016 proprie
1358 930 1419 998 'sibi
1442 938 1614 998 necessario
1634 937 1763 1013 iaciens,
1783 956 1892 1017 passus

306 1048 380 1110 pere
393 1029 648 1091 collaudatTum
663 1030 858 1092 adbeecium
870 1030 1071 1105 Melitensem,
1123 1045 1188 1088 esse
1208 1028 1322 1089 dieitur
1340 1038 1411 1109 quie
1432 1030 1601 1091 secundum
1623 1047 1751 1091 carnem
1774 1031 1893 1091 aecide-

306 1140 369 1202 qus
380 1123 527 1202 seipsum,
544 1127 575 1182 et
592 1122 761 1183 Orientales
777 1127 912 1183 excusat.
935 1123 1014 1183 Item
1034 1120 1074 1183 od
1122 1125 1208 1196 runt,
1223 1121 1364 1199 quamvis
1373 1121 1513 1200 patiendi
1522 1125 1602 1183 esset
1610 1139 1732 1201 expers,
1740 1127 1895 1200 quatenus

306 1211 473 1274 Snocesmm
500 1214 635 1275 secunda
660 1214 798 1292 ejusdem
824 1215 1025 1288 argumenti:
1043 1219 1075 1275 et
1123 1213 1204 1273 Deus
1218 1212 1448 1291 intelligimus

309 1302 577 1367 Commonitorium
589 1304 629 1367 οά
643 1305 803 1387 Εαάορὶιιοι
819 1324 830 1366 .·
845 1305 952 1384 inquo
967 1306 1075 1367 Orien·
1163 1303 1319 1364 Maximus
1337 1309 1457 1384 martyr
1475 1304 1509 1364 iu
1527 1305 1675 1384 opusculo
1697 1306 1839 1384 quodam
1859 1308 1899 1369 od

307 1396 383 1456 tales
397 1396 504 1476 procul
516 1397 622 1458 abesse
636 1398 725 1458 docet
739 1397 778 1456 ab
796 1397 978 1457 Nestoriana
994 1390 1076 1457 lrlas-v
1123 1396 1265 1458 ioannem
1276 1395 1502 1458 cubicularium
1512 1396 1653 1457 nondum
1662 1397 1758 1474 edito,
1771 1420 1786 1455 ο
1798 1399 1898 1459 Chris

308 1487 445 1566 phemia,
468 1506 504 1549 ae
526 1489 661 1549 duarum
683 1506 887 1568 personarum
911 1488 1075 1549 asserendo
1124 1486 1258 1563 tumuit,
1272 1488 1444 1549 secundum
1457 1493 1612 1563 naturam,
1628 1494 1659 1549 et
1677 1489 1895 1565 substantiam,

308 1579 497 1657 discrimine,
518 1581 642 1641 tametsi
663 1597 787 1655 vocum,
808 1598 879 1659 quae
893 1580 932 1640 de
956 1580 1076 1641 Christo
1125 1597 1221 1659 quam
1234 1579 1328 1640 babet
1351 1597 1423 1642 eum
1437 1580 1528 1641 Patre
1549 1587 1762 1655 communem,
1778 1587 1812 1641 et
1833 1601 1899 1645 essa

308 1671 472 1749 dicuntur,
507 1672 714 1733 differentiam
746 1678 925 1750 agnoscant.
956 1691 972 1729 ο
998 1673 1078 1733 Nam
1126 1671 1312 1746 increatum,
1348 1671 1545 1748 invisibilem,
1582 1673 1898 1754 incircumscriptum,
2020 1726 2021 1759 ,

309 1763 395 1824 aliud
409 1770 465 1841 est,
487 1765 600 1844 inquit,
630 1783 742 1843 vocum
768 1782 858 1825 nosse
885 1765 1072 1840 discrimen3
1125 1763 1363 1837 immutabilem,
1378 1764 1589 1825 conversionis
1603 1771 1774 1844 expertem,
1798 1766 1901 1846 impe·
2020 1768 2021 1801 r

309 1856 394 1917 aliud
407 1857 530 1920 easdem
546 1858 580 1918 in
593 1856 669 1918 duas
684 1874 830 1937 personas
848 1856 985 1918 dividere
1001 1862 1074 1917 ten·
1125 1855 1256 1931 tibilem,
1272 1856 1497 1935 incorruptum,
1514 1857 1736 1933 immortalem,
1751 1860 1899 1920 omnium

311 1967 405 2030 quam
419 1949 616 2011 diversas“.n
634 1949 955 2029 Exquibusapparet‚
970 1948 1079 2027 quenti
1128 1947 1291 2026 opificem3
1306 1951 1340 2009 at
1363 1949 1534 2009 seeundum
1561 1950 1662 2009 caruis
1687 1949 1798 2029 ipsius,
1827 1971 1900 2013 nos·

310 2042 462 2102 momenti
476 2040 515 2101 sit
528 2041 671 2102 babendo
684 2040 871 2101 nostrahaec
884 2039 1078 2101 animadver-
1127 2047 1271 2119 tramque
1298 2048 1454 2115 naturam,
1485 2042 1631 2102 eumdem
1652 2059 1717 2103 esse
1743 2051 1898 2122 creatum,

311 2133 356 2192 sio
371 2138 463 2212 atque
476 2133 595 2211 regula,
618 2134 651 2194 in
664 2151 728 2212 qua
750 2132 934 2193 vindicanda
955 2137 1079 2193 tantum
1128 2132 1298 2211 patibilem,
1329 2135 1608 2213 circumscriptum,
1633 2134 1900 2214 comprehensibi-

311 2225 433 2286 sudavit
448 2225 592 2305 Cyrillus.
1128 2224 1213 2299 lem3
1230 2224 1376 2286 eumdem
1398 2226 1539 2304 quidem,
1562 2226 1616 2286 sed
1637 2232 1702 2288 noir
1723 2229 1900 2290 meandum

352 2322 467 2378 Auctor
480 2317 676 2397 expositionis
687 2315 771 2398 fidei,
783 2334 852 2395 quae
872 2315 995 2376 lustina
1009 2334 1079 2394 per·
1128 2317 1221 2385 idem,
1245 2321 1371 2396 propter
1389 2317 1453 2393 illa,
1477 2316 1652 2397 exquibus,
1677 2323 1708 2379 et
1731 2320 1765 2380 in
1786 2321 1901 2400 qtribus

312 2408 619 2489 peramadson'bitur,
629 2409 667 2472 de
677 2409 838 2470 contrariis
846 2408 971 2469 vocibus
980 2426 1080 2469 unum
1129 2407 1354 2471 hebetasset»
2020 2454 2021 2491 ,

312 2501 346 2561 in
377 2500 488 2561 Filium
515 2500 631 2562 collatis
661 2502 761 2563 simile
793 2500 846 2562 dat
879 2505 1079 2579 praeceptum.
1171 2500 1222 2560 Sic
1242 2498 1457 2573 Ambrosius¹,
1477 2500 1548 2560 cUt
1570 2499 1665 2561 homo
1687 2500 1830 2581 loquitur
1845 2527 1855 2578 3
1868 2509 1902 2564 ut
2020 2494 2021 2519 ³

317 2593 472 2665 «Quando
489 2594 670 2668 contraries,
691 2594 745 2661 ait,
762 2592 800 2652 de
820 2610 884 2652 uno
898 2592 974 2652 Filio
992 2609 1082 2652 voces
1129 2590 1225 2653 bomo
1237 2590 1381 2651 turbatur
1394 2612 1401 2651 ι
1413 2591 1552 2651 uthomo
1562 2590 1616 2651 flet
1632 2611 1639 2651 :
1654 2593 1794 2654 utbomo
1805 2597 1902 2657 cruci·
2020 2634 2021 2675 ,

312 2685 429 2758 audies,
447 2690 654 2763 congruenter
667 2703 714 2755 ea,
732 2702 802 2763 que
814 2684 973 2757 dicuntur,
989 2690 1080 2744 natu·
1130 2682 1246 2761 figitur.
1259 2704 1275 2741 ν
1288 2684 1326 2742 Et
1339 2682 1437 2757 edibi2,
1457 2704 1473 2741 ιι
1482 2684 1676 2762 Resurgebat
1685 2682 1781 2762 igitur
1793 2705 1902 2749 secam
2020 2682 2021 2695 ²

313 2777 356 2837 ris
368 2776 518 2839 distribue
534 2798 542 2837 ι
558 2777 630 2837 utsi
644 2777 719 2856 quid
727 2776 879 2856 amplum,
892 2794 927 2836 ac
941 2774 1080 2836 divinum
1131 2775 1206 2835 dum
1226 2793 1362 2850 carnem,
1387 2794 1457 2853 quse
1479 2781 1601 2836 mortua
1625 2778 1794 2837 ressurexit
1811 2798 1820 2838 r
1836 2798 1901 2841 uon
2020 2806 2021 2817 ι

314 2875 370 2943 est,
384 2870 520 2949 assignes
534 2869 648 2930 ι11ν11ιεο
668 2874 809 2943 naturae;
824 2868 874 2928 sin
888 2883 1000 2947 parum
1022 2872 1078 2940 est,
1130 2867 1311 2945 resurgebat
1338 2868 1510 2928 secundum
1537 2867 1675 2929 Verbum
1698 2889 1705 2929 ε
1727 2871 1813 2948 quod
1837 2890 1901 2931 non

314 2967 346 3022 et
357 2962 541 3036 humanum,
556 2966 677 3023 naturae
690 2960 826 3022 hominis
838 2959 1001 3020 adscribas.
1018 2960 1083 3020 Hoc
1130 2958 1301 3019 resolutum
1320 2958 1421 3019 fueret
1432 2960 1465 3019 in
1479 2966 1606 3035 terram,
1628 2960 1680 3020 sed
1695 2962 1777 3039 apud
1802 2963 1901 3024 Deum

315 3055 399 3116 enim
419 3055 512 3115 modo
531 3060 599 3115 tum
616 3071 731 3114 vocum
749 3051 972 3113 dissonantiam
991 3051 1084 3113 evita-
1131 3069 1253 3130 semper
1267 3052 1423 3112 manebat.
1439 3053 1521 3131 Ergo
1538 3057 1569 3114 et
1582 3052 1771 3113 moriebatur
1791 3073 1901 3116 secun·

314 3146 380 3220 bis;
394 3146 471 3206 dum
484 3162 679 3225 unaqueque
698 3144 782 3224 quod
804 3144 935 3204 insitum
957 3143 1015 3205 sibi
1037 3149 1084 3203 est
1131 3143 1207 3203 dum
1232 3148 1346 3203 nostrae
1369 3144 1597 3223 susceptionem
1618 3153 1760 3220 naturae3
1781 3153 1813 3206 et
1838 3167 1901 3209 non

316 3244 426 3299 natiue
448 3237 579 3318 recipit:
597 3243 666 3297 tum
692 3254 790 3297 unum
818 3236 930 3297 Filium
957 3241 1083 3297 etanta
1133 3235 1324 3296 moriebatur
1346 3236 1518 3298 secundnm
1544 3242 1668 3298 aeternae
1695 3238 1902 3302 substantiam

315 3330 438 3407 saecula,
454 3336 485 3391 et
501 3348 609 3391 recens
629 3329 747 3389 editum
770 3328 941 3389 meandum
963 3328 1084 3389 divinas
1131 3329 1214 3400 vitre,
1230 3348 1245 3385 a
1263 3332 1321 3389 etc.

317 3423 491 3502 Scripturas
504 3419 729 3483 confiteberisl.
746 3442 762 3477 ι)
1174 3419 1308 3480 Hilarius
1330 3420 1364 3480 iu
1385 3420 1463 3481 libro
1487 3422 1621 3498 decimo,
1636 3422 1698 3483 late
1717 3428 1902 3485 naturarum
2020 3400 2021 3457 l

356 3515 442 3574 VIIl.
470 3515 535 3576 Mos
571 3521 616 3575 cst
646 3519 752 3575 autem
786 3513 987 3591 antiquorum
1021 3512 1085 3574 iere
1133 3514 1259 3592 propria
1278 3513 1423 3589 duarum,
1445 3519 1476 3574 et
1496 3533 1566 3593 quae
1585 3513 1716 3593 singulis
1737 3516 1903 3577 tribuenda
2020 3588 2021 3615 ρ

317 3607 455 3683 Petrum,
485 3607 526 3667 ad
549 3606 709 3666 haereticas
735 3604 886 3666 mvendas
921 3605 1082 3681 versutias,
1133 3606 1207 3679 sint,
1223 3604 1366 3683 explicat.
1382 3610 1414 3665 et
1426 3606 1507 3667 inter
1530 3607 1590 3668 elia
1608 3627 1615 3666 ε
1635 3608 1723 3667 «Per
1745 3608 1806 3668 boo
1828 3627 1903 3687 ergo

317 3717 389 3760 cum
417 3718 487 3780 qua
515 3699 571 3759 uni
599 3712 718 3760 naturae
740 3697 965 3775 convenientia,
985 3696 1085 3758 aliena
1133 3696 1214 3757 etde
1228 3696 1305 3757 coelo
1320 3697 1487 3773 descendit,
1505 3703 1538 3758 et
1551 3699 1860 3775 illiusbominisest3
1875 3706 1903 3762 et

317 3798 421 3853 autem
436 3792 592 3866 abaltera,
608 3791 646 3851 de
660 3789 970 3869 Christopraedicant,
986 3790 1086 3850 nomi·
1133 3788 1167 3849 in
1188 3788 1271 3849 coelis
1294 3794 1358 3865 est;
1373 3791 1445 3869 quia
1459 3790 1598 3852 Verbum
1618 3809 1690 3851 earo
1702 3791 1820 3853 lectum
1842 3811 1902 3854 non

317 3885 417 3947 natim
430 3901 499 3946 sam
508 3885 680 3963 concipere,
693 3882 783 3961 cujus
796 3881 848 3942 illa
860 3883 985 3961 propria
999 3887 1082 3956 sunt,
1133 3881 1279 3942 amberat
1287 3899 1415 3943 manere
1424 3883 1508 3961 quod
1521 3883 1659 3944 Verbum
1669 3891 1724 3945 est.
1737 3884 1821 3945 Nam
1829 3885 1902 3945 dum

318 3981 350 4039 et
362 3982 489 4057 propter
502 3994 597 4059 quam
617 3975 656 4036 de
669 3974 723 4035 illo
740 3980 805 4035 toto
826 3973 973 4034 dicuntur
988 3994 995 4034 r
1010 3992 1087 4053 prae-
1134 3973 1272 4034 Verbum
1285 3979 1341 4046 est,
1357 3974 1434 4035 etin
1448 3974 1532 4035 coelis
1546 3981 1610 4036 est:
1627 3975 1703 4036 dum
1717 3994 1792 4037 caro
1807 3982 1865 4050 est,
1874 3984 1903 4037 et

318 4069 425 4131 sertim
438 4086 511 4130 cum
524 4068 679 4142 indecora,
695 4071 726 4126 et
735 4066 862 4144 indigne
875 4070 961 4125 tenta
975 4065 1085 4144 majes·
1134 4066 1269 4126 hominis
1281 4066 1364 4127 tilius
1377 4071 1423 4127 est
1437 4086 1445 4128 ι
1460 4068 1536 4128 dum
1550 4068 1689 4129 Verbum
1703 4074 1749 4129 est
1762 4068 1905 4129 camina

318 4161 424 4222 tatein
437 4177 615 4222 sermonem
626 4159 780 4220 incidunt.
795 4157 850 4217 Cui
863 4157 1003 4217 serviunt
1020 4160 1085 4219 istae
1135 4163 1214 4234 tum,
1229 4163 1259 4219 el
1271 4158 1309 4218 de
1328 4158 1405 4219 coelo
1424 4164 1480 4234 ost,
1496 4165 1528 4220 et
1549 4159 1632 4220 filius
1651 4161 1789 4222 hominis
1802 4169 1859 4234 est,
1873 4166 1904 4221 et
2020 4212 2021 4221 ,

318 4254 449 4330 voculae,
475 4261 549 4329 κατὰ,
575 4258 610 4314 ut
618 4259 681 4315 κατὰ
690 4259 733 4328 τὴν
744 4258 919 4331 &vaporante
945 4250 1086 4310 :Latinis
1136 4250 1170 4310 in
1191 4249 1267 4311 coelo
1290 4255 1346 4311 est.
1362 4272 1377 4308 n
1396 4250 1513 4325 Quibus
1535 4251 1637 4314 verbis
1660 4254 1854 4327 summatim,
1874 4257 1904 4313 et

356 4470 377 4510 a
395 4456 505 4510 οοιιοο.
531 4460 598 4509 tom.
623 4454 656 4525 v,
671 4466 729 4524 ρο.
754 4451 788 4507 ιι.
808 4449 916 4522 ὀοοροο
939 4450 965 4503 u
987 4448 1038 4504 εοοο
1057 4451 1086 4504 οι
1172 4450 1272 4505 acan.
1292 4448 1462 4522 οιοοοομοοος
1489 4449 1515 4505 οι
1540 4450 1676 4523 amau
1698 4452 1729 4507 οι
1751 4457 1795 4520 τε,
1817 4453 1903 4507 raas

319 4544 407 4610 φωνῶν
422 4535 509 4591 ebera
523 4536 649 4609 διαφορὰν,
664 4537 705 4589 καὶ
718 4535 839 4606 ἕτεροντὸ
857 4534 962 4607 μερίζειν
972 4534 1015 4587 too
1028 4551 1088 4604 προ-
1135 4534 1232 4605 σαρκὸς,
1246 4534 1331 4588 παθεῖν
1341 4535 1439 4605 λέγεται
1448 4533 1480 4588 τὸ
1488 4533 1550 4587 nard
1563 4535 1704 4607 adfirmasti
1717 4555 1757 4590 τοι
1766 4541 1811 4590 τοῦ
1820 4537 1903 4590 ποθεῖν

318 4622 420 4685 coinon,
431 4621 465 4681 ὣς
479 4618 565 4692 ἑτέρῳ,
579 4619 620 4672 καὶ
629 4619 714 4691 ἑτέρῳ.
1135 4616 1281 4688 ἀπείραστος
1292 4619 1340 4683 ὢν,
1355 4617 1414 4670 καθὸ
1428 4621 1519 4672 νοεῖται
1528 4618 1589 4680 θεὸς.

355 4704 496 4759 diosna.
515 4701 592 4757 Ὅταν
609 4696 651 4755 oin
666 4701 770 4775 ἀκοθσρς
781 4700 835 4773 nspl
851 4705 895 4755 τοῦ
910 4698 962 4763 ἑνὸς
976 4700 1030 4754 υἱοῦ
1044 4698 1088 4761 τὸς
1169 4699 1191 4754 d
1209 4701 1312 4757 Maxim.
1333 4701 1379 4753 Καὶ
1392 4701 1454 4754 κατὰ
1469 4700 1512 4773 μὲν
1527 4699 1570 4768 τὴν
1585 4699 1671 4755 ἑαυτοῦ
1685 4702 1747 4774 πρὸς
1760 4701 1801 4755 τὸν
1812 4703 1903 4773 πατέρα

320 4786 428 4848 bealae
439 4784 530 4856 φωνάς,
545 4785 704 4852 καταλλήλως
720 4785 801 4858 μέριζε
812 4786 864 4846 ταῖς
877 4783 960 4854 φύσεσι
971 4783 1004 4836 τὰ
1016 4784 1088 4854 lapd-
1134 4780 1203 4853 pion
1220 4802 1255 4846 τε,
1272 4784 1313 4849 καὶ
1327 4783 1421 4847 obolos,
1437 4784 1560 4850 ἀντιστον,
1578 4783 1693 4856 ἀόρατον,
1712 4784 1900 4857 ἀτερ1γραπτον,

320 4890 390 4946 pern.
415 4872 443 4924 ἀν
458 4870 521 4941 μέγα
543 4888 577 4935 τι,
592 4868 633 4921 καὶ
647 4867 727 4930 θεῖον,
742 4871 772 4941 τῇ
786 4867 837 4939 θείᾳ
850 4868 918 4938 priori
932 4867 1085 4939 προσνέμων·
1135 4862 1319 4929 ἀναλλοίωτον,
1341 4867 1473 4938 ἄτρεπτον,
1498 4866 1587 4934 ἀπαθῆ,
1612 4867 1742 4939 ἄφθαρτον,
1770 4867 1900 4933 ἀθάνατον,

320 4959 349 5011 ἀν
358 4956 386 5010 di
399 4973 422 5009 τι
436 4954 532 5027 μικρὸν,
546 4953 587 5006 καὶ
602 4951 810 5024 crepitationes
832 4949 968 5023 ἀνθρωπίνῃ
986 4950 1088 5021 lofrid·
1135 4950 1283 5021 δημιουργὸν
1298 4956 1348 5003 τῶν
1362 4952 1470 5004 πάντων·
1488 4950 1551 5005 aar&
1564 4948 1590 5003 δὲ
1604 4950 1648 5019 τὴν
1663 4955 1707 5018 τῆς
1719 4950 1807 5021 σαρκὸς
1827 4950 1901 5004 αὐτοῦ

320 5059 400 5113 μενος·
415 5037 480 5093 otro
501 5035 548 5109 γὰρ
570 5035 611 5089 καὶ
632 5035 662 5088 τὸ
680 5040 729 5089 τῶν
750 5038 838 5103 φωνῶν
860 5031 1021 5105 ἀσυθριφωνον
1035 5033 1088 5084 διοι-
1135 5032 1215 5102 priore,
1231 5033 1271 5087 anl
1284 5032 1404 5106 ἡμετέραν
1419 5033 1460 5087 τὸν
1480 5033 1553 5089 αὑτὸν
1576 5034 1683 5097 κτιοτὸν,
1702 5033 1818 5102 παθητὸν,
1835 5052 1901 5105 περι·

319 5121 402 5195 ρεθξῃ,
427 5121 528 5187 ἑκάστης
553 5120 569 5172 ἀ
595 5119 684 5190 πέφυκε
706 5117 841 5189 δεχομένης
864 5116 965 5188 pictor·
981 5115 1021 5168 nal
1045 5114 1086 5168 τὸν
1134 5115 1252 5187 γραπτὸν,
1268 5118 1393 5189 χωρητθν,
1407 5116 1449 5171 τὸν
1463 5116 1536 5171 αὐτὸν
1553 5115 1607 5189 μὲν,
1620 5114 1648 5170 οὗ
1672 5116 1735 5172 nard
1753 5115 1852 5171 τὸωθτὸ
1864 5114 1899 5182 st,

319 5205 372 5259 aibr
386 5205 428 5259 τὸν
443 5205 495 5274 ἕνα,
516 5203 558 5256 καὶ
577 5201 626 5274 πρὸ
646 5202 744 5256 πάντων
759 5197 866 5266 αἰώνων,
881 5200 922 5253 καὶ
945 5200 1086 5272 πρόσφατον
1135 5198 1175 5254 διὰ
1188 5201 1219 5254 τὸ
1231 5198 1255 5261 ἐξ
1268 5195 1313 5266 ὧν,
1328 5199 1369 5254 καὶ
1381 5196 1406 5254 ἀν
1416 5195 1454 5264 οἷς
1467 5202 1496 5256 τὸ
1508 5195 1570 5256 εἶναι
1584 5199 1647 5275 ἔχει.

263 5308 265 5313 ·
319 5288 383 5344 κατὰ
395 5288 439 5351 τὸς
452 5288 517 5350 θείοις
529 5286 623 5360 ypepis<
637 5285 809 5358 ὁμολογήσεις.
1099 5293 1101 5297 ’

346 5474 359 5518 t
374 5472 422 5519 tlt.
435 5473 454 5518 ll
468 5470 494 5517 cle
504 5472 556 5517 noc
568 5481 588 5517 c.
599 5470 708 5515 urin-t
720 5468 767 5516 Lib.
779 5470 806 5513 de
816 5471 863 5521 bro,
871 5481 890 5515 o.
901 5480 921 5512 ι.
