4072 6164
553 340 604 402 DE
623 338 927 415 INCARNATIONE,
949 341 1024 403 LIB.
1062 342 1101 419 V,
1124 341 1209 404 OAP.
1232 343 1285 404 tv.
1647 346 1710 407 'tes

128 520 224 583 quem
236 502 272 565 in
292 501 452 565 Trinitatis
469 503 594 566 laudem
613 504 750 567 coelestes
763 505 808 567 illi
821 505 896 568 ccci·
944 505 1023 581 tino,
1039 524 1075 567 ac
1094 506 1264 568 Manicheo
1282 506 1425 568 convenit
1427 505 1501 586 ,qui
1519 505 1712 570 divinitatem

127 600 245 656 nerunt
258 595 395 675 spiritus,
409 597 448 657 ad
462 597 564 658 solum
582 597 734 680 redegisse
748 597 874 659 Filium.
946 603 1122 678 corruptam
1154 598 1411 678 inquinatamque
1451 599 1605 659 dicebant
1645 600 1711 662 lice

0 701 74 796 ιιι
168 688 227 747 IV.
247 688 320 749 llaec
342 692 415 748 sunt
434 698 556 750 venena
576 695 710 768 quatuor
729 688 897 793 impietatis
945 690 1067 766 modos,
1082 694 1206 758 πολυθιια,
1233 690 1293 750 hoc
1324 695 1371 751 est
1401 689 1563 751 multitudo
1591 689 1711 751 deorum

21 807 104 851 a,
128 777 304 855 heretice,
339 797 409 859 que
436 780 493 841 sub
520 780 574 842 illa
597 780 728 859 Trisagii
751 779 897 842 carminis
945 780 1125 842 adstruitur.
1143 781 1189 841 Ad
1201 783 1262 843 hoc
1275 787 1421 861 quartum
1437 782 1604 861 impietatis
1617 787 1711 861 'caput

13 870 89 968 Ἦ,
128 870 365 949 depravatione,
394 877 425 933 et
449 871 618 953 appendice
643 871 728 934 Petri
761 871 897 933 Fullonia
944 873 1083 935 referunt
1095 872 1180 934 Fcbx
1193 878 1224 935 et
1238 874 1367 934 Aeacius
1381 874 1498 935 dictum
1512 873 1601 949 illud,
1627 873 1711 935 Unus

58 960 238 1065 latere,
253 962 400 1024 Catholici
420 963 786 1045 deprehenderuntsrmo
808 963 897 1043 quin·
945 963 980 1025 de
994 964 1257 1045 Titndotepcssus
1268 973 1329 1026 est
1338 971 1476 1045 utsupra
1488 965 1708 1026 demonstravi

58 1026 202 1135 Lqne,
218 1061 371 1134 maternus
390 1056 429 1116 ad
448 1055 549 1117 solum
568 1056 692 1133 Filium,
717 1054 897 1134 Argolicum
945 1056 1249 1137 Deniquequetenus
1265 1063 1366 1118 totum
1389 1056 1466 1117 illud
1488 1074 1614 1119 carmen
1636 1072 1711 1118 cum

124 1146 189 1208 boc
205 1164 331 1209 carmen
350 1147 523 1227 applicavit.
544 1147 596 1210 Sic
615 1147 770 1209 Aeacius
760 1166 795 1207 m
816 1147 898 1227 epis·
944 1148 1112 1228 appendice
1126 1166 1192 1222 sua,
1203 1149 1237 1209 in
1250 1149 1363 1209 Frhum
1373 1148 1509 1228 redegit
1524 1155 1593 1210 tum
1602 1148 1712 1211 iisdem

127 1239 193 1300 tola
206 1237 230 1311 ¹,
267 1240 356 1319 cuijus
386 1257 480 1320 supra
513 1239 737 1315 meminimus3
767 1240 897 1301 Faustus
945 1240 1045 1301 modis
1057 1240 1205 1320 peccavit,
1221 1240 1292 1320 quia
1305 1241 1407 1302 solum
1426 1241 1570 1303 eumdem
1591 1242 1710 1320 passio·

49 1386 52 1390 .
126 1330 352 1410 Apolloniadis,
361 1330 544 1412 Pamphilus
552 1331 741 1412 Abydenus;
756 1331 897 1393 lustinus
945 1331 1004 1404 nis,
1019 1350 1055 1393 ac
1068 1333 1178 1393 mortis
1199 1333 1321 1412 legibus
1343 1332 1513 1394 obnoxium
1534 1332 1619 1406 iecit,
1645 1333 1712 1396 sine

128 1422 254 1497 Sicilire,
282 1423 426 1504 episcopi.
441 1424 631 1501 Quiomnes,
646 1425 739 1485 Petro
752 1423 896 1503 Cnapheo
945 1425 1009 1486 ulla
1029 1423 1140 1496 camis,
1166 1429 1198 1486 et
1216 1424 1365 1486 humanae
1389 1432 1509 1487 naturae
1532 1424 1709 1501 mentione;

126 1514 319 1594 multiplices
353 1534 473 1577 errores
504 1517 691 1589 attribuunt,
727 1515 894 1593 Valentini,
946 1517 992 1578 uti
1010 1534 1119 1595 passus
1146 1534 1238 1578 carne
1264 1516 1323 1578 dici
1344 1522 1458 1597 posset,
1485 1517 1569 1597 quod
1590 1517 1712 1579 Anthea

126 1607 307 1681 Marcionis,
320 1607 642 1686 Manichaei,Sabcllii,
656 1607 742 1669 Pauli
756 1609 897 1669 Samosa·
948 1610 1098 1671 Arsenoes
1129 1609 1289 1689 episcopus
1321 1608 1461 1669 observat
1475 1607 1510 1684 ⁶3
1534 1615 1604 1670 tum
1636 1627 1711 1670 vero

124 1698 204 1776 teni,
227 1705 259 1761 et
275 1698 411 1775 Photini,
434 1700 512 1776 Arii,
535 1699 730 1780 Apollinaris,
752 1698 895 1777 Nestorii,
946 1699 1102 1779 sacrilege,
1115 1719 1152 1761 ac
1164 1701 1309 1762 scelerate
1330 1701 1484 1780 hymnum
1504 1700 1603 1769 illum,
1618 1717 1712 1780 quem

125 1790 288 1871 Eutychis,
312 1810 390 1871 quos
407 1791 563 1871 sigillatim
581 1791 624 1853 sic
650 1791 894 1853 accommodant.
945 1797 992 1852 tot
1006 1797 1077 1853 ante
1098 1791 1218 1853 saeculis
1240 1792 1356 1853 mutari
1370 1792 1409 1852 ab
1426 1792 1617 1872 Serapbimls
1638 1794 1712 1854 Pro·

126 1882 274 1945 Primum
294 1902 357 1962 qua
378 1883 517 1964 personis
539 1883 640 1944 tribus
665 1883 777 1963 passio,
806 1890 837 1945 et
862 1883 897 1944 in
945 1884 1038 1963 pheta
1052 1884 1305 1961 Isaiasaudierat,
1324 1889 1355 1944 et
1371 1890 1420 1945 ter
1437 1883 1472 1944 in
1489 1902 1526 1945 eo
1549 1885 1713 1963 repetitam

125 1992 221 2036 cruce
248 1974 409 2054 suspensio
424 1974 596 2055 subjicitur,
611 1974 857 2037 Sabellianorum
870 1974 895 2052 ¹,
948 1975 1057 2037 Sancti
1066 1977 1305 2055 appellationem
1315 1975 1349 2036 in
1359 1993 1454 2036 unam
1464 1993 1629 2054 personam
1640 1994 1713 2037 con·

125 2067 193 2128 sive
235 2067 532 2148 Patripassianorum
572 2067 715 2147 impietas
756 2072 893 2147 apparet.
945 2068 1060 2144 trahit,
1074 2070 1257 2130 uthannes
1278 2069 1484 2129 Damascenus
1507 2066 1564 2127 sub
1587 2068 1711 2130 initium

128 2159 247 2221 Deinde
257 2178 329 2220 cum
337 2159 698 2240 postverbailla,scuctus
709 2158 894 2235 eminortolis,
945 2158 1018 2221 libri
1030 2158 1066 2221 de
1087 2160 1223 2240 Trisupc'o
1241 2160 1381 2241 pluribus
1403 2159 1535 2239 explicat
1545 2179 1553 2235 ;
1570 2165 1600 2220 et
1613 2159 1711 2220 aboli-

125 2250 244 2331 quibus
262 2252 387 2332 proprie
408 2252 540 2333 Spiritus
559 2258 682 2313 sanctus
701 2252 894 2332 exprimitur,
945 2255 1014 2312 tum
1026 2251 1086 2313 hoc
1098 2257 1187 2331 pacto
1202 2252 1299 2313 trium
1321 2269 1534 2332 personarum,
1556 2251 1711 2332 uniusque

126 2344 271 2423 proxime
282 2343 408 2405 additur
419 2364 426 2405 :
438 2345 497 2418 Qui
510 2343 674 2406 crucifixus
688 2362 720 2405 es
728 2361 785 2423 pro
794 2343 895 2420 nobis
946 2348 1065 2405 naturae
1080 2344 1164 2423 quod
1179 2345 1259 2406 inest
1271 2344 1306 2404 in
1318 2345 1372 2406 illo
1386 2344 1533 2420 carmine,
1548 2344 1713 2422 vestigium

127 2440 187 2496 etc.
212 2435 414 2514 significatur,
436 2436 587 2516 Spiritum
609 2441 751 2497 sanctum
773 2452 898 2515 passum
946 2436 1099 2515 queritur.
1112 2436 1209 2497 Addit
1233 2439 1374 2517 insuper,
1395 2436 1570 2515 «adjuncta
1588 2436 1627 2497 ad
1641 2436 1711 2496 Tri·

127 2533 339 2589 acmortuum
352 2545 417 2591 esse
429 2527 588 2608 pronubis
604 2545 611 2587 ι
628 2544 723 2607 quam
736 2526 899 2589 Maricbaei
946 2527 1076 2604 sagium,
1097 2527 1196 2589 crucis
1215 2528 1448 2608 significatione,
1467 2546 1525 2588 nos
1543 2528 1712 2590 hlaroniza·

128 2618 417 2699 opinionem'iuisse
431 2626 560 2682 narrant
573 2619 659 2682 Felix
672 2621 769 2699 Papo,
783 2620 898 2680 ethoa-
945 2630 1034 2681 turos
1064 2629 1162 2682 essee
1178 2640 1194 2679 ι
1210 2622 1258 2681 Ιιι
1291 2622 1356 2682 Lat.
1392 2621 1564 2700 interpres3
1579 2638 1635 2701 pro
1648 2637 1711 2700 quc

128 2711 207 2772 cius.
229 2712 322 2774 Hunc
343 2712 427 2774 enim
450 2712 562 2774 dixisse
583 2711 733 2791 Spiritum
757 2715 897 2772 sanctum
947 2713 1050 2775 Groece
1064 2712 1176 2792 legitur
1187 2721 1371 2794 παροιιιιιμει,
1384 2712 1467 2793 quod
1481 2717 1559 2774 esset
1571 2721 1712 2774 contume-

127 2803 284 2865 columba
298 2803 400 2884 speeie
414 2805 447 2865 in
461 2804 627 2865 Iordanem
646 2801 827 2883 delapsum⁸
844 2821 852 2862 ι
868 2807 899 2862 et
947 2803 1027 2879 tiose,
1040 2812 1068 2865 et
1088 2805 1176 2884 quusi
1182 2822 1242 2886 per
1257 2804 1458 2880 temulentiam
1474 2803 1622 2884 injurium
1642 2823 1709 2867 esse.

128 2913 168 2956 ex
186 2895 275 2975 aquis
288 2913 417 2976 corpore
439 2901 608 2975 assumpto,
633 2894 896 2956 mortemobiisse.
946 2895 1711 2976 AtMorooizcttdivoxaMaronitisSyriaepopulo,

130 2987 281 3065 Sequitur
308 2987 437 3048 tertium
458 2986 493 3048 in
520 2985 746 3065 corrumpendo
771 2985 898 3064 trisagio
947 2987 1002 3067 qui
1014 2988 1165 3049 Libanum
1182 2987 1336 3068 hodieque
1356 2986 1473 3062 incolit,
1492 2986 1610 3049 detlexe
1627 2989 1713 3050 vide·

129 3076 295 3154 flagitium,
308 3078 567 3159 quodduosfilios
577 3078 621 3139 ita
633 3077 810 3152 constituit;
826 3076 900 3138 alte-
945 3084 1018 3154 tur;
1034 3080 1087 3158 qui
1101 3080 1177 3141 olim
1197 3079 1497 3160 Menophysitarum,
1521 3084 1552 3140 et
1573 3079 1714 3160 Theopo-

128 3188 216 3247 rum,
236 3171 291 3251 qui
308 3172 429 3233 medius
448 3171 529 3232 inter
549 3170 672 3231 Patrem
692 3176 722 3231 et
746 3169 899 3247 Spiritum
947 3171 1116 3233 schitarum
1125 3170 1276 3232 laboravit
1284 3172 1464 3247 haercsi3ut
1473 3189 1510 3231 ex
1520 3171 1601 3233 libro
1610 3172 1714 3253 primo

128 3263 259 3343 ponitur
275 3282 283 3322 t
299 3262 443 3340 alterum,
454 3262 508 3343 qui
517 3261 646 3323 seorsim
659 3281 679 3322 a
691 3259 792 3321 tribus
801 3260 900 3322 nomi·
948 3263 1047 3341 capite
1062 3278 1125 3324 xu11
1144 3262 1316 3341 intelliges3
1331 3281 1416 3323 nunc
1432 3280 1506 3323 vero
1521 3268 1586 3323 tam
1604 3263 1716 3325 Catho-

128 3360 241 3431 natus,
273 3373 331 3435 pro
365 3352 455 3415 nobis
488 3372 595 3434 passus
625 3352 797 3415 invocatur.
833 3353 900 3426 Qua
947 3355 1017 3432 lica,
1031 3373 1126 3433 quam
1140 3354 1280 3415 Romana
1289 3353 1566 3430 communione,ac
1574 3352 1634 3416 fide
1642 3372 1713 3416 cen·

128 3447 264 3524 rationu,
292 3465 349 3527 pro
368 3455 457 3528 τριάδι,
472 3453 568 3526 τετρὰς,
584 3445 617 3506 id
643 3450 689 3506 est
717 3463 774 3523 pro
800 3444 899 3506 tribus
949 3451 1043 3523 satur,
1060 3445 1113 3525 qui
1126 3446 1186 3508 hoc
1203 3464 1321 3507 nomen
1342 3444 1495 3507 obtinent.

130 3541 283 3619 personis,
313 3538 425 3600 divinae
449 3543 582 3617 quatuor
601 3537 802 3612 invehuntur,
827 3554 899 3616 quae
991 3539 1027 3599 V.
1041 3538 1115 3599 lloec
1123 3537 1157 3598 in
1166 3537 1295 3618 Trisagii
1307 3537 1476 3618 appendice
1484 3542 1604 3615 notata,
1615 3557 1717 3620 repre·

131 3638 179 3692 est
193 3631 361 3703 Arthemae,
375 3628 463 3690 Pauli
484 3628 689 3704 Samosatam,
702 3628 840 3706 Photini,
864 3647 900 3690 ac
948 3630 1106 3711 benseque
1139 3631 1179 3692 ab
1213 3630 1375 3692 Catholicis
1408 3648 1551 3692 errorum
1585 3631 1714 3707 semina,

131 3722 267 3783 Nestorii
280 3721 415 3784 heresis.
431 3721 591 3801 Siquidem
605 3725 715 3800 quarta
728 3721 901 3801 hypostasis
949 3722 1048 3802 magis
1067 3722 1108 3784 ad
1130 3721 1319 3802 corruptoris
1342 3728 1481 3784 mentem
1502 3721 1630 3783 venenis
1652 3722 1718 3783 istis

131 3813 230 3892 illius,
243 3814 297 3895 qui
310 3832 418 3894 passus
430 3819 487 3890 est,
509 3813 681 3892 adjicienda
700 3813 809 3890 tribus,
830 3831 900 3892 quas
950 3814 1173 3890 automnibns,
1191 3821 1246 3874 aut
1264 3813 1449 3894 quibusdam
1469 3813 1620 3875 imbutam
1640 3813 1718 3875 rele-

131 3906 242 3986 utique
274 3912 362 3967 extra
394 3905 604 3967 conditionem
637 3910 709 3966 sunt
739 3903 898 3983 passionis,
950 3906 1047 3968 renda
1058 3911 1142 3981 sunt,
1158 3923 1253 3985 quam
1275 3906 1315 3967 ad
1336 3907 1436 3986 ipsam
1457 3905 1625 3966 verborum
1643 3923 1718 3968 con-

132 4002 229 4078 atque
246 3996 366 4073 mortis,
386 4003 418 4058 et
429 3996 484 4058 illa
502 4002 609 4058 tamen
628 3996 694 4056 istis
713 4013 900 4058 annumera·
951 3997 1223 4077 captionemque
1236 3997 1387 4059 vindicari
1399 4015 1454 4075 per
1468 4015 1501 4058 sc
1512 3997 1600 4059 facile
1616 4003 1720 4078 posset

132 4096 186 4151 tur
198 4110 206 4150 ι
218 4089 367 4169 quoniam
380 4088 434 4169 qui
446 4106 552 4169 passus
565 4093 622 4164 est,
632 4088 738 4168 utique
749 4090 831 4151 lleus
843 4093 902 4151 est.
950 4089 990 4150 ab
1003 4089 1166 4169 multiplici
1186 4089 1245 4150 hac
1264 4087 1382 4149 invidia
1403 4088 1618 4151 dissidentium
1637 4088 1719 4149 invi·

134 4183 252 4256 Quarto
263 4181 340 4243 dum
353 4180 393 4242 ad
406 4180 504 4241 solam
523 4179 689 4241 secundam
710 4180 780 4241 Filii
796 4198 923 4261 perso,
942 4198 1019 4242 ‘cem
1034 4182 1203 4257 hereseon,
1218 4198 1295 4260 quas
1307 4180 1401 4241 simul
1415 4181 1576 4261 complecti
1587 4180 1716 4242 dicitur:

133 4292 210 4336 nam
219 4273 375 4353 pertinere
383 4272 452 4333 vult
460 4271 665 4335 accessionem
675 4271 760 4333 illam
773 4271 900 4352 trisagii,
952 4274 998 4334 uti
1011 4279 1118 4353 postea
1131 4271 1294 4334 constabit.

134 4366 261 4428 etham
272 4365 370 4427 solam
383 4364 497 4444 excipit
509 4363 549 4425 ed
562 4363 723 4444 passionis,
733 4364 903 4444 mortisque
992 4364 1074 4425 Illud
1092 4382 1167 4426 vero
1190 4363 1321 4425 minime
1344 4363 1510 4426 tacendum
1543 4368 1600 4441 est,
1635 4362 1720 4444 quod

19 4515 21 4520 .
98 4504 107 4519 .
134 4457 345 4533 tolerantiam,
359 4456 545 4517 Trinitatem
562 4455 709 4524 dissolvit,
729 4460 799 4518 etet
809 4463 903 4535 ipset·
952 4453 1321 4536 Asclepiadesffrallensis
1328 4457 1490 4537 episcopus
1502 4455 1621 4517 notavit
1629 4455 1719 4517 initio

58 4572 65 4583 ·
136 4576 193 4612 ιιιι
209 4549 330 4624 evertit,
345 4546 423 4624 Arii,
438 4551 469 4608 et
482 4546 667 4626 Apollinaris
678 4546 832 4627 exemplo,
847 4564 905 4609 nec
953 4546 1091 4627 epistolas
1104 4568 1113 4624 3
1128 4549 1255 4609 Petrum
1266 4547 1429 4609 Fullonem
1442 4548 1501 4609 hac
1517 4547 1638 4609 ratione
1650 4544 1721 4608 inci·

135 4659 203 4702 non
216 4639 376 4720 Eutychis.
391 4639 471 4702 Nam
485 4637 557 4700 Filii
583 4637 785 4700 substantiam
804 4638 904 4718 ipsam
953 4657 1014 4700 nus
1035 4656 1128 4703 suum
1148 4658 1318 4718 excusasse,
1342 4639 1426 4720 quod
1445 4640 1590 4702 adversus
1612 4640 1721 4702 Nesto·

135 4740 167 4795 et
178 4729 351 4813 patibilem,
372 4736 405 4792 et
423 4728 586 4791 mortalem
598 4728 691 4804 iacit3
707 4730 796 4809 quod
810 4735 905 4809 negat
955 4730 1037 4791 rium
1051 4732 1256 4794 necessariam
1272 4731 1330 4793 sibi
1340 4732 1437 4793 visam
1447 4732 1617 4794 clausulam
1630 4732 1722 4794 istam

135 4825 176 4887 de
190 4823 312 4886 duabus
326 4822 404 4884 allis.
420 4823 455 4884 ln
468 4821 635 4901 quostiam
647 4820 777 4901 illiqum
790 4820 904 4883 Valen-
954 4822 1079 4901 diceret,
1094 4823 1147 4903 qui
1170 4824 1209 4884 ab
1235 4822 1346 4885 Christi
1374 4823 1529 4904 passione,
1558 4843 1594 4887 ec
1621 4827 1721 4887 morte

133 5046 428 5119 imbutemllbput,
441 5046 547 5118 Χριστὸν
562 5043 624 5117 μετὰ
637 5043 666 5098 τὸ
677 5042 795 5098 ἀθάνατοι
807 5047 904 5116 πνεῦμα
988 5059 1010 5101 a
1027 5044 1143 5101 Dlursc.
1167 5043 1215 5100 lib.
1240 5043 1279 5101 de
1303 5048 1420 5118 Trisaq.
1444 5042 1529 5117 Ἦμιις
1546 5046 1720 5119 παροιιισομιι

134 5131 221 5195 Μαι
239 5130 446 5204 ὖπψῑμῑιηῑὲιᾱῑ
460 5128 490 5183 τὸ
502 5128 589 5193 πάθοι,
604 5125 666 5189 titt&
682 5126 847 5199 Σαμοσατεῖκ,
862 5125 903 5180 καὶ
952 5125 1024 5199 (leg.
1043 5127 1239 5201 Mupuulcopau)
1258 5125 1300 5182 tto
1320 5129 1463 5202 προσθῶμεν
1478 5133 1515 5200 τῷ
1535 5128 1661 5202 ιρισαγιῳ
1675 5127 1720 5196 τὴν

133 5216 272 5289 Νεστόριος
284 5213 326 5269 τὸν
340 5213 383 5267 ἵνα
391 5211 443 5266 ullu
458 5212 599 5285 διχάζοντις
609 5209 641 5274 εἰς
654 5209 731 5264 ttae
743 5210 814 5265 υἱῶν.
953 5210 1101 5283 σταύρωσιν.

163 5415 176 5456 1
190 5409 254 5458 liud
264 5410 318 5454 zon.
330 5404 521 5461 bcmmlsguntur
529 5414 593 5461 cp·
603 5402 618 5447 t
627 5402 703 5448 Faust.
715 5400 797 5447 ιιι-3
809 5400 876 5450 ana
888 5406 910 5446 st
918 5401 1015 5448 Falin—
1028 5399 1043 5445 l
1056 5402 1120 5460 Apud
1138 5402 1190 5448 zen.

297 5487 375 5549 Tou.
396 5484 436 5547 V.
