4078 6162
538 318 913 393 ressuscitationis,
936 318 1008 381 itti.
1030 320 1081 391 lV,
1108 319 1192 384 GAP.
1215 324 1274 383 111.
1637 324 1698 386 483

110 476 296 543 υσίιὶοσσιυ.
309 476 370 543 Ubi
378 478 543 561 hypostases
555 496 613 561 pro
627 483 881 562 sarmatasque
929 496 993 544 una
1013 484 1170 565 quapiam
1190 490 1269 548 esset
1281 485 1315 547 in
1329 485 1450 548 Christo
1464 487 1514 549 sel
1527 489 1700 568 compositu

109 572 236 653 accipit.
257 573 358 633 Instat
378 586 454 652 ergo
468 573 690 642 Theodoretus,
707 580 738 636 et
756 592 827 636 cnm
841 576 881 636 nb
930 580 1053 638 natura.
1070 578 1130 639 Sed
1142 578 1217 640 huie
1230 578 1332 640 solum
1346 579 1506 642 consulere
1527 579 1636 657 voluit,
1658 596 1700 643 ne

110 662 231 746 cyrillo
253 663 449 742 transposui,
482 664 512 726 id
541 672 588 727 est
612 665 760 727 naturalis
786 667 882 729 unitio
930 673 1089 748 separate,
1105 676 1137 731 et
1149 684 1168 731 a
1181 688 1213 732 se
1226 675 1337 733 mutuo
1351 672 1500 734 distracta
1517 677 1637 734 naturae
1656 672 1701 735 ita

108 756 330 829 mnstituatun
347 755 420 818 inde
432 757 598 833 concludit,
611 758 781 820 necessario
796 759 883 839 sequi
931 759 1097 823 consistere
1114 762 1305 838 siderentur,
1329 768 1364 825 nt
1377 764 1443 826 sola
1456 770 1550 846 σχίσει,
1566 769 1598 826 at
1610 763 1699 844 offec-

108 850 241 924 τιιίμιοιν,
256 848 290 910 id
303 853 350 911 est
361 848 551 911 diuisionem.
567 850 688 912 Etenim
703 870 720 909 u
733 850 883 913 divisione
932 852 1011 914 tione
1022 855 1073 915 rel
1090 853 1273 932 habitudine,
1295 873 1359 917 non
1372 855 1564 919 substantivo
1583 855 1698 936 abque,

108 937 245 1017 mislata,
266 940 398 1021 intelligi
418 956 483 1002 nun
503 946 604 1022 potest
625 942 743 1016 unitio,
767 943 880 1023 inquit.
931 952 961 1007 et
976 964 1074 1007 unum
1088 966 1144 1026 per
1157 965 1190 1010 se
1209 948 1341 1010 faciente
1357 964 1452 1027 nexu,
1467 946 1700 1011 aevineulose·

108 1030 214 1104 eune
227 1032 368 1113 quinquis
384 1033 558 1095 unthonem
577 1033 682 1110 sumit,
695 1034 788 1096 etiam
803 1034 882 1095 divi·
931 1054 1004 1099 cum
1029 1038 1164 1102 invicem
1185 1040 1361 1102 haererent:
1390 1056 1461 1121 quaa
1484 1040 1544 1101 tuit
1568 1040 1701 1103 Nestorii

108 1122 234 1185 sionem
251 1125 391 1186 muniit.
411 1126 552 1200 Quonam
568 1126 663 1204 igitur
682 1127 775 1188 modo
790 1130 883 1208 negat
932 1126 1030 1210 impia
1056 1134 1087 1193 at
1111 1131 1259 1213 sacrilega
1286 1133 1412 1195 haeresis
1437 1154 1445 1194 :
1473 1137 1702 1213 contraquam

108 1212 303 1294 hypostasum,
326 1214 360 1278 id
380 1222 426 1279 est
446 1222 586 1295 naturas,
605 1218 700 1280 dividi
714 1224 856 1300 oportere
873 1238 880 1280 :
931 1220 1081 1301 loquendi
1094 1223 1252 1286 cautiones
1267 1218 1335 1286 illas
1352 1224 1542 1306 compararit
1555 1224 1699 1305 cyrillus.

108 1309 285 1384 prasertim
312 1326 385 1372 cum
412 1310 497 1388 sciat,
524 1316 590 1372 tarn
613 1311 668 1372 Dei
694 1311 789 1372 Verbi
813 1330 884 1391 per·
932 1313 1192 1393 Itaquenonraro
1200 1314 1260 1377 illis
1274 1316 1403 1392 inloeis,
1416 1316 1450 1378 in
1463 1314 1576 1397 quibus
1584 1322 1701 1397 διαίρεσιν
1731 1337 1864 1387 mmm.

108 1396 224 1460 terum
257 1400 448 1481 hypostasim
482 1408 555 1464 ante
588 1403 700 1464 meula
718 1403 882 1478 exstitisse,
932 1404 1077 1485 damnat,
1092 1407 1136 1469 sic
1149 1426 1220 1470 eam
1238 1408 1478 1489 interpretatur,
1492 1415 1529 1470 ut
1543 1414 1703 1489 btassttst

109 1508 209 1570 quum
222 1492 390 1571 perfectum
402 1494 442 1554 ab
451 1492 504 1555 iila
513 1495 593 1556 servi
602 1494 735 1556 turmam
746 1512 885 1576 assump
934 1504 1017 1579 μέρος,
1032 1498 1092 1561 hoe
1112 1506 1159 1562 est
1175 1500 1290 1562 seorsim
1305 1545 1313 1575 ,
1329 1517 1365 1562 ac
1378 1501 1536 1582 separatim
1545 1503 1623 1580 pout
1635 1518 1701 1562 cors·

109 1586 177 1643 tarn
205 1582 330 1646 fuisset
352 1586 519 1665 Psopterea
545 1590 576 1648 et
601 1587 782 1667 hypostases
808 1588 885 1649 dixit
931 1588 1215 1671 stituiquenaturas
1228 1596 1339 1671 negati
1356 1592 1549 1673 exquoduae
1563 1606 1702 1673 personas

111 1671 282 1757 (cyrillus)
312 1692 378 1738 non
400 1677 603 1758 hypostasim.
632 1678 840 1753 Quamobrem
858 1679 884 1741 si
933 1683 965 1741 et
976 1680 1158 1761 hypostases
1176 1683 1348 1745 necessario
1370 1689 1608 1764 consequantur.
1626 1684 1703 1746 Vide

109 1772 247 1847 utraque
269 1773 382 1830 natura
404 1769 540 1850 perfecta
561 1776 618 1846 est,
641 1788 678 1832 ac
691 1772 716 1832 si
729 1771 763 1832 in
784 1786 885 1834 unum
933 1788 1004 1852 qnae
1030 1788 1087 1852 pro
1110 1773 1381 1838 anathematisimo
1405 1793 1461 1837 suo
1483 1776 1574 1837 tertio
1600 1782 1703 1839 eontra

108 1858 214 1921 ambas
239 1868 463 1939 convenerunt,
488 1867 641 1941 quatenns
660 1862 766 1925 dimna
784 1864 885 1925 torma
937 1862 1166 1941 Theodorum,
1205 1871 1236 1927 et
1251 1882 1308 1947 pru
1323 1872 1434 1946 quarto
1448 1865 1583 1928 adversus
1599 1866 1703 1929 Omer-

109 1950 258 2013 servitem
276 1952 409 2015 formam
427 1954 611 2036 assumpsit:
634 1972 731 2017 unam
757 1957 885 2036 quidem
933 1955 1006 2016 tetes
1020 1954 1103 2017 idem
1124 1956 1260 2038 disputat
1283 1957 1508 2035 Cyrillus..Uhi
1521 1972 1656 2033 summa,
1672 1965 1704 2021 ct

109 2056 178 2105 me
191 2046 375 2124 personam,
391 2051 422 2107 at
434 2060 536 2108 unum
549 2046 664 2122 fllium,
680 2064 716 2108 ec
730 2048 885 2110 Christum
934 2046 1103 2109 arctissima
1110 2048 1307 2127 copulatione
1316 2048 1572 2130 posita,qualisin
1583 2049 1702 2112 Christo

111 2135 266 2214 profiteri,
289 2137 468 2217 religiosum
493 2143 558 2200 est:
584 2140 661 2200 duas
685 2157 760 2202 uero
783 2140 885 2202 unitas
934 2139 1100 2216 statuitur,
1130 2139 1250 2201 nubum
1282 2138 1425 2202 sectionis
1452 2141 1588 2221 irrepere
1613 2158 1703 2223 posse

110 2227 306 2309 hypostases,
325 2231 389 2293 sive
407 2236 534 2293 naturas
554 2231 666 2309 dicere,
681 2248 746 2294 non
767 2236 815 2294 est
834 2232 886 2294 ab
934 2229 1152 2308 cogitationem
1164 2231 1284 2311 asserb,
1299 2248 1401 2313 neque
1420 2257 1434 2285 ι
1445 2232 1553 2311 ffiridi,
1569 2248 1702 2315 cesepa-

108 2321 247 2382 surdum
253 2339 262 2396 ;
288 2322 342 2382 sed
363 2338 402 2383 ex
418 2340 511 2384 causa
535 2324 601 2403 ipsa
624 2332 881 2404 consequemur
934 2321 1165 2384 rariChristum
1180 2318 1390 2386 inhominem
1408 2323 1555 2404 priuatim
1574 2342 1610 2386 ac
1623 2340 1705 2387 seor·

113 2414 157 2473 hc
182 2412 317 2475 subinde
335 2414 472 2476 hominis
493 2415 634 2495 exemplo
648 2415 756 2491 utitur,
771 2415 805 2476 in
823 2432 886 2496 qno
934 2412 993 2474 sim
998 2460 1005 2491 ,
1029 2419 1061 2475 et
1079 2413 1113 2474 in
1127 2416 1227 2477 Deum
1240 2416 1379 2478 Verbum
1400 2416 1546 2496 privatim
1569 2434 1604 2479 ac
1624 2434 1705 2479 seor·

110 2509 244 2566 naturas
269 2505 376 2567 ambas
396 2506 576 2585 diuidimus,
601 2513 632 2569 et
653 2507 782 2569 alteram
804 2526 886 2570 mor·
935 2505 1026 2566 simt.
1044 2528 1057 2564 ο
1074 2507 1155 2568 Tum
1177 2507 1209 2568 in
1227 2507 1307 2569 libro
1329 2509 1366 2570 de
1388 2526 1445 2569 ιιιιο
1461 2507 1591 2585 Christo,
1611 2526 1705 2570 cnon

110 2596 209 2658 talem
229 2614 385 2673 sommus,
405 2615 519 2680 nempe
533 2616 664 2679 corpuss
684 2596 813 2661 alteram
826 2601 885 2662 im·
935 2614 1001 2659 esse
1023 2598 1236 2677 dividendum,
1261 2598 1316 2678 ait,
1341 2598 1385 2661 ita
1405 2605 1441 2661 nt
1462 2599 1637 2681 peculiaris,
1668 2618 1705 2662 ae

111 2688 293 2768 mortalem,
314 2708 385 2770 quse
399 2697 446 2753 est
458 2693 574 2753 anima.
590 2693 687 2753 Multo
702 2710 775 2771 ergo
789 2693 888 2773 magis
935 2690 1054 2768 privata
1073 2688 1234 2752 diversitas
1254 2691 1470 2768 constituatur,
1490 2710 1560 2771 quse
1582 2692 1704 2769 efficiat,

111 2786 184 2842 tum
200 2783 387 2844 assumentis
410 2783 477 2860 liei,
500 2788 569 2845 tum
591 2786 740 2865 assumpti
752 2784 888 2847 hominis
935 2786 1049 2843 utase
1063 2789 1173 2844 mutuo
1182 2782 1322 2859 divulse,
1334 2802 1369 2844 ac
1381 2783 1527 2862 sejuncta
1539 2783 1706 2845 subsistant

111 2873 320 2954 proprietates
348 2882 593 2937 consentaneum
625 2882 671 2938 est
700 2894 885 2956 agnoscere:
936 2877 1075 2936 naturae:
1098 2875 1174 2955 quin
1195 2875 1298 2955 potira
1317 2874 1516 2936 conserendas
1537 2874 1571 2935 in
1589 2874 1706 2935 unitio·

113 3057 312 3134 interiorem,
336 3064 368 3120 ei
394 3060 590 3136 exteriorem,
606 3076 741 3139 quorum
754 3060 887 3121 hiecor-
937 3064 1040 3119 contra
1070 3057 1239 3120 Nestorium
1275 3056 1337 3120 late
1385 3058 1570 3120 sententiam
1597 3072 1705 3135 suam,

112 3150 286 3230 rumpitur,
304 3151 357 3212 iile
370 3151 567 3214 renovaturi
577 3153 651 3219 Haec
664 3152 887 3214 Theudoretus.
937 3149 1027 3229 eique
1039 3150 1224 3210 contrariam
1238 3149 1370 3211 Nestorii
1384 3148 1547 3230 perfidiam
1560 3147 1705 3225 declarat,

113 3242 174 3302 Cui
187 3241 656 3323 cyrillusrespondensiatetur
669 3249 795 3305 naturas
808 3243 890 3324 ipsas
937 3240 992 3320 qui
1023 3240 1138 3320 ubique
1165 3238 1299 3317 dividit,
1329 3246 1361 3302 et
1391 3242 1557 3322 separatim
1580 3248 1710 3303 naturas

114 3350 138 3393 a
162 3350 197 3395 se
223 3340 334 3397 mutto
357 3352 422 3397 esse
449 3336 608 3397 diversas:
637 3336 690 3397 sed
716 3336 769 3397 ubi
794 3335 889 3397 semel
938 3331 1710 3411 constituit,perlunctdriaconjunctioneillusinter

115 3424 215 3486 unitis
231 3431 314 3500 sunt,
339 3444 404 3488 non
425 3431 567 3506 oportere
590 3424 750 3502 dissecari,
772 3442 831 3488 nec
854 3426 887 3487 in
939 3441 971 3485 se
993 3427 1189 3501 connectens,
1214 3421 1259 3483 ita
1277 3427 1314 3482 ut
1336 3440 1401 3484 non
1426 3440 1509 3484 unus
1529 3440 1568 3484 ex
1586 3422 1623 3484 iis
1641 3422 1708 3485 ciii-

115 3517 199 3579 duos
215 3517 312 3580 dividi
331 3518 412 3580 iiiios
430 3536 532 3581 unum
551 3519 706 3581 Christum
727 3526 759 3582 et
771 3518 888 3597 fllium,
939 3518 1038 3579 ciatur
1051 3516 1176 3597 proprie
1198 3512 1345 3576 Ghnstus.
1369 3514 1419 3576 Sic
1443 3515 1483 3576 ad
1505 3514 1711 3576 mathemati·

116 3628 157 3671 ac
170 3608 340 3672 Dominum
351 3609 373 3672 ⁶.
939 3622 1043 3671 smum
1070 3613 1214 3670 octavum
1239 3615 1341 3669 contro
1370 3605 1530 3669 Orientotcs
1555 3606 1595 3669 dc
1619 3606 1711 3669 unica

56 3730 61 3739 ·
161 3703 247 3764 vill.
268 3703 349 3765 ltine
368 3702 465 3783 igitur
482 3700 592 3784 Gyrillt
612 3718 683 3783 qiua
697 3717 785 3763 mens
798 3700 892 3763 tuerit
939 3702 1100 3781 disputans
1124 3699 1316 3775 adoratione,
1340 3704 1483 3761 accurate
1500 3697 1636 3779 idipsum
1660 3714 1711 3761 ex·

42 3845 50 3887 i
118 3800 260 3875 apparet,
278 3812 351 3857 eum
368 3796 496 3857 naturas
513 3798 584 3875 post
606 3794 783 3856 unitionem
795 3792 892 3854 diuidi
942 3793 1046 3872 plicat.
1062 3794 1101 3853 Et
1113 3791 1147 3853 in
1162 3791 1292 3871 epistola
1304 3791 1439 3853 secunda
1452 3788 1492 3852 ud
1506 3790 1674 3853 Successori
1686 3786 1710 3852 ³.

52 3876 58 3887 ’
118 3890 286 3967 tantopere
299 3888 407 3949 vetnit.
424 3888 493 3949 Non
516 3886 601 3948 enim
620 3886 742 3947 misceri
765 3902 801 3947 ao
821 3901 892 3946 eon·
939 3886 988 3946 Ad
1004 3884 1071 3946 hnc
1088 3883 1121 3945 in
1143 3880 1222 3945 libro
1235 3900 1320 3945 nono
1335 3880 1574 3956 desideratione,
1591 3882 1711 3944 schri-

119 3977 211 4041 tundi
223 3980 426 4061 proprietates
437 3980 561 4041 illarum
572 3979 694 4059 piscavit
704 3996 712 4054 ;
723 3982 759 4040 ut
767 3976 893 4039 nonnisi
940 3980 1036 4054 dnm,
1051 3975 1105 4054 uit,
1118 3992 1183 4036 non
1197 3974 1294 4037 dividi
1313 3974 1348 4035 in
1368 3976 1470 4036 Deum
1490 3973 1666 4056 separatim,
1683 3978 1714 4037 et

158 4175 181 4215 ιι
201 4159 379 4215 Turonum.
397 4160 431 4214 trs
450 4155 570 4230 Confert.
589 4154 702 4212 Andri.
721 4168 761 4219 ιιι,
777 4160 844 4211 tom.
860 4153 892 4211 vl
942 4151 1013 4226 ίτίμα
1026 4152 1053 4208 tt
1067 4146 1098 4206 αὖ
1110 4150 1166 4206 κατ’
1181 4150 1580 4224 ίοίανμίσιννιαράίιτδνήσίρξ.
1596 4146 1716 4206 testim

119 4243 189 4312 cyr·
209 4242 354 4314 Διαιμίσιως
367 4240 415 4314 γὰρ
428 4239 473 4294 uix
481 4237 565 4311 οὔσης,
580 4238 625 4293 οὖν
634 4238 664 4292 ἄν
673 4256 734 4293 ποτε
748 4237 896 4305 ίνονσιςνοη-
942 4235 969 4290 dt
983 4235 1057 4301 dudi,
1074 4236 1210 4308 διατίμνιιν
1223 4232 1268 4289 οὖν
1281 4233 1398 4307 depelle,
1414 4232 1469 4290 stirs
1482 4232 1529 4308 μὴν
1540 4234 1625 4299 stedia
1641 4252 1717 4290 ιιατα·

118 4325 183 4392 ίίτίη.
200 4324 310 4378 ίτοίνυν
326 4324 371 4392 τὴν
394 4321 481 4377 ίνωσιν
494 4322 638 4394 lapideus,
652 4321 834 4393 προσλαμθάνει
850 4318 894 4387 τὴν
943 4319 1047 4391 μερίζειν
1073 4317 1139 4381 niobe
1161 4318 1204 4372 rhu
1227 4319 1270 4372 ἕνα
1290 4318 1409 4390 Χριστὸν,
1433 4318 1474 4371 καί
1497 4315 1560 4382 aibr,
1582 4318 1622 4372 καί
1635 4317 1716 4389 seipsos

118 4407 252 4479 διαίρεσιν.
271 4413 324 4470 πῶς
336 4405 417 4460 τοίνυν
431 4406 490 4478 μησὶ
505 4402 538 4476 μὴ
552 4407 602 4458 δεῖν
616 4402 658 4467 τὰς
675 4403 821 4465 ίιτοσταστις
833 4404 895 4456 dser-
944 4400 1025 4473 ίφίησί
1039 4420 1101 4457 τισιν
1116 4401 1130 4454 ὁ
1144 4405 1188 4469 τῆς
1198 4400 1330 4474 ὀρθότητος
1342 4398 1428 4473 λόγος.

119 4493 183 4564 pris,
194 4487 372 4561 τίτουνφΰσνις,
385 4489 512 4544 καὶταῦτα
526 4487 605 4552 abur,
619 4487 654 4551 ὡς
666 4486 749 4542 crista
763 4486 806 4560 μὲν
820 4485 835 4554 ἡ
849 4479 895 4540 τοῖν
979 4500 994 4540 e
1013 4485 1124 4541 crissi.
1144 4488 1219 4540 tout.
1240 4486 1356 4541 Orioni.
1373 4482 1416 4540 ad
1429 4480 1542 4540 Αιιαίίι.
1565 4498 1603 4540 lv.
1619 4480 1715 4537 Οίνιοίιν

119 4568 180 4629 tei
205 4572 285 4646 λόγου
298 4571 430 4635 iuteresse
443 4573 491 4645 πρὸ
512 4577 562 4627 τῶν
581 4569 677 4625 αἰώνων
690 4568 794 4643 ίνιτῆμχι·
814 4567 896 4624 τελεία
945 4570 989 4634 τῆς
1010 4565 1044 4629 ιίς
1066 4566 1139 4638 ἄκρον
1160 4565 1270 4629 tameo<
1298 4565 1450 4639 συζομίνης,
1473 4564 1534 4621 τοία
1554 4564 1718 4639 σσριίσδνσις,

118 4656 148 4711 si
159 4655 206 4711 ind
222 4653 313 4724 ίανίνης
326 4654 417 4727 ilbodo
430 4655 500 4723 ὴτοῦ
514 4653 602 4709 δούλου
617 4652 714 4726 papyris
724 4652 769 4707 tat
785 4650 896 4706 νιαίίιιτο·
945 4652 1021 4722 ἤγουν
1036 4650 1156 4722 φαντασία
1169 4653 1247 4722 τομῆς
1257 4648 1454 4722 καμιισιιμίνσιτο
1468 4650 1497 4702 ἂν
1512 4647 1559 4716 iss,
1573 4644 1614 4703 ιιαί
1628 4648 1643 4703 ὅ
1656 4644 1721 4721 μιμί·

119 4740 222 4801 πόσαις
245 4733 324 4805 τίσιν,
350 4737 407 4792 ἀλλ’
421 4737 470 4810 οὔχ
488 4737 633 4792 ὑπόστασιν.
656 4734 686 4789 Εἰ
699 4729 780 4789 τοίνυν
795 4733 897 4805 ίιιατίρα
945 4735 995 4795 ζειν
1007 4731 1158 4805 ἇσοτολμῶν
1167 4738 1220 4794 πῶς
1229 4730 1327 4794 detto
1334 4732 1432 4804 φέρεται
1439 4736 1482 4798 τῆς
1489 4725 1657 4796 dictabo,
1665 4736 1720 4788 etc.

119 4822 195 4895 pisse
208 4823 238 4877 τὸ
248 4822 340 4876 τέλειον
354 4821 416 4894 ἔχει,
432 4819 465 4883 είς
478 4819 565 4874 ταύτὸν
579 4817 605 4874 δί
619 4817 738 4886 συνῆλθον
752 4815 896 4889 ἀμφότεραι,
947 4814 977 4869 Oi
988 4814 1031 4888 μὲν
1043 4809 1086 4870 οὖν
1099 4815 1246 4879 titubare,
1260 4814 1301 4868 καὶ
1320 4814 1468 4888 διορίζοντες
1484 4809 1519 4876 τίς
1532 4813 1661 4887 ἄνθρωπον
1678 4812 1722 4869 idr-

121 4914 167 4976 ιῆς
181 4905 293 4961 cottam
312 4907 405 4979 μομφῆς
415 4904 531 4971 δηλονότι
550 4901 672 4970 hebetem
690 4899 734 4967 τὴν
746 4904 790 4954 τοῦ
809 4898 897 4952 δούλου
947 4902 997 4959 ads<
1009 4915 1047 4961 τι,
1060 4895 1101 4950 ssi
1117 4895 1434 4969 stemmataclara
1452 4896 1528 4969 λόγον
1544 4893 1627 4960 iaso<
1639 4914 1668 4951 τι
1682 4896 1723 4950 καί

121 4988 237 5064 μομφὴν,
258 4988 283 5041 ἓν
312 4987 354 5059 μὲν
373 4987 516 5058 πρόσωπον,
540 4985 580 5039 ml
600 4985 644 5040 ίνα
659 4983 722 5048 sibu,
737 4984 778 5036 καὶ
792 4980 898 5053 Χριστὸν
948 4978 996 5033 ἀνὰ
1010 4980 1092 5052 μέρος,
1103 4977 1132 5033 οὖ
1149 4975 1273 5052 μερίζουσι
1284 4978 1327 5033 τὸν
1342 4978 1386 5033 ίνα
1400 4978 1517 5051 Χριστὸν,
1534 4983 1589 5034 tite.

118 5072 272 5148 ὁμολογιῖν,
287 5068 391 5132 mosiis·
411 5070 454 5125 δίο
475 5069 502 5124 bi
520 5067 564 5130 τὰς
591 5066 717 5128 {rubriore
739 5064 898 5128 ίτιόστάσιις,
982 5062 1063 5119 did.
1085 5059 1177 5118 iulib.
1192 5059 1251 5116 Ὅτι
1264 5053 1330 5123 ιίςί
1348 5061 1463 5133 Χριστος.
1482 5058 1518 5116 Ob
1532 5059 1675 5133 δισιμντίον,
1688 5059 1725 5121 ὡς

119 5155 208 5213 siccus
222 5153 305 5226 γίσιις
316 5154 409 5226 λέγειν,
426 5151 471 5207 οὖν
491 5152 594 5215 ἄτοκον,
609 5148 674 5203 dni
685 5146 740 5202 κατ’
753 5146 898 5201 ἀκόλουθον.
948 5144 1020 5216 tyrs,
1035 5143 1069 5206 είς
1079 5142 1155 5211 lassis
1171 5141 1313 5216 ίτιμότητα,
1326 5141 1370 5210 τὴν
1388 5145 1452 5197 sard
1467 5159 1497 5216 ys
1509 5142 1539 5197 rb
1550 5140 1593 5196 ἀπ’
1608 5140 1724 5208 ἀλλήλων

159 5239 179 5297 ὁ
201 5238 314 5293 ersus.
339 5235 405 5292 ibid.
436 5241 528 5293 contr.
552 5231 721 5290 Theodorei.
740 5228 798 5284 Ὅτι
819 5229 900 5300 ίτιρος
947 5222 1022 5291 εἶναι,
1036 5225 1135 5281 midai
1148 5227 1232 5301 μίμος,
1246 5226 1423 5299 σνγιιομιστίον
1437 5225 1571 5298 tipario
1587 5222 1621 5286 τίς
1636 5222 1724 5278 ίνοισιν

119 5323 168 5399 μίν
184 5318 253 5375 κατὰ
267 5319 312 5388 τὴν
326 5320 404 5392 adpre
423 5316 485 5372 κατὰ
500 5316 570 5388 φύσιν
585 5313 649 5370 ἐστίν
664 5315 679 5367 b
693 5311 719 5366 bs
738 5313 793 5366 θεοῦ
814 5312 899 5382 λόγος,
951 5309 1115 5383 ἇδιάτμητον.

151 5479 165 5519 1
182 5472 205 5519 11
216 5472 268 5521 Ger.
285 5482 317 5523 ιτ,
329 5470 411 5520 ide-t
423 5470 473 5527 cyr.
485 5467 508 5513 ln
519 5466 539 5516 11
551 5468 580 5514 ad
590 5468 653 5516 terr.
666 5472 682 5511 t.
691 5466 717 5517 V,
731 5476 780 5521 prr.
791 5463 817 5509 11.
