4122 6248
339 256 400 318 636
840 258 1170 322 THEOLOGICORUM
1191 261 1411 327 DOGMATUM

338 425 573 503 generationem
589 445 597 500 3
616 442 678 504 qua
698 423 858 486 divinitate
885 425 1112 487 communicata
1161 425 1215 487 illo
1230 428 1539 507 suffragatoremesse
1552 431 1731 511 quesitum,
1747 452 1820 497 cum
1836 437 1933 499 totad

339 516 420 577 Deus
434 522 490 591 est,
506 535 588 577 novo
606 516 641 577 in
661 522 802 595 tempore
822 516 1022 596 generatione
1042 535 1113 595 pro·
1160 537 1291 581 manum
1322 528 1425 583 essent
1450 523 1592 601 integra,
1619 525 1808 607 illibataque
1829 529 1932 604 hina,

340 607 481 682 ductum,
495 608 632 669 hominis
649 608 863 676 substantiam,
883 626 918 669 ac
942 626 1058 670 nomen
1072 626 1111 668 ex
1161 611 1267 689 quales
1280 613 1433 693 superiori
1447 616 1546 695 capite
1559 620 1812 680 commemoravi.
1828 621 1934 693 Quan-

337 703 437 759 matre
454 699 570 760 femina
582 699 759 780 sumpsisse.
777 701 843 760 Hoc
862 704 969 761 autem
982 700 1111 763 omuino
1160 720 1255 780 quam
1271 704 1304 764 in
1317 705 1370 766 illo
1391 706 1499 768 Vitatis
1521 707 1589 769 loco
1617 709 1657 769 ab
1686 711 1803 790 cyrillo
1827 715 1933 788 citato,

336 795 460 851 estesse
482 799 608 868 θιοτόκον,
637 792 669 851 id
697 797 743 853 est
780 792 836 852 Dei
861 791 1044 872 genitricem,
1080 796 1112 851 et
1160 795 1283 855 nullum
1297 803 1343 857 est
1357 797 1482 859 haeresis
1493 801 1658 879 vestigium
1673 821 1682 877 ;
1698 802 1886 865 sodsinoere
1899 822 1935 865 ac

335 882 552 962 partriccmmt
564 883 701 963 loquitur
716 884 868 945 Rusticus.
1161 885 1307 949 catholice
1322 896 1472 970 conceptu
1484 898 1558 953 sunt
1571 893 1688 970 omnia,
1704 901 1736 956 et
1744 895 1935 974 Apollinaris

378 973 433 1037 lX.
466 974 619 1047 Quoniam
646 974 741 1052 igitur
774 993 915 1036 connexa
944 980 1017 1036 sunt
1044 974 1111 1036 hoeo
1161 977 1259 1038 errori
1267 981 1430 1043 contraria.

336 1063 419 1125 inter
431 1082 463 1125 se
477 1065 539 1126 duo
552 1085 560 1139 ;
577 1066 632 1127 Dei
640 1066 742 1126 lilium
753 1066 849 1128 semd
862 1085 901 1127 ex
914 1068 1008 1127 Patre
1021 1067 1108 1145 geni·
1201 1069 1249 1129 lbi
1263 1071 1420 1135 interulis
1437 1095 1450 1132 ι
1465 1093 1576 1136 verum
1591 1077 1754 1156 profitetur
1767 1079 1823 1141 Dei
1833 1079 1937 1142 lilium

339 1165 416 1232 tum,
431 1175 540 1217 rursus
554 1174 592 1218 ex
609 1158 706 1219 Matre
725 1158 853 1237 Virgine
867 1158 964 1219 altera
977 1177 1108 1238 genera·
1160 1150 1332 1224 secundum
1361 1171 1511 1228 aeternam
1536 1187 1575 1229 ex
1597 1171 1660 1230 Deo
1684 1173 1934 1250 generationem,

335 1249 421 1310 tione
435 1249 598 1329 prodiisse,
618 1261 649 1312 et
666 1251 748 1312 hano
768 1268 834 1312 esse
847 1260 975 1327 tectonas,
993 1252 1053 1312 hoo
1064 1257 1110 1313 est
1160 1252 1257 1315 etiam
1273 1255 1407 1318 hominis
1420 1259 1521 1320 filium
1536 1279 1602 1323 esse
1615 1261 1744 1338 factum,
1759 1266 1936 1327 secundum

335 1341 509 1421 genitricem
525 1341 600 1418 Dec]
619 1342 770 1422 quidquid
782 1343 925 1415 rationis,
941 1345 1108 1405 auctorita·
1158 1346 1289 1408 alteram
1302 1352 1534 1429 generationem
1549 1372 1588 1415 ex
1599 1355 1737 1435 Virgine.
1758 1357 1861 1435 Atque
1883 1358 1936 1419 hic

336 1434 438 1513 tisque
452 1433 609 1495 confertur
631 1435 663 1495 in
693 1453 793 1496 unum
809 1435 1015 1515 probandum,
1043 1455 1108 1497 uon
1158 1437 1934 1528 idemestpertectusDeussecundumdivinitatem‚

334 1525 440 1587 minus
452 1526 511 1587 hoc
523 1527 710 1588 adstruendo
724 1527 811 1588 altari
823 1528 945 1588 serviet.
962 1529 1007 1587 lta
1015 1533 1109 1606 caput
1158 1536 1191 1591 et
1210 1533 1478 1598 consubstantialis
1495 1539 1598 1600 Patri:
1618 1558 1654 1601 ao
1667 1540 1823 1621 perfectus
1837 1542 1934 1604 homo

336 1619 530 1691 antecedens,
545 1628 658 1682 νεοτόκον
668 1638 705 1681 eo
719 1620 785 1698 ipso
800 1619 923 1681 beatam
936 1620 1029 1682 fuisse
1039 1620 1109 1682 Vir·
1159 1625 1331 1686 secundum
1354 1630 1588 1706 generationem
1601 1649 1639 1692 ex
1655 1631 1796 1711 Virgine,
1811 1640 1843 1694 et
1856 1653 1933 1695 con·

335 1709 440 1786 giuem
453 1712 603 1785 ostendit,
619 1713 702 1790 quod
715 1712 755 1772 ah
768 1710 821 1772 illa
835 1730 904 1773 vere
922 1712 1107 1793 proprieque
1157 1714 1367 1778 substantialis
1377 1719 1557 1783 hominihus
1571 1725 1743 1785 secuudum
1754 1736 1931 1788 carnem0.»

334 1801 476 1879 genitum
486 1803 667 1883 approbavit
676 1822 741 1864 esse
757 1804 811 1865 Dei
824 1804 937 1880 lilium,
951 1805 1107 1883 productis
1197 1807 1247 1868 Sic
1257 1809 1375 1871 Atticus
1385 1811 1744 1894 constantinopolitanus
1756 1817 1933 1898 episcopus,

335 1895 368 1954 in
383 1895 523 1955 medium
534 1896 621 1956 haud
637 1897 744 1975 paucis
761 1897 961 1974 antiquorum
980 1902 1106 1957 senten·
1156 1898 1212 1976 qui
1231 1899 1419 1963 Maximiano
1438 1904 1570 1966 loannis
1583 1907 1794 1988 chrysostomi
1810 1928 1935 1972 sueces-

334 1985 406 2048 tiis:
422 1988 463 2048 ad
473 2005 549 2068 quas
558 1988 702 2049 accedere
711 2007 795 2050 nunc
804 1988 857 2048 illa
867 2006 924 2068 par
937 1994 982 2049 est
996 2007 1106 2050 eorum
1156 1990 1219 2050 sori
1234 1990 1268 2051 in
1283 2010 1351 2053 eam
1365 1995 1469 2056 sedem
1485 1997 1671 2075 subrogatus
1693 2006 1756 2076 est,
1771 2000 1933 2082 duplicem

333 2079 524 2155 testimonia,
552 2098 623 2159 qua
650 2079 695 2140 ihi
724 2080 859 2160 cyrillus
883 2079 1033 2141 laudavit.
1061 2083 1106 2142 Ea
1156 2079 1204 2141 his
1237 2083 1340 2145 verbis
1368 2088 1600 2162 generationem
1627 2092 1682 2152 Dei
1712 2094 1931 2154 commendat:

334 2189 408 2232 vero
431 2173 545 2233 idcirco
572 2172 605 2232 in
630 2171 714 2233 hunc
737 2173 843 2234 locum
870 2172 992 2249 distuli,
1021 2174 1105 2251 quod
1161 2173 1300 2251 ullodie,
1316 2176 1434 2256 inquit,
1451 2179 1589 2241 Christus
1610 2183 1779 2259 Dominus,
1804 2185 1933 2264 plenam

334 2281 444 2325 eorum
456 2263 599 2325 tractatio
613 2283 652 2325 ex
665 2265 759 2343 hujus
772 2264 897 2344 propria
920 2264 1026 2342 ospitis
1046 2265 1106 2325 dis-
1158 2261 1358 2344 henignitatis
1368 2269 1561 2333 nativitatem
1572 2275 1721 2355 suscepit:
1735 2293 1812 2336 nam
1823 2295 1934 2339 secun

333 2357 493 2434 putatione
523 2356 593 2436 plus
622 2375 732 2437 capere
767 2356 868 2430 lucis,
903 2356 1104 2435 utilitatisque
1157 2355 1233 2416 dum
1255 2357 1351 2431 illam,
1375 2378 1446 2440 quae
1467 2363 1582 2426 divinae
1603 2366 1755 2445 maJestati
1770 2371 1931 2449 congruit,

275 2513 281 2525 ,
333 2452 464 2526 poterat.
493 2448 614 2510 llorum
640 2449 777 2523 testium,
807 2450 873 2527 qui,
897 2447 966 2511 sine
987 2457 1103 2510 θεοτοκου
1152 2445 1219 2524 jam
1233 2449 1383 2512 existebat
1393 2454 1545 2517 anteat»

333 2540 510 2617 mentione,
538 2540 682 2602 iteratam
706 2542 739 2601 iu
764 2522 906 2619 Virginis
929 2546 1017 2600 utero
1047 2541 1105 2601 Dei
1195 2541 1430 2619 Amphilochius
1451 2547 1528 2608 item
1553 2549 1715 2630 episeopus
1745 2551 1863 2629 leonii,
1898 2553 1932 2614 in

332 2633 567 2710 generationem
576 2632 773 2709 confirmant,
782 2651 864 2693 unus
873 2632 1106 2695 estnonimme·
1154 2628 1282 2692 homilia
1314 2632 1350 2694 de
1378 2638 1563 2716 quaeratione
1594 2641 1750 2703 muudum
1786 2663 1930 2722 camon,

332 2723 393 2784 rito
418 2723 497 2785 mihi
522 2730 681 2804 suspectus
708 2730 826 2800 auctor,
852 2725 907 2803 qui
929 2724 1104 2802 penultimo
1158 2723 1336 2801 «Omnium,
1345 2726 1459 2807 inquit,
1475 2730 1590 2809 opifex,
1601 2733 1656 2812 qui
1665 2739 1738 2795 aute
1750 2736 1932 2800 universam

331 2815 399 2876 loco
422 2815 461 2875 ab
487 2815 604 2896 cyrillo
630 2815 773 2893 refertur,
800 2814 908 2875 Vitalis
921 2816 1102 2894 episcopus:
1153 2821 1326 2877 creaturam
1339 2818 1503 2895 visibilem,
1520 2828 1551 2883 et
1563 2824 1752 2887 invisibilem
1772 2846 1846 2889 cum
1864 2829 1932 2890 solo

332 2926 426 2988 quem
455 2925 511 2985 ego
538 2908 634 2969 fuisse
663 2907 801 2987 suspicor
829 2906 983 2985 insignem
1014 2907 1104 2968 illum
1153 2905 1253 2983 Patre,
1282 2927 1317 2970 ac
1338 2909 1456 2989 Spiritu
1475 2920 1580 2976 sancto
1603 2916 1790 2980 immortalis
1813 2921 1930 2998 exisb't,

332 3000 521 3080 Apollinaris
534 2999 732 3079 discipulum,
757 3005 789 3061 et
810 3000 849 3060 ab
872 3018 909 3058 eo
932 3000 1104 3061 Antiochia
1153 3016 1222 3059 ecoe
1237 3000 1330 3062 hodie
1343 3019 1383 3062 ex
1393 3004 1521 3084 Virgine
1532 3008 1721 3069 nascitur.»

332 3092 429 3170 partis
443 3111 508 3153 sua
531 3093 711 3153 ordinatum
725 3091 921 3171 episcopum,
937 3092 976 3151 de
989 3110 1051 3171 quo
1069 3092 1103 3152 111
1192 3088 1347 3150 loannem
1395 3092 1508 3154 exinde
1548 3096 1930 3179 Constantinopolitanum
1971 3152 1977 3160 .
2058 3096 2059 3115 ¹

332 3183 413 3245 libro
433 3185 545 3262 primo,
568 3185 667 3264 capite
686 3188 773 3244 sexto
786 3183 931 3245 diximus.
947 3184 1004 3244 Hic
1017 3185 1103 3245 enim
1151 3176 1329 3257 episcopum
1344 3178 1435 3257 citat,
1451 3201 1564 3262 nempe
1580 3186 1859 3266 Chrysostomum,
1875 3206 1931 3273 qui

331 3273 414 3354 apud
449 3275 617 3335 Damasum
651 3275 832 3334 &manum
865 3272 1043 3351 pontificem
1068 3273 1102 3334 111
1151 3267 1185 3329 in
1200 3269 1328 3330 homilia
1341 3269 1489 3335 dedivino
1500 3278 1687 3355 persecutione
1706 3279 1751 3341 ita
1765 3281 1928 3361 loquitur:

329 3365 538 3446 suspicionem
547 3372 675 3427 vocatus
685 3365 820 3437 haeresis,
831 3363 870 3424 ab
883 3364 1030 3439 magistro
1045 3383 1101 3426 suo
1156 3381 1172 3418 (ι
1186 3361 1286 3422 Hodie
1300 3363 1356 3441 qui
1369 3370 1425 3439 est,
1441 3367 1590 3444 nuscitur,
1605 3375 1637 3430 et
1650 3370 1706 3450 qui
1719 3376 1776 3445 est,
1792 3373 1830 3434 fit
1844 3377 1930 3455 quod

328 3457 500 3536 Apollinari
519 3459 652 3536 vulgatae
690 3456 763 3517 fidei
790 3473 854 3517 suaa
876 3456 1029 3517 rationem
1055 3456 1101 3517 illi
1152 3460 1308 3516 nouerat.
1325 3456 1502 3518 Cumenim
1515 3459 1595 3520 Deus
1610 3468 1699 3538 asset,
1713 3463 1811 3525 homo
1825 3466 1894 3529 tit‘.
1908 3491 1925 3526 ι

329 3549 474 3609 reddidit.
490 3551 541 3610 Est
556 3555 662 3610 autem
678 3548 888 3623 fragmentum
902 3547 979 3609 illud
993 3548 1101 3609 Vitalis
1151 3547 1266 3607 Praeter
1292 3546 1377 3608 huno
1400 3567 1473 3609 vero
1500 3551 1714 3631 Chrysostomi
1741 3555 1849 3619 locum
1875 3561 1928 3629 alii

329 3639 462 3720 episcopi
489 3639 530 3701 ab
554 3641 671 3720 cyrillo
695 3638 848 3716 citatum¹,
868 3658 907 3701 ex
927 3640 1043 3719 aliquo,
1065 3645 1102 3700 ut
1151 3643 1225 3699 sunt
1238 3639 1423 3719 complures,
1443 3647 1499 3721 qui
1512 3643 1669 3723 duplicem
1683 3647 1777 3709 Verbi
1790 3666 1926 3726 genera·

328 3738 467 3811 apparet,
482 3731 553 3794 fidei
565 3732 681 3804 libello,
690 3737 720 3793 et
729 3732 916 3812 professione
926 3738 1097 3812 sumptum.
1149 3728 1268 3791 tionem
1307 3732 1498 3811 apertissime
1531 3737 1722 3815 praedicant:
1755 3757 1773 3800 e
1808 3744 1927 3822 quihus

331 3824 419 3899 Quod
433 3825 459 3886 si
471 3825 578 3885 Vitalis
591 3824 643 3886 ille
658 3824 742 3886 idem
756 3830 801 3885 est
812 3824 1099 3904 Apollinarisdisei·
1149 3838 1249 3882 unum
1259 3823 1431 3885 alterumve
1445 3824 1588 3889 referam.
1601 3830 1635 3890 lu
1645 3830 1775 3894 homilia
1789 3837 1928 3898 secema

328 3916 431 3996 pulus,
461 3922 507 3977 est
524 3935 580 3977 cur
605 3916 767 3992 miremur,
784 3916 847 3976 sive
872 3916 931 3977 hoc
946 3916 1100 3995 cyrillum
1150 3912 1386 3977 ioMottbaeum:
1400 3916 1533 3992 «Valde,
1543 3919 1656 4000 inquit,
1669 3924 1779 3984 auditu
1794 3927 1925 4005 mirum,

327 4007 423 4069 latere
446 4009 599 4089 potuisse,
629 4008 704 4087 quid
731 4007 781 4069 hic
807 4007 944 4068 hominis
969 4008 1098 4083 fuisset3
1149 4011 1181 4066 et
1189 4006 1375 4069 inusitatum
1385 4010 1762 4094 est‚Deuminaccessum,
1778 4024 1811 4078 et
1820 4018 1927 4081 11111111-

328 4099 403 4174 sive,
417 4105 454 4160 ut
468 4098 499 4161 id
515 4119 579 4161 non
598 4099 776 4180 ignoraret,
802 4117 842 4160 ne
859 4100 954 4161 verbo
974 4099 1100 4179 quidem
1148 4096 1256 4172 bilem,
1274 4100 1371 4178 etqui
1385 4106 1489 4163 mente
1503 4105 1725 4185 comprehendi
1738 4110 1869 4188 nequit,
1890 4130 1927 4173 ac

328 4198 383 4253 aut
395 4211 567 4264 excusasse,
582 4192 667 4272 quod
688 4191 743 4252 tali
769 4196 846 4252 teste
868 4196 1030 4267 uteretur3
1045 4196 1101 4253 aut
1150 4190 1237 4251 Patri
1264 4192 1426 4271 aequalem,
1451 4212 1507 4274 per
1531 4202 1658 4259 uterum
1681 4200 1802 4263 venisse
1826 4202 1925 4283 virgi-

326 4283 365 4345 de
379 4303 416 4346 eo
443 4291 525 4346 certe
538 4285 684 4346 lectorem
697 4330 705 4361 ,
720 4284 804 4363 quod
818 4283 912 4362 hujus
925 4285 1002 4346 scire
1021 4285 1102 4345 inte-
1151 4300 1258 4359 neum,
1271 4289 1303 4344 et
1317 4302 1356 4345 ex
1368 4285 1499 4347 muliere
1510 4287 1595 4366 gigni
1604 4288 1736 4353 voluisse
1748 4313 1756 4366 3
1769 4294 1926 4358 ethabere

325 4382 430 4455 reret,
445 4377 624 4439 monuisse:
648 4376 709 4437 sive
723 4377 856 4457 denique
869 4376 1050 4456 huiusmodi
1062 4376 1100 4437 ab
1151 4375 1256 4455 stirpis
1269 4382 1412 4439 auctores
1423 4379 1584 4455 Davidem,
1600 4388 1631 4443 et
1645 4382 1891 4449 Abrammumc.
1904 4414 1920 4443 ι

364 4588 385 4628 ct
404 4574 470 4629 Cra.
492 4579 560 4629 tom.
581 4573 614 4638 V,
630 4586 687 4642 pur.
701 4572 725 4628 ll
738 4569 775 4628 de
787 4576 876 4629 Recta
894 4571 963 4646 fide.
985 4570 1099 4646 Υἱὸςγὰρ
1151 4570 1272 4637 δεσπότης
1285 4569 1396 4642 γέννησιν
1418 4567 1556 4635 ἀνεδέξατο.
1578 4575 1622 4643 την
1636 4575 1684 4649 γὰρ
1703 4581 1746 4647 τῆς
1759 4579 1842 4651 θεῖιῆς
1858 4583 1925 4648 ἀξίας

328 4658 364 4709 ὢν
379 4655 476 4723 ἀληθῶς
486 4656 552 4721 θεοῦ,
564 4655 628 4709 κατὰ
639 4655 682 4723 τὴν
693 4651 771 4709 ἀΐδιον
783 4653 808 4708 ἔτι
815 4656 869 4710 θεοῦ
878 4657 1001 4728 γέννησιν,
1013 4657 1099 4728 γὲγοντ
1151 4655 1318 4725 προϋπῆρχον.

328 4741 370 4792 aul
383 4738 434 4801 olba
450 4737 578 4810 ἀνθρώπου
592 4735 656 4792 κατὰ
675 4737 720 4805 τὴν
737 4737 763 4792 ἐκ
783 4740 901 4810 παρθένου
921 4740 1044 4811 γέννησιν.
1059 4740 1100 4792 καὶ
1187 4750 1202 4791 c
1223 4736 1339 4791 Aurum.
1354 4735 1422 4793 ibid.
1448 4736 1481 4793 ‘0
1492 4739 1593 4810 ποιητὴς
1607 4743 1745 4809 ravulos,
1757 4744 1831 4819 bapt
1844 4750 1923 4816 πάσης

331 4821 397 4876 locvs
412 4814 448 4883 alc
461 4821 528 4874 salt
542 4820 615 4882 chale
628 4822 721 4885 τίλειος
733 4822 795 4886 θεὸς
804 4822 867 4876 κατὰ
882 4821 926 4888 τὴν
935 4823 1049 4893 detrusa,
1059 4822 1101 4875 acl
1151 4816 1253 4879 κτῑσῐως
1266 4817 1362 4890 ὁρατῶν
1374 4838 1411 4884 τε,
1423 4821 1464 4874 καὶ
1479 4821 1602 4894 ἀοράτων,
1621 4827 1690 4897 μόνῳ
1703 4828 1789 4898 πατρὶ,
1798 4830 1841 4882 ael
1852 4833 1924 4885 xvid-

331 4902 463 4977 ὁροοόσιος
476 4910 513 4958 τῶ
529 4903 612 4976 πατρί·
627 4903 666 4956 val
678 4905 770 4969 τίλιιος
784 4904 935 4977 ἅνθρωποςὸ
954 4905 1025 4968 ὠτὸς
1037 4904 1101 4959 κατὰ
1153 4919 1211 4972 lectt
1225 4903 1387 4975 σνννπόρχων
1411 4903 1540 4971 ἀθάνατος»
1556 4908 1664 4981 ‘titul’ot
1680 4908 1733 4964 Ml
1746 4909 1808 4983 ἡμῖν
1824 4911 1853 4966 is
1862 4933 1925 4987 mp-

330 4986 375 5055 ἰὴν
391 4985 416 5041 ἔτι
429 4987 547 5060 παρθὲνοο
559 4987 681 5059 γέννησιν,
696 4989 736 5041 tal
747 4986 880 5061 ὁμοοόοιος
893 4987 1029 5061 ἀνθρώποις
1038 4989 1102 5044 κατὰ
1150 4983 1219 5037 θένω
1230 4985 1393 5057 mvelt-“Db
1402 4988 1479 5060 χωρὶς
1492 4989 1572 5059 πάσης
1583 4989 1711 5064 ἁμαρτίας.

330 5069 375 5139 τὴν
389 5072 478 5142 οάριιιι.
1185 5064 1207 5121 d
1226 5068 1327 5123 Cauta.
1354 5066 1419 5124 ibid.
1439 5070 1550 5144 Σήμερον
1571 5072 1586 5127 ὁ
1606 5075 1642 5127 ὢν
1655 5073 1773 5142 sirm,
1791 5076 1835 5131 acl
1858 5078 1922 5134 W

367 5153 493 5209 terrm
516 5153 592 5224 apud
611 5154 707 5226 cyrill.
728 5153 798 5211 ibid.
827 5155 937 5227 Σήμερον
959 5155 1063 5228 Χριστὸς
1086 5153 1101 5209 t
1151 5147 1243 5219 γίνεται
1256 5150 1316 5220 love
1331 5147 1424 5220 vitiu·
1442 5153 1536 5227 ὢνγὲρ
1548 5154 1611 5219 hta
1624 5155 1718 5228 γίνεται
1729 5158 1868 5231 ἄνθρωπος.

1187 5245 1202 5286 e
1221 5231 1297 5288 Vert-
1313 5231 1358 5288 21.
1379 5234 1427 5287 Καὶ
1438 5233 1487 5307 γὰρ
1500 5238 1542 5290 καὶ
1552 5240 1648 5311 σφόδρα
1660 5239 1798 5312 παράδοξον
1809 5242 1920 5309 man,

357 5389 368 5435 l
381 5388 431 5444 err.
445 5388 472 5435 dc
482 5390 532 5434 Ace.
542 5390 592 5444 μι.
