4136 6178
430 475 777 558 lLLUSTRlSSlblO,
807 475 862 549 AC
889 475 1276 550 REVERENDISSIMO
1304 478 1499 552 PRAESULI

204 725 876 870 ISAACIO
964 728 1713 874 HABERTO

633 1024 828 1104 celsonae,
848 1026 898 1086 ET
919 1025 1057 1089 GOMITI
1078 1026 1286 1097 vnoRnNst

210 1277 396 1371 Nunquam
428 1289 528 1353 antea
557 1279 630 1352 iore
658 1290 867 1373 putaveram,
895 1281 1124 1354 illustrissime
1153 1282 1290 1365 Praesul,
1316 1290 1355 1352 nt
1372 1301 1435 1373 pro
1456 1284 1581 1355 tuenda
1611 1284 1760 1360 blosaroa

162 1400 236 1491 lege
253 1410 372 1473 contra
390 1404 626 1475 criminatores
644 1404 736 1476 illius
756 1403 902 1476 litteram
922 1406 1026 1476 ullam
1044 1405 1202 1476 laceram.
1218 1404 1293 1477 Non
1314 1406 1405 1477 enim
1425 1407 1638 1496 proditurum
1659 1410 1760 1482 rebar

162 1522 214 1594 bis
234 1526 448 1615 temporibus
467 1527 674 1618 quempiam,
696 1529 754 1619 qui
769 1527 855 1599 banc
871 1529 1042 1619 opinionis
1061 1527 1172 1599 labem
1188 1528 1382 1619 conciperet
1401 1531 1539 1601 animo:
1559 1531 1665 1602 multo
1678 1552 1758 1606 roro

161 1647 289 1735 miuus,
312 1649 369 1740 qui
391 1670 466 1720 eam
494 1651 627 1739 scriptis
661 1650 803 1722 auderet
834 1652 1009 1740 attingere.
1040 1650 1137 1737 Quod
1166 1652 1194 1722 si
1214 1652 1324 1722 uereri
1353 1651 1417 1723 hoc
1437 1653 1472 1722 iu
1494 1662 1644 1725 mentem
1673 1656 1756 1726 mibi

159 1768 322 1849 venisset,
344 1770 435 1841 baud
457 1772 615 1863 equidem
643 1793 857 1845 emersurum
888 1794 928 1845 ex
947 1773 1106 1845 Ecclesiae
1125 1774 1201 1845 sinu
1230 1774 1296 1844 tale
1322 1782 1517 1865 portentum
1545 1776 1758 1862 arbitrarer:

160 1889 220 1959 sed
242 1912 284 1962 ex
303 1892 360 1962 illa
381 1892 461 1965 laece
489 1894 766 1977 Manichaeorum,
789 1905 823 1966 11
846 1896 1009 1967 similium
1028 1897 1196 1987 pestium3
1220 1917 1365 1987 quarum
1383 1896 1485 1968 bodie
1505 1898 1557 1969 rel
1572 1900 1684 1982 nullae,
1706 1891 1759 1973 rel

161 2014 290 2105 exiguae
309 2014 494 2087 admodum
514 2017 665 2108 reliquiae
697 2026 890 2108 supersunt.
911 2018 1009 2091 Nunc
1028 2020 1189 2110 quoniam
1209 2019 1255 2089 ita
1286 2039 1383 2089 casus
1404 2019 1500 2101 tulit,
1542 2021 1613 2091 sive
1645 2024 1758 2111 potius

161 2137 285 2209 odensi
322 2138 522 2215 criminibus
554 2141 679 2210 nostris
711 2140 868 2212 Numinis
888 2140 1090 2231 indignatio,
1112 2149 1149 2210 ut
1181 2139 1214 2210 id
1236 2141 1446 2230 gementibus
1473 2142 1570 2213 bonis
1598 2145 1757 2217 omnibus

161 2260 315 2331 eveniret
334 2284 342 2330 :
364 2281 424 2352 ego
444 2281 555 2352 neque
574 2261 741 2332 laboranti
771 2262 930 2334 Ecclesiae
949 2283 1011 2353 pro
1040 2262 1126 2331 virili
1148 2272 1243 2352 parte
1264 2262 1382 2333 deesse
1404 2263 1512 2349 rolui;
1537 2273 1570 2335 et
1590 2273 1635 2345 to,
1659 2266 1756 2358 cujus

160 2381 223 2453 boc
236 2383 400 2473 auspiciis
414 2402 626 2474 capesserem
641 2382 855 2473 potissimum
875 2382 995 2473 delegi.
1011 2383 1108 2468 Quod
1129 2404 1190 2454 cur
1208 2384 1427 2468 instituerim,
1445 2385 1506 2456 etsi
1526 2392 1754 2477 argumentari

161 2503 245 2574 nibil
265 2503 321 2575 bic
339 2504 542 2596 cujusquam
557 2505 709 2586 interest,
728 2525 846 2576 causas
864 2513 977 2575 tamen
997 2505 1119 2576 allerre
1134 2527 1271 2597 possum
1292 2508 1467 2589 maximas
1490 2516 1523 2578 11
1539 2508 1754 2598 justissimas.

159 2627 197 2699 ln
211 2626 336 2717 primis
348 2626 566 2698 excellentem
581 2635 677 2697 tuum
692 2646 768 2698 cum
784 2627 819 2696 in
839 2626 1003 2697 doctrinis
1019 2628 1167 2710 caeteris,
1189 2636 1260 2699 tum
1271 2630 1307 2699 in
1327 2628 1402 2711 bac,
1415 2629 1507 2701 unde
1527 2633 1756 2703 controversia

158 2747 222 2819 ista
242 2758 325 2819 nata
343 2756 405 2831 est,
427 2768 540 2832 usum,
563 2769 601 2819 ac
632 2749 803 2839 peritiam.
835 2748 940 2839 Cujus
960 2749 1009 2818 rei
1028 2748 1156 2819 indicio
1176 2759 1271 2833 suut,
1294 2758 1414 2841 practer
1434 2752 1631 2842 magisterii,
1652 2772 1754 2843 quem

158 2873 311 2960 priuatus
331 2858 473 2962 adeptus
493 2893 543 2951 es,
560 2871 736 2960 theologici
757 2871 920 2961 gradum;
940 2878 997 2941 tua
1016 2872 1073 2942 illa
1096 2873 1361 2963 prastantissimi
1377 2874 1501 2963 ingenii
1522 2874 1750 2961 monimenta;

157 2994 285 3084 quibus
304 2993 495 3064 immortale
515 2992 604 3083 apud
625 2992 776 3064 eruditos
797 2994 943 3063 nominis
965 2993 1024 3064 tibi
1045 2992 1169 3078 decus;
1188 2993 1564 3085 Ecclesiaesingularem
1581 3016 1692 3086 opem,
1715 3018 1754 3068 ac

156 3116 356 3206 praesidium
384 3116 597 3206 comparasti.
630 3113 771 3186 Accedit
799 3135 860 3206 par
888 3116 1051 3187 doctrine
1078 3117 1302 3206 magnitudini
1334 3116 1407 3187 laus
1436 3127 1469 3188 et
1504 3117 1754 3190 commendatio

157 3237 322 3309 uirtutum
347 3262 355 3307 :
377 3258 438 3328 per
461 3257 545 3330 quas
565 3236 802 3308 Ecclesiastico
823 3237 941 3327 dignas
964 3236 1102 3308 bomine
1122 3246 1180 3309 tua
1208 3239 1256 3310 sic
1284 3239 1394 3310 omnis
1423 3247 1577 3311 anteacta
1604 3239 1756 3311 decurrit

157 3370 250 3442 atas,
272 3370 312 3431 ut
329 3360 403 3451 ejus
421 3360 649 3449 integritatem
671 3359 775 3441 nulla,
800 3379 842 3430 ne
863 3359 952 3430 lalsaa
971 3361 1130 3450 quidem,
1161 3360 1288 3430 nedum
1316 3360 1427 3432 dubiae
1444 3363 1646 3452 suspicionis
1672 3384 1755 3433 aura

157 3483 406 3571 perstrinxerit.
436 3481 566 3571 Quibus
594 3501 676 3551 sanc
696 3481 842 3564 meritis,
874 3489 907 3552 et
938 3481 1158 3552 honestarum
1186 3502 1301 3553 rerum
1335 3483 1455 3554 studiis
1488 3483 1688 3574 expolitum,
1722 3492 1755 3555 et

157 3604 330 3674 excultum
351 3582 465 3673 divina
486 3612 516 3675 te
546 3602 757 3694 providentia
776 3602 818 3672 ad
850 3603 1077 3694 principatum
1092 3603 1221 3674 ordinis
1241 3604 1330 3674 illius
1348 3606 1478 3676 erexit:
1500 3615 1538 3675 ut
1567 3605 1693 3696 quaein
1721 3613 1754 3676 te

157 3726 264 3796 animi
293 3726 429 3808 decora,
454 3733 488 3797 et
515 3733 715 3796 ornamenta
730 3733 957 3816 congesserat,
993 3745 1033 3797 ea
1051 3734 1230 3796 manarent
1248 3725 1368 3811 latius;
1396 3747 1435 3798 ac
1455 3747 1505 3810 se,
1534 3736 1694 3818 tauquam
1715 3747 1755 3797 ex

157 3849 323 3919 eminenti
344 3848 432 3930 loco,
456 3867 672 3919 communem
690 3847 732 3917 ad
752 3847 895 3919 salutem
913 3847 1057 3938 dilapsa,
1080 3868 1158 3930 111,
1183 3848 1404 3940 exemploque
1425 3848 1667 3922 diffunderent.
1692 3850 1754 3920 His

157 3972 280 4042 tertius
307 3964 513 4061 adjungatur
526 3970 616 4052 licet,
640 3978 674 4041 et
687 3968 729 4040 ad
752 3968 853 4061 hujus
868 3968 1006 4060 quidem
1035 3968 1230 4040 illecebram
1245 3967 1346 4040 officii
1381 3977 1581 4060 praepotens,
1605 3969 1754 4060 privatus

157 4091 191 4161 iu
207 4112 265 4163 mc
286 4104 376 4176 tuus,
398 4113 437 4163 ac
457 4094 642 4164 meusinte
656 4093 803 4163 vicissim
819 4111 926 4173 amor,
950 4091 1147 4163 earumdem
1167 4093 1407 4163 communione
1418 4092 1542 4162 artium
1556 4092 1754 4164 conciliatus

156 4233 196 4285 ac
217 4214 414 4300 devinctus;
436 4214 533 4307 cujus
553 4213 687 4305 publice
709 4222 838 4285 exstare
873 4214 1103 4284 testimonium
1135 4212 1271 4304 aliquod
1294 4215 1415 4305 optari.
1436 4214 1563 4287 Verum
1590 4214 1682 4284 nulla
1700 4235 1754 4287 me

157 4344 229 4407 tam
250 4358 291 4408 cx
307 4337 477 4420 omnibus,
501 4347 538 4408 ut
556 4336 642 4408 hanc
661 4337 790 4408 nomini
812 4344 870 4406 tuo
890 4334 1160 4406 lucubrationem
1181 4335 1343 4418 dicarem,
1366 4337 1452 4407 ratio
1473 4336 1631 4426 perpulit,
1652 4357 1754 4428 quam

157 4459 251 4550 quod
285 4459 322 4529 in
360 4460 480 4531 eadem
504 4469 536 4531 te
565 4459 728 4551 jactatum
764 4478 837 4528 esse
867 4458 1084 4528 contentione
1114 4457 1359 4541 memineram;
1398 4464 1432 4528 et
1465 4466 1583 4527 contra
1617 4459 1754 4530 eosdem

158 4580 374 4652 aduersarios
393 4602 463 4653 uon
482 4582 594 4652 minus
613 4590 764 4660 strenue,
787 4600 889 4671 qoam
909 4580 1054 4670 gloriose
1073 4579 1263 4650 dimicasse.
1284 4577 1369 4650 Cum
1387 4587 1423 4650 tu
1443 4579 1582 4670 quidem
1601 4580 1754 4652 nondum

158 4702 201 4773 ad
217 4704 349 4775 insulas
371 4712 521 4785 vocatus,
545 4711 578 4774 et
597 4701 796 4772 Parisieusis
815 4701 925 4772 adhuc
947 4701 1096 4773 ecclesiae
1116 4700 1311 4791 theologus3
1344 4701 1403 4771 sed
1422 4701 1492 4792 jam
1518 4701 1607 4771 lama
1625 4702 1754 4793 ubique

159 4835 285 4911 notus3
307 4836 380 4896 tom
411 4823 640 4896 celeberrimis
675 4824 908 4906 concionibus,
933 4832 1004 4893 tum
1038 4822 1170 4894 reiertis
1197 4823 1288 4893 omni
1322 4822 1553 4894 doctrinarum
1588 4825 1698 4915 copia,
1721 4835 1756 4897 et

160 4948 325 5038 grauitate
349 4947 445 5017 libris
474 4954 680 5038 grassantem
701 4946 871 5036 opinionis
892 4965 983 5015 novae
1001 4945 1173 5016 licentiam
1193 4944 1404 5016 retunderes.
1434 4946 1508 5031 Quo
1530 4964 1570 5017 ex
1588 4954 1646 5017 tuo
1665 4947 1753 5019 lacto

160 5069 219 5139 illa
240 5078 274 5140 11
293 5088 426 5140 merces
440 5067 483 5139 ab
497 5068 661 5159 improbis
687 5077 737 5138 ast
756 5077 948 5152 consecuta,
969 5089 1043 5159 quae
1068 5067 1247 5157 ejusmodi,
1272 5067 1381 5158 qualis
1396 5076 1431 5136 tn
1447 5088 1495 5150 es,
1518 5067 1560 5139 ab
1577 5068 1754 5141 bominum

161 5212 289 5281 gauere
303 5192 369 5262 isto
388 5192 606 5281 proponitur;
628 5198 667 5260 ut
692 5190 735 5261 ab
763 5189 921 5262 Ecclesiae
943 5188 1094 5281 pernicie
1114 5210 1175 5280 per
1195 5197 1227 5260 11
1240 5188 1402 5280 depulsus
1421 5189 1558 5261 illorum
1592 5188 1698 5273 iuror,
1719 5192 1753 5261 iu

161 5322 194 5385 tc
213 5313 329 5404 ipsum
344 5310 560 5383 redundaret.
581 5311 788 5383 bustiterunt
808 5312 898 5383 enim
918 5310 960 5381 ab
977 5332 1017 5382 eo
1036 5320 1189 5401 tempore
1205 5309 1282 5379 libri
1303 5311 1346 5381 ab
1373 5311 1439 5382 illis
1458 5310 1538 5382 editi
1563 5311 1755 5402 complures

324 5433 402 5496 Tou.
423 5432 463 5492 V.
1036 5477 1042 5486 .
1617 5431 1629 5489 q
