4122 6248
298 316 359 376 666
807 307 1133 396 theotonicorum
1153 308 1371 372 66666666

300 479 374 539 Haec
400 474 483 537 enim
512 492 551 536 66
582 474 781 554 consequenti
812 474 935 547 docent,
960 493 1069 538 revera
1119 473 1201 536 Veni
1220 473 1327 554 igitur,
1347 473 1401 553 qui
1415 491 1433 534 a
1446 470 1612 534 Valentino
1631 476 1715 547 sunt,
1732 470 1793 533 hoc
1809 470 1886 551 dog·

300 569 446 629 eumdem
480 585 519 628 66
551 567 657 630 Mariae
694 566 865 628 substantia
897 567 1070 627 humanam
1118 566 1310 644 matizantes,
1330 566 1376 627 uti
1397 565 1562 627 excludant
1579 564 1713 625 sulutem
1733 563 1836 625 carnis
1855 568 1886 625 et

300 660 497 739 assumpsisse
524 666 684 734 naturam,
701 666 732 720 ct
745 660 969 734 substantiam
985 658 1069 738 quod
1118 659 1286 739 reprobent
1297 659 1533 738 plasmationem
1548 655 1631 719 11611.
1645 682 1659 711 ι

300 753 423 832 egregie
437 753 714 814 Patresafflrmant.
1159 752 1215 811 IV.
1238 750 1446 813 Tertullianus
1464 750 1498 811 in
1515 748 1595 810 libro
1613 748 1648 811 de
1661 767 1748 811 66666
1759 747 1885 825 Christi,

341 846 393 905 111.
416 846 552 906 lraeneus
571 845 605 905 in
626 846 716 906 tertio
742 844 841 921 lihro,
857 845 955 924 capite
976 858 1066 913 66666,
1119 844 1217 922 capite
1236 860 1306 919 xrx,
1327 843 1473 905 eumdem
1484 841 1683 903 Valentinum
1704 840 1887 902 haereticum

300 956 372 999 6666
390 938 422 997 16
438 938 633 999 antecedenti
652 938 750 1016 capite
763 936 941 1014 scripsisset,
955 936 1070 997 idcirco
1119 934 1272 1010 6616116666,
1292 935 1366 996 inde
1383 935 1512 1015 insuper
1529 938 1776 1014 argumentatur,
1797 950 1838 1020 66
1851 933 1886 992 Β.
2002 955 2010 967 ·

301 1030 339 1090 de
348 1030 754 1108 MariaVirgineiormatum
767 1047 832 1091 esse
844 1046 962 1090 novum
971 1028 1071 1089 homi·
1119 1027 1253 1105 Virginis
1267 1031 1355 1088 utero
1370 1027 1484 1089 Christi
1498 1044 1623 1089 carnem
1637 1043 1703 1088 6666
1716 1029 1886 1105 sumptam,

300 1140 385 1194 nem,
417 1140 483 1183 non
516 1127 621 1183 6666666
656 1141 694 1184 ex
726 1122 818 1190 limo,
854 1120 946 1200 primi
972 1121 1070 1181 instar
1118 1120 1202 1199 quod
1229 1120 1344 1200 alioqui
1369 1119 1484 1181 frustra
1507 1119 1719 1182 «descendens
1745 1118 1784 1178 de
1809 1115 1889 1178 ooeio

300 1213 454 1290 hominis;
482 1233 523 1275 ne
545 1214 631 1275 aliud
650 1214 806 1294 opificium
824 1219 919 1290 66666,
934 1218 965 1273 66
977 1212 1017 1272 ah
1031 1230 1069 1274 eo
1119 1217 1242 1273 sanctus
1259 1211 1311 1273 1116
1329 1210 1455 1292 spiritus
1472 1212 1537 1287 1161,
1553 1218 1691 1279 saneim
1712 1209 1888 1289 Virginem,

299 1308 467 1384 diversum,
484 1308 568 1388 quod
588 1308 622 1368 in
643 1306 850 1386 corruptelam
863 1305 1023 1381 inciderat,
1039 1309 1070 1366 et
1119 1305 1209 1383 cujus
1221 1310 1310 1366 utero
1333 1322 1366 1366 se
1387 1304 1571 1383 insinuaret,
1595 1304 1786 1384 elegittaut
1807 1303 1889 1363 Lac-

299 1405 464 1479 proptcrea
489 1399 694 1461 reficiendum
724 1403 808 1460 erat:
836 1398 900 1471 his,
926 1400 1065 1476 inquam,
1119 1396 1208 1458 tantii
1222 1396 1323 1459 verbis
1336 1395 1439 1475 utar¹,
1455 1396 1510 1478 qui
1528 1405 1659 1457 66666666
1675 1395 1734 1457 net
1744 1395 1890 1475 spiritum

299 1491 473 1570 explicatis,
498 1491 542 1552 ita
564 1509 741 1553 sermonem
759 1490 908 1569 pertexit:
929 1510 944 1547 6
958 1490 1071 1551 Earum
1118 1489 1253 1570 appellat
1276 1506 1439 1567 persenam
1458 1488 1516 1549 11111
1540 1487 1890 1568 iieizquemadmodum

298 1583 405 1660 igitur,
421 1584 476 1663 qui
490 1583 598 1645 dicunt
615 1600 688 1644 eum
701 1582 777 1643 nihil
794 1601 831 1643 ex
841 1581 969 1660 Virgine
983 1599 1068 1642 aece-
1119 1587 1150 1642 et
1161 1581 1381 1658 Tertullianus,
1397 1580 1452 1662 qui
1475 1580 1519 1641 sic
1532 1579 1656 1642 scribit:
1671 1602 1688 1639 ιι
1702 1581 1763 1642 066
1780 1597 1850 1655 666,
1864 1577 1890 1639 61

298 1675 389 1755 pisse,
412 1681 448 1736 ut
468 1674 614 1754 abjiciant
637 1675 736 1735 carnis
751 1674 974 1748 haereditatem,
991 1673 1069 1752 ahji·
1120 1673 1175 1734 hei
1187 1674 1313 1752 spiritus
1326 1691 1392 1734 non
1404 1674 1443 1734 de
1462 1671 1557 1734 vulva
1577 1690 1704 1734 carnem
1722 1671 1889 1751 participa-

298 1768 382 1828 ciant
406 1773 510 1829 autem
536 1772 567 1828 et
594 1765 842 1828 similitudinem.
864 1766 896 1826 Si
910 1765 994 1827 enim
1018 1765 1069 1825 1116
1118 1770 1209 1828 66666
1222 1766 1379 1828 descendit
1397 1765 1431 1826 in
1444 1765 1582 1839 vulvam,
1602 1783 1659 1826 cur
1679 1764 1839 1826 deseendit
1856 1764 1890 1822 in

298 1859 424 1939 quidem
443 1860 481 1921 de
507 1866 603 1936 66666,
630 1866 662 1919 66
689 1877 801 1933 manu,
826 1854 1070 1920 666661116161161
1117 1858 1268 1922 vulvam?
1283 1858 1384 1919 Potuit
1398 1857 1482 1919 enim
1494 1864 1659 1919 extrenum
1669 1856 1737 1919 fieri
1751 1856 1892 1934 6666661-

298 1952 553 2031 plasmationem,
576 1957 607 2013 et
637 1951 840 2012 substantiam
864 1950 992 2024 habuit3
1019 1949 1070 2011 hic
1118 1952 1249 2027 ritualia,
1266 1951 1436 2031 simplicius
1450 1951 1660 2030 multo,quum
1673 1950 1890 2011 intravulvam

298 2050 403 2107 autem
418 2063 481 2106 non
496 2062 605 2116 manu,
631 2049 662 2104 66
675 2043 803 2104 artificio
821 2042 889 2111 Dei,
914 2042 981 2120 jam
1004 2060 1070 2103 non
1118 2044 1207 2107 fieret
1219 2050 1306 2107 extra
1316 2044 1453 2105 vulvam.
1471 2044 1547 2105 Sine
1559 2062 1650 2105 eausa
1664 2059 1704 2103 66
1717 2060 1750 2103 se
1770 2042 1889 2118 intulit,

298 2136 431 2199 66666616
441 2136 677 2197 similitudinem
693 2135 839 2211 hominis,
851 2134 905 2214 qui
917 2135 1071 2196 1666666666
1118 2138 1201 2198 unde
1214 2137 1293 2198 nihil
1316 2136 1436 2199 6666116.
1461 2136 1521 2197 Sed
1536 2154 1602 2197 non
1625 2135 1692 2196 sine
1706 2153 1800 2197 causa
1819 2135 1890 2196 6166-

298 2230 469 2291 secundum
483 2228 651 2307 imaginem
661 2227 767 2307 ipsius,
777 2226 1067 2302 etsimiiitudinem,
1119 2231 1221 2292 cendit
1237 2231 1270 2291 in
1292 2230 1418 2291 66616666
1431 2249 1438 2291 :
1450 2248 1525 2309 ergo
1543 2228 1646 2291 661116
1666 2226 1891 2308 6666616066

298 2328 329 2382 66
338 2323 514 2383 inconstans
524 2320 688 2381 artificium
700 2319 865 2395 videbitur,
874 2337 939 2381 uon
952 2319 1070 2379 habens
1119 2322 1145 2383 si
1157 2341 1221 2383 non
1236 2322 1340 2384 661116
1353 2322 1481 2402 accepit,
1496 2321 1561 2382 sine
1571 2337 1662 2382 causa
1674 2320 1710 2381 in
1724 2320 1812 2380 illam
1823 2319 1891 2380 des·

298 2413 379 2474 circa
401 2414 485 2493 quod
500 2411 640 2474 ostendat
664 2413 850 2491 sapientiam
876 2426 976 2472 suam.
1002 2411 1068 2472 iioe
1118 2415 1231 2490 cendit,
1251 2413 1387 2475 maxime
1402 2413 1469 2492 ejus
1486 2413 1641 2492 qualitatis
1660 2430 1731 2473 caro
1752 2411 1888 2486 16666666,

267 2556 271 2561 .
299 2511 403 2567 alitem
413 2505 514 2566 dicere
525 2514 580 2578 est,
598 2508 630 2563 et
641 2505 779 2584 putative
793 2503 968 2582 apparuisse
983 2519 1067 2578 eum,
1119 2525 1188 2586 quae
1201 2525 1266 2568 non
1279 2516 1345 2568 6666
1357 2507 1472 2583 6661666,
1486 2505 1518 2566 id
1531 2510 1577 2567 est
1597 2502 1765 2585 spiritualis
1774 2503 1798 2565 ¹.
1810 2525 1826 2563 6

298 2604 329 2659 66
345 2604 494 2677 tanquam
516 2596 688 2668 hominem,
705 2613 777 2656 cum
790 2613 855 2656 non
869 2608 948 2656 esset
960 2594 1068 2671 homo,
1158 2600 1232 2659 Mox
1245 2601 1340 2660 instat
1361 2617 1399 2660 66
1414 2599 1445 2658 61
1465 2602 1496 2658 66
1515 2597 1642 2658 6661666
1662 2595 1891 2677 praepositionis

299 2689 455 2752 etinctum
468 2707 540 2750 eum
553 2688 713 2749 hominem
723 2687 802 2748 nihil
813 2692 1021 2748 assumentem
1030 2687 1069 2747 de
1118 2709 1166 2764 eo,
1182 2710 1244 2770 qua
1258 2708 1351 2752 sacrae
1365 2694 1497 2750 utuntur
1510 2688 1620 2750 litterae
1638 2709 1645 2749 ε
1660 2689 1700 2749 de
1719 2705 1781 2767 qua
1796 2688 1890 2749 etiam

298 2783 436 2844 homine.
457 2782 489 2842 Si
504 2782 589 2842 enim
603 2798 667 2841 non
682 2781 799 2859 accepit
810 2779 849 2840 ah
861 2779 987 2840 homine
1000 2778 1071 2839 sub
1120 2784 1332 2863 confligentes,
1347 2789 1378 2845 et
1391 2782 1627 2862 tergiversantes
1648 2781 1810 2855 1666661666
1823 2778 1891 2859 pui-

298 2872 778 2952 stantiamcarnis,nequehomo
791 2870 888 2932 iaetus
903 2877 1070 2950 6666666666
1119 2876 1192 2937 61666
1219 2874 1388 2954 redarguit.
1410 2875 1446 2934 Et
1468 2874 1562 2951 digna
1584 2878 1658 2935 sunt
1679 2873 1763 2934 iilius
1781 2871 1887 2948 verba,

298 2968 381 3029 filius
395 2965 540 3028 hominis.
556 2966 595 3025 Et
608 2965 634 3024 si
647 2963 706 3025 hoe
721 2982 785 3025 non
797 2962 896 3024 factus
910 2968 970 3039 666,
986 2962 1069 3043 quod
1120 2985 1189 3046 quae
1202 2967 1262 3027 hoc
1274 2967 1341 3027 1666
1362 2965 1556 3050 referantur:
1572 2965 1703 3039 «Qualis
1723 2970 1771 3025 est
1783 2969 1889 3026 autem

298 3078 355 3121 nos
383 3076 517 3134 eramus,
547 3076 611 3118 non
635 3074 787 3136 maguum
811 3055 956 3129 iaciebat,
986 3055 1070 3135 quod
1118 3059 1296 3120 tortuositas
1321 3064 1423 3119 666666
1449 3064 1485 3119 ut
1520 3058 1619 3137 ipsam
1649 3057 1708 3139 (66)
1738 3055 1890 3136 syllabam

299 3169 407 3231 pressus
427 3157 482 3223 est,
508 3154 538 3209 66
563 3148 729 3209 6666166616.
756 3169 771 3205 6
798 3148 836 3207 Ε6
862 3148 954 3227 paulo
981 3153 1068 3227 post:
1119 3148 1890 3232 prepositionisoffieioadscriptamaulerrequa

303 3244 476 3304 «Ceterum
484 3257 675 3321 supervacua
683 3241 767 3301 estin
775 3239 1069 3301 Mariamdescensio
1119 3244 1192 3304 ratis
1207 3249 1238 3304 et
1248 3243 1309 3304 alia
1322 3243 1420 3320 magis
1434 3243 1491 3319 uti,
1505 3260 1575 3323 quae
1590 3243 1625 3302 in
1638 3242 1696 3304 hac
1709 3241 1811 3322 spe-cie
1825 3257 1890 3301 non

299 3335 375 3413 ejus.
391 3334 471 3408 Quid
486 3334 571 3394 enim
585 3332 619 3393 in
634 3350 703 3393 eam
718 3331 934 3407 descendebat,
951 3332 977 3391 si
990 3332 1070 3393 nihil
1120 3336 1278 3397 invenitur
1291 3352 1387 3415 penes
1400 3334 1573 3415 Scripturas
1590 3334 1735 3396 66666661
1749 3336 1812 3395 Per
1822 3332 1889 3393 616-

298 3426 466 3506 incipiebat
479 3442 602 3486 sumerc
616 3423 655 3485 ab
670 3423 726 3484 661
746 3426 809 3483 Aut
824 3423 849 3483 61
868 3423 948 3484 nihil
961 3441 1068 3504 sump·
1119 3429 1225 3506 ginem
1245 3428 1344 3489 dicitis
1363 3434 1484 3502 natum,
1508 3446 1573 3488 non
1592 3446 1630 3489 66
1649 3427 1789 3506 Virgine,
1810 3424 1889 3487 etin

299 3518 388 3579 sisset
409 3517 583 3592 66116616,
605 3532 848 3595 nimquameas,
872 3520 1070 3594 6666666666
1118 3519 1220 3597 66166,
1241 3538 1305 3581 non
1332 3538 1371 3582 66
1396 3520 1501 3594 vulva,
1530 3520 1604 3600 quia
1633 3525 1665 3581 et
1690 3519 1829 3599 Angelus
1856 3518 1890 3579 16

299 3615 397 3678 erant,
414 3608 597 3689 percepisset
618 3626 712 3681 escas,
736 3625 793 3687 per
814 3624 890 3685 qtras
908 3607 940 3667 id
953 3608 1070 3686 qrroda
1118 3612 1543 3692 somnisadiosep113Nam
1563 3611 1648 3692 quud
1670 3612 1704 3673 in
1719 3629 1756 3673 ea
1779 3616 1891 3672 66666666

297 3706 381 3762 66666
394 3705 554 3780 sumptum
568 3705 644 3777 erat,
659 3699 797 3760 nutritur
810 3707 952 3778 corpus⁰.
969 3724 983 3753 ν
1118 3709 1174 3777 666,
1198 3703 1310 3784 iuquit,
1327 3704 1366 3765 de
1384 3703 1499 3782 Spiritu
1518 3710 1625 3766 sancto
1647 3710 1711 3779 est;
1726 3721 1792 3764 nou
1813 3702 1892 3764 dixit

340 3793 550 3868 Quamobrem
564 3791 645 3852 idem
662 3809 726 3852 esse
738 3791 874 3851 irenaeus
885 3790 1068 3871 interpreta—
1118 3814 1222 3858 exea.
1242 3797 1360 3876 Nempe
1374 3801 1490 3872 tamen,
1511 3797 1569 3858 etsi
1589 3815 1627 3858 66
1646 3814 1684 3857 ea
1701 3795 1836 3868 dixisset,
1855 3795 1891 3855 in

298 3891 350 3947 666
364 3885 520 3946 affirmare
539 3883 652 3944 Christi
667 3899 780 3961 cerpus
800 3881 900 3962 specie
921 3888 1022 3956 tenus,
1039 3890 1069 3945 et
1118 3907 1155 3950 66
1167 3888 1297 3950 (1166666.
1309 3891 1345 3951 in
1359 3907 1397 3950 66
1409 3889 1494 3951 enim
1507 3895 1585 3966 6666,
1601 3888 1685 3968 quod
1705 3907 1744 3950 66
1759 3906 1796 3950 ea
1808 3892 1887 3950 erat.

297 3995 450 4058 apparens
463 3982 587 4037 tautum
601 3974 761 4049 exstitisse,
777 3979 809 4035 et
822 3970 957 4050 aliunde,
974 3991 1069 4055 quam
1117 3981 1324 4043 Tantumdem
1363 3999 1436 4062 ergo
1470 3986 1502 4042 et
1533 3999 1607 4043 cum
1642 3981 1727 4059 dicit,
1762 3979 1796 4041 in
1839 3998 1887 4055 ea,

299 4085 337 4132 66
351 4069 448 4131 Maria
457 4069 583 4143 Virgine
597 4067 674 4127 illud
689 4072 848 4147 acceptum
860 4065 964 4127 161666.
977 4068 1068 4133 Quod
1117 4075 1251 4132 666666
1271 4076 1440 4131 consonat:
1454 4070 1527 4150 quia
1546 4088 1586 4132 66
1599 4089 1636 4132 ea
1653 4076 1731 4146 erat,
1752 4069 1837 4150 qnod
1855 4069 1891 4129 in

299 4160 711 4240 etinlibroquintorepetit:
725 4158 940 4220 «Ostendimus
950 4166 1066 4234 autem,
1118 4178 1153 4223 aa
1168 4169 1243 4224 erat.
1260 4161 1320 4224 Sed
1332 4161 1422 4236 bene,
1434 4162 1611 4242 quodidem
1626 4162 1701 4223 dicit
1710 4162 1888 4240 Matthaeus,

298 4252 514 4333 ait,quoniam
537 4251 620 4313 idem
644 4255 689 4311 est
710 4250 848 4330 putative
870 4249 972 4313 dicere
994 4268 1068 4314 eum
1118 4254 1270 4333 originem
1298 4253 1426 4316 Domini
1448 4254 1616 4317 deciurens
1645 4254 1685 4315 ab
1717 4254 1887 4330 Abraham,

298 4345 411 4423 risum,
436 4351 466 4406 et
491 4344 632 4404 61161166
652 4342 752 4402 Maria
774 4344 936 4422 accepisse.
963 4344 1068 4423 Neque
1119 4364 1217 4427 usque
1239 4345 1278 4407 ad
1300 4346 1441 4422 Mariam,
1468 4346 1569 4420 Jacob,
1595 4346 1710 4425 inquit,
1737 4350 1890 4427 generauit

299 4438 382 4498 enim
392 4442 470 4499 esset
476 4454 548 4497 vere
558 4436 752 4513 sanguinem,
764 4440 794 4495 66
805 4452 930 4495 carnem
939 4436 1067 4515 hahens,
1117 4435 1221 4518 Josept
1236 4436 1333 4499 uirum
1347 4437 1470 4511 Μανία),
1480 4456 1586 4520 ecquo
1602 4438 1732 4500 66666166·
1741 4437 1887 4500 carmes.

299 4548 355 4609 per
368 4547 463 4609 quam
473 4547 531 4589 nos
544 4526 687 4602 redemit,
697 4525 755 4586 nisi
764 4526 925 4606 antiquam
939 4528 1069 4607 plasma·
1119 4528 1181 4591 Sed
1208 4534 1240 4590 66
1267 4530 1384 4591 Paulus
1406 4530 1623 4591 Grammaticis
1645 4529 1710 4591 istis
1730 4529 1889 4592 silentium

298 4620 417 4682 tionem
443 4620 519 4682 Adae
539 4620 574 4680 in
596 4617 797 4699 semetipsum
824 4619 1064 4698 recapitulasset.
1117 4621 1375 4702 imponit:Mt'stt,
1390 4621 1502 4702 inqiut,
1526 4621 1604 4683 Deus
1615 4620 1712 4703 fitium
1723 4641 1810 4684 66666
1823 4622 1890 4703 [66-

336 4842 357 4882 a
376 4825 453 4881 16666.
469 4823 544 4895 apud
559 4822 723 4882 Theodorei.
744 4823 810 4881 dial.
828 4824 848 4879 i.
869 4820 943 4878 Ἐπεὶ
966 4821 1068 4896 περισσὴ
1123 4818 1291 4898 Ἀιιεδε1ξαμεν
1306 4822 1381 4881 etta
1395 4825 1424 4881 rb
1437 4825 1498 4881 atet
1512 4825 1562 4881 ἔστι
1576 4827 1674 4895 δοκήσει
1688 4826 1769 4900 λέγειν
1783 4826 1888 4901 erepsi-

299 4907 368 4977 aeth
383 4906 469 4975 ιίςτὴν
483 4906 580 4979 1116ρ1αν
594 4906 823 4970 abrotadilobomi
835 4901 932 4980 γὰρκαὶ
947 4905 981 4969 εἰς
993 4906 1068 4976 wichs
1118 4926 1174 4975 ναι,
1195 4909 1235 4962 καὶ
1258 4906 1328 4962 ethis
1350 4907 1376 4962 ἔκ
1399 4913 1442 4977 τῆς
1454 4910 1551 4983 Sirpiae
1571 4908 1706 4982 εἰληφέναι.
1722 4909 1779 4964 otti
1800 4906 1888 4982 γὰρῆν

298 4995 392 5067 κατῄει,
407 4991 428 5045 tl
443 4989 516 5063 μηδὲν
530 4990 618 5063 ἔμελλε
632 4991 751 5062 λήψεσθαι
771 4990 829 5063 παρ’
848 4989 938 5058 αὐτῆς
953 4990 989 5044 ἔτι
1005 5010 1032 5045 τε
1047 4990 1070 5045 εἰ
1118 4990 1214 5059 ἀληθῶς
1229 4992 1318 5063 σάρκα,
1330 4993 1372 5045 καὶ
1382 4985 1445 5065 αἷμα
1461 4991 1581 5066 ἐσχηκὼς,
1597 4988 1675 5047 δι’ὧν
1690 4992 1757 5064 ἡμᾶς
1772 4990 1887 5065 {inrupti-

300 5077 375 5148 μηδέν
390 5074 482 5145 zittert
502 5074 569 5146 παρὰ
586 5077 630 5142 τῆς
650 5073 756 5144 hispida,
779 5072 823 5127 6616
839 5074 868 5127 ἂν
889 5073 933 5135 τὰς
952 5072 1001 5127 ἀπὸ
1024 5078 1069 5145 γῆς
1117 5092 1190 5138 aare,
1206 5072 1275 5147 61μή
1290 5073 1333 5142 ahs
1355 5074 1459 5149 ἀρχαίαν
1482 5076 1571 5131 πλάσιν
1595 5084 1638 5130 τοῦ
1654 5075 1734 5147 ‘terp
1747 5075 1783 5137 εἰς
1799 5075 1887 5130 inerte

299 5157 448 5231 εἰλημμένας
467 5157 588 5230 προσίετο)
602 5157 703 5229 τροφὰς,
718 5156 751 5209 δι’
765 5152 801 5210 ὧν
813 5156 843 5210 rh
858 5155 906 5211 tat
919 5160 964 5228 γῆς
977 5156 1067 5228 ληφθέν
1118 5156 1356 5228 ἀνεκεφαλαιώσατο.
1376 5160 1475 5229 μάταιοι
1488 5155 1530 5213 οὖν
1545 5158 1569 5214 ei
1583 5158 1632 5213 tat
1649 5159 1797 5213 halaesinus
1813 5153 1887 5214 τνῦτο

299 5241 410 5313 τρέφεται
420 5245 502 5311 σῶμα.
1117 5239 1319 5314 δογματίζοντις,
1332 5240 1375 5296 ἵνα
1385 5239 1505 5298 tridium
1518 5240 1562 5311 τὴν
1574 5241 1639 5311 ζωὴν
1653 5246 1697 5310 τῆς
1708 5243 1808 5314 σαρκός.

335 5323 412 5380 tid.
438 5322 486 5377 lib.
503 5322 536 5388 V,
552 5338 612 5394 cap.
642 5338 652 5378 1
675 5316 749 5395 apud
778 5318 914 5381 Theodor.
941 5317 1008 5379 dial.
1030 5321 1065 5380 11.

297 5476 298 5480 ’
325 5468 337 5510 1
352 5464 437 5516 66661.
451 5465 485 5519 u,
498 5477 518 5512 6.
530 5478 597 5515 666,-
608 5472 620 5512 6
631 5467 690 5513 ’1666
696 5468 722 5514 tto
733 5478 796 5514 6666.
809 5469 862 5515 dtr.
877 5479 897 5514 o.
912 5480 954 5515 666.
