4078 6162
319 298 379 367 ³92
826 296 1153 364 ruaotnfflcouutt
1171 295 1389 362 metatum

356 463 481 527 XLHic
492 464 556 526 duo
566 469 675 527 notare
688 465 788 529 obiter
801 471 932 546 oportet.
948 466 1089 529 Alterum
1177 464 1246 526 XII.
1267 464 1340 526 Post
1353 461 1517 542 Gyrillum,
1533 462 1728 542 hequendm
1738 463 1877 530 ιινσὺλιεο-
1920 475 1965 523 τιν

316 562 427 632 τλνααθ’
440 563 575 619 ὑπόστασιν
590 565 676 619 ἕνωσιν
702 558 760 619 soli
778 558 987 620 lucarnatloni
1015 576 1088 619 (ton-
1138 557 1297 636 legerunt,
1316 556 1456 635 adeoque
1468 554 1879 620 totiusEettleflloeversttltttttt
1904 527 1974 636 ‘effi'

316 645 434 708 venue.
445 648 538 726 Atqui
544 648 625 711 inter
638 650 768 711 Maximi
784 650 932 730 opuscula
942 650 1090 711 tredecim
1139 657 1225 719 ὑνωσις
1238 657 1253 725 η
1268 656 1321 710 ισὺ
1334 657 1479 711 ὑπόστασιν.
1500 648 1588 710 Hanc
1598 649 1734 728 primum
1746 649 1879 729 Ephaina
1901 639 1982 691 ΨΜ

317 739 358 801 ab
373 739 535 801 Francisco
549 742 701 802 thuriano
715 742 842 804 collecte
854 760 955 803 unum
977 749 1034 817 est,
1055 744 1090 803 in
1138 741 1275 820 synodus
1287 738 1574 820 approbarit⁸,dum
1583 740 1880 803 secundamudlllesto

318 851 381 912 quo
401 832 487 894 varia
500 833 652 894 unitionis
665 852 780 913 genera
793 834 949 909 describit,
965 840 996 895 et
1008 834 1090 896 inter
1138 833 1219 894 νίεαπ
1230 832 1392 912 epistolum
1404 832 1513 912 Gyrilli
1524 850 1629 893 coram
1638 832 1806 911 perlectam,
1814 833 1883 913 judi·

316 923 386 986 haec
409 923 496 986 illam
523 926 752 1006 complectitur,
773 945 844 1007 quas
868 924 1090 988 caturcensium
1139 924 1220 986 cavit
1247 924 1440 1002 catholicam,
1465 930 1496 985 et
1523 924 1705 986 auctoritate
1728 943 1780 987 sua
1798 931 1882 987 ratam

317 1016 517 1097 hypostasim
532 1022 565 1078 et
578 1018 685 1081 «hane
698 1018 1088 1092 insubstantiisessedicit,
1139 1015 1262 1077 hahuit.
1277 1016 1393 1090 Quain
1411 1015 1539 1095 epistole
1552 1016 1666 1078 ffiseroe
1688 1018 1881 1097 scriptumest,

318 1109 403 1169 utin
416 1110 523 1172 anima
534 1115 565 1171 et
578 1128 744 1190 corpore.»
758 1112 876 1172 Verum
888 1110 978 1172 aliter
991 1110 1090 1171 unitio
1144 1109 1283 1168 «Deum
1316 1107 1455 1169 Verbum
1482 1109 1620 1171 univisse
1653 1109 1712 1170 sibi
1739 1111 1883 1171 secundum

316 1198 373 1261 illa
385 1201 533 1281 corporis,
548 1207 578 1262 et
592 1203 705 1263 animae
714 1203 886 1265 secundum
898 1202 1091 1281 hypostasim
1140 1199 1342 1279 hypostasim,
1363 1217 1489 1261 carnem
1502 1201 1673 1262 ammatam
1686 1201 1818 1263 rationali
1828 1202 1882 1262 ani·

318 1290 452 1367 dicitur,
483 1310 578 1372 quam
602 1293 635 1354 in
660 1294 875 1355 lucernatione
906 1292 1010 1353 Verbi.
1049 1292 1091 1371 (Si
1140 1289 1315 1352 natast
1339 1292 1537 1371 paulopost,
1570 1293 1759 1366 «Quoniam
1780 1298 1884 1372 propter

317 1382 493 1463 hypostasis
504 1384 631 1462 vulgate
643 1386 770 1446 notione
781 1404 838 1463 pro
851 1385 1001 1465 supposito
1012 1383 1091 1463 capi·
1141 1400 1213 1457 nos,
1245 1382 1358 1461 inquit,
1390 1388 1422 1443 et
1451 1389 1579 1462 propter
1603 1390 1743 1445 nostram
1762 1384 1883 1462 odotem

317 1480 386 1535 tur:
404 1476 488 1553 quod
515 1494 599 1537 nunc
617 1478 777 1537 communi
790 1476 989 1554 indulgemus
1002 1476 1088 1537 usui:
1139 1474 1280 1537 humana
1302 1479 1416 1537 nature
1436 1475 1610 1536 seeundum
1636 1476 1816 1555 hypostasim
1837 1476 1882 1536 sibi

319 1584 391 1628 eum
420 1567 535 1647 alioqui
560 1568 692 1648 Gyrillus
717 1576 851 1631 ὑπόστασιν
878 1568 972 1648 paulo
1004 1568 1092 1629 aliter
1141 1566 1739 1646 uuita,processitexmuliere⁰.o0uod
1749 1568 1884 1646 spicam

318 1656 525 1733 intellexerit;
552 1658 598 1718 uti
622 1677 679 1719 suo
705 1660 772 1719 loco
787 1659 942 1735 dicetur¹,
968 1659 1091 1721 eumab
1142 1657 1253 1737 synodi
1269 1658 1422 1735 judicium
1446 1676 1512 1720 non
1525 1660 1632 1721 miuus
1652 1660 1885 1721 oecumenicarum

318 1750 464 1811 haeretica
476 1749 565 1811 illum
584 1750 742 1812 calumnia
755 1751 1005 1821 vindicabimus.)
1028 1752 1092 1812 Illic
1141 1755 1340 1828 ceterarum,
1382 1769 1418 1812 ec
1458 1751 1645 1830 pontificum
1684 1752 1883 1824 Romanorum,

320 1843 407 1904 enim
419 1842 488 1903 ideo
500 1843 543 1903 sie
556 1849 695 1921 vocatur,
708 1844 934 1923 quiaduaeillae
947 1844 1093 1922 partesin
1141 1842 1298 1921 totiusque
1312 1842 1388 1903 adeo
1416 1842 1510 1905 baisse
1533 1845 1724 1906 censendum
1744 1851 1786 1906 est
1803 1845 1885 1906 Fcclc·

319 1952 417 1995 unam
431 1936 622 1997 conveniunt
646 1936 838 2015 hypostasim
862 1935 1019 2010 hominis;
1035 1936 1093 1997 etsi
1142 1933 1290 2009 siae,eum
1313 1935 1472 1995 communi
1493 1936 1819 1997 omniumauctoritate
1835 1942 1885 1998 tan

320 2030 432 2087 neutra
453 2027 579 2106 proprie
599 2033 645 2087 cst
670 2027 857 2107 hypostasis.
873 2027 913 2089 tt
926 2027 961 2087 in
975 2027 1093 2089 Christo
1142 2025 1225 2087 illius
1238 2026 1360 2087 decreta
1386 2026 1508 2105 synodi,
1537 2045 1635 2106 mam
1658 2028 1762 2108 cyrilli
1773 2027 1885 2107 probus

321 2135 387 2179 non
400 2118 503 2179 solum
526 2137 591 2179 una
615 2118 652 2178 fit
663 2119 857 2199 hypostasis:
878 2119 1041 2181 sedetiam
1056 2137 1095 2180 ex
1143 2116 1205 2178 sint
1219 2117 1369 2196 epistolae.

322 2209 1091 2290 duobuseomponentibusalterumestbypostasis,
1182 2209 1601 2271 Nominatimreroeoncilia
1609 2211 1887 2290 quoedemgsnsralis

323 2300 363 2364 ed
377 2318 472 2380 quam
486 2302 620 2363 alterum
633 2301 818 2380 applicatur,
841 2304 925 2382 quod
938 2305 1095 2383 hypostasi
1143 2300 1294 2379 loquendi
1306 2300 1474 2361 formulam
1486 2301 1591 2377 istam,
1604 2303 1748 2363 unitionis
1758 2301 1886 2364 satum

322 2393 449 2474 propria
462 2410 581 2471 carens,
596 2395 631 2455 in
644 2394 746 2455 aliena
759 2394 909 2456 subsistit.
1144 2389 1322 2473 hypostasim
1348 2398 1577 2472 expresserunt.
1606 2395 1648 2455 Ut
1671 2394 1885 2455 chalcedonense

364 2484 508 2547 Secundo
522 2486 607 2565 quod
617 2487 788 2566 prinoipem
797 2487 841 2547 ait
852 2487 1005 2568 Cyrillum
1018 2486 1092 2547 uni·
1145 2487 1178 2544 in
1190 2483 1367 2564 Definitioce
1378 2482 1539 2564 synelitem
1555 2503 1631 2547 eum
1639 2486 1693 2561 ait,
1708 2492 1884 2547 «munna

322 2576 441 2637 tionem
463 2578 634 2638 secmrdum
646 2579 839 2658 hypostasim
855 2580 977 2655 dixisse,
992 2584 1095 2658 posset
1144 2575 1885 2657 differentiamnullomodosublatamessepropter

323 2668 415 2729 alicui
435 2668 567 2729 dubium
579 2670 694 2745 videri,
710 2677 871 2749 propterea
884 2670 969 2749 quod
979 2671 1094 2749 Hippo·
1144 2668 1337 2729 unitionem:
1365 2669 1419 2730 sed
1432 2670 1548 2730 serram
1574 2670 1675 2749 magis
1696 2669 1885 2750 proprietatem

321 2760 406 2840 lytus
429 2761 608 2822 Portuensis
632 2762 666 2822 in
685 2761 861 2838 fragmento
874 2762 976 2840 primo
991 2770 1094 2824 contro
1145 2761 1307 2839 utriusque
1330 2764 1465 2834 naturae,
1498 2761 1585 2823 etin
1615 2780 1711 2823 unam
1735 2777 1883 2840 personam,

320 2852 490 2929 Beroeam,
513 2861 541 2914 et
568 2851 725 2923 Helicona,
750 2854 850 2933 capite
873 2854 976 2933 primo
1001 2852 1095 2931 hujus
1144 2856 1237 2930 atque
1257 2869 1354 2913 unam
1380 2852 1571 2931 hypostasim
1592 2849 1885 2917 concurrentsflia

320 2944 393 3005 libri
406 2945 549 3007 laudatus
570 2945 692 3007 anobis
701 2945 725 3021 ²,
740 2954 830 3007 ὑνωσιν
844 2952 878 3016 εἰς
890 2953 947 3025 μίαν
960 2952 1094 3007 ὑπόστασιν
1144 2950 1230 3004 ἕνωσιν
1245 2949 1351 3021 aperte
1369 2944 1510 3023 primum
1522 2946 1683 3007 nominat:
1697 2952 1762 3007 tum
1777 2943 1843 3023 quid
1853 2941 1885 3001 sit
1902 2944 1984 2994 W

321 3035 410 3096 dixit.
427 3036 488 3096 Sed
497 3041 605 3097 utrum
617 3036 777 3115 Hippolyti
791 3037 875 3099 iltius
888 3037 1095 3115 antiquissimi
1143 3051 1312 3114 exponens,
1328 3053 1500 3096 concussam
1516 3044 1609 3099 vocat
1626 3038 1776 3117 utrimque
1791 3040 1885 3095 acturo

321 3127 478 3206 scriptoris
511 3144 661 3205 germana
692 3128 754 3188 sint
781 3128 929 3207 opuscula
961 3128 1021 3189 ista
1054 3128 1093 3188 ab
1146 3124 1178 3185 in
1188 3144 1278 3186 eccm
1286 3125 1481 3206 hypostasim.

320 3219 483 3280 Anastasio
506 3218 646 3294 collecta,
669 3220 781 3281 merito
794 3220 991 3281 dubitamus:
1014 3237 1094 3299 prae-
1184 3217 1410 3280 XIILFrustra
1418 3219 1523 3299 itaque
1532 3219 1885 3295 damesdonanansym

320 3310 428 3371 sertim
437 3328 509 3373 cum
518 3311 694 3391 hypostasis
703 3330 819 3373 nomen
828 3330 884 3391 per
892 3311 1095 3390 illatempora
1144 3308 1221 3370 dum
1248 3310 1517 3372 calumniabantur
1543 3313 1708 3393 Accphali,
1725 3312 1884 3394 (attestator

320 3409 506 3482 constetpro
520 3403 1094 3483 merrhapotius,quampropersona
1144 3400 1292 3480 Eulogius
1300 3401 1565 3464 Alexandrinusin
1575 3400 1883 3473 librocoutraecsdem,

321 3494 515 3558 consuevisse
527 3495 633 3573 accipi,
650 3493 769 3555 utalibi
783 3493 1091 3556 demonstravimnst.
1144 3499 1175 3555 et
1184 3493 1299 3555 horum
1307 3493 1471 3573 principes,
1480 3496 1698 3573 Theodosium,
1708 3503 1737 3558 ct
1747 3496 1882 3562 Severum,

319 3586 506 3649 Athanasius
533 3586 567 3645 in
593 3585 673 3646 libro
700 3584 737 3646 de
757 3585 968 3647 Incommtc'one
994 3584 1091 3662 Verbi,
1144 3602 1201 3664 pro
1214 3585 1327 3647 Leonis
1339 3586 1467 3666 epistola
1480 3585 1521 3648 aa
1532 3586 1726 3669 Florianum)
1741 3587 1883 3648 maculet

321 3684 453 3740 ususest
465 3676 575 3738 eodem
588 3676 752 3738 locutionis
765 3695 889 3755 genere,
909 3694 1020 3751 ccum,
1037 3677 1093 3754 ait,
1144 3694 1298 3756 nusquam
1318 3677 1358 3737 ab
1382 3678 1435 3738 illa
1448 3686 1632 3758 usurpatam
1646 3697 1711 3742 esse
1723 3678 1884 3740 locutionem

319 3770 352 3832 id
380 3771 464 3851 quod
492 3769 753 3830 consubstantiale
774 3774 833 3842 est,
856 3774 888 3830 et
909 3768 1092 3847 impatibile,
1142 3768 1229 3828 illam
1260 3769 1403 3829 unitionis
1435 3772 1592 3832 νοεανόειιπ
1630 3761 1883 3853 apparuissent

320 3880 423 3942 neque
443 3862 552 3922 mortis
577 3879 686 3939 capax,
719 3861 894 3922 unitionem
923 3860 1094 3921 seeundum
1143 3861 1324 3921 occurrebat
1338 3859 1500 3941 Eulogius,
1518 3862 1683 3943 plerosque
1699 3867 1827 3924 veterum
1837 3857 1882 3917 Pa·

319 3954 511 4035 hypostasim
537 3970 610 4016 eum
636 3952 890 4014 consubstantiali
914 3971 980 4013 non
1012 3952 1092 4013 reci-
1142 3958 1238 4031 uum,
1252 3961 1318 4013 tam
1331 3959 1416 4030 ante,
1431 3972 1526 4033 quam
1538 3959 1609 4034 post
1622 3956 1799 4035 Ephesinam
1808 3964 1882 4029 synt·

319 4054 424 4126 peret.
451 4064 467 4102 ν
500 4045 547 4105 Ex
574 4062 637 4124 quo
664 4044 841 4123 conjectura
865 4042 911 4119 fit,
938 4061 1004 4105 non
1028 4060 1094 4105 esse
1143 4042 1229 4118 dum,
1252 4044 1365 4104 iisdem
1385 4044 1446 4105 illis
1460 4045 1586 4108 vocibus
1600 4037 1882 4118 usosnonessatttl

320 4153 506 4216 germanum
538 4135 698 4197 Athanasii
723 4136 809 4197 hune
840 4134 980 4212 librum,
1008 4135 1093 4214 quod
1142 4134 1211 4196 aliis
1230 4136 1449 4198 eamdemrim
1469 4137 1671 4201 habentibus:
1694 4136 1881 4214 screlipsun

320 4247 423 4311 neque
437 4228 622 4290 Athanasius
639 4227 728 4288 facilc
741 4235 875 4290 ὑπόστασιν
889 4246 947 4307 pro
960 4245 1092 4306 persona
1143 4227 1297 4307 eyrittnm
1313 4228 1440 4290 vocibus
1454 4230 1521 4292 istis
1539 4230 1762 4295 abstinuissem
1774 4222 1881 4308 epistola
1907 4235 1983 4287 ultrfl

320 4320 499 4402 usurpavit:
514 4337 615 4399 neque
630 4327 675 4395 πην
689 4326 742 4380 καθ’
750 4326 883 4380 ὑπόστασιν
896 4327 1000 4380 taceo:
1017 4335 1091 4379 cum
1142 4320 1182 4382 cd
1197 4319 1368 4382 Onectcles.
1385 4323 1709 4405 dhyuisatisexpresse
1722 4332 1800 4385 ὑνωσιν
1811 4317 1880 4378 illam
1916 4292 1975 4400 ,leffe

224 4490 231 4501 ι
319 4415 441 4496 primus
449 4414 508 4477 hae
521 4430 595 4473 usus
610 4410 801 4491 sitGyrillus,
816 4410 892 4472 Vide
906 4410 1023 4490 ἰσότης
1038 4414 1089 4475 to.
1141 4418 1186 4488 rte
1204 4420 1258 4474 καθ’
1268 4420 1403 4478 ὑπόστασιν
1422 4415 1653 4479 commendarit
1665 4413 1794 4496 synodus
1806 4405 1880 4472 Ghol-
1897 4391 1985 4508 ff

357 4631 379 4670 α
396 4616 501 4671 Aratu
518 4614 553 4667 'tt
570 4613 619 4687 γὰρ
632 4612 824 4685 mamonae
839 4610 934 4676 ἀπαθὲς,
953 4611 995 4666 sat
1009 4610 1091 4667 ἀνεπό·
1175 4613 1198 4670 d
1215 4614 1292 4670 Chal.
1315 4630 1377 4686 syn.
1405 4630 1463 4686 par.
1486 4616 1521 4680 lt,
1544 4623 1599 4673 act.
1618 4633 1646 4675 ν.
1672 4616 1779 4688 οὑδπρσό
1791 4614 1879 4679 ιῆςιὺν

321 4703 406 4754 δειιτον
415 4698 529 4762 θανάτου,
539 4697 600 4769 πρός
610 4697 640 4750 τό
653 4696 784 4769 όριοοόσιον
795 4695 881 4749 ἕνωσιν
895 4694 949 4748 καθ’
958 4694 1091 4751 ὑπόστασιν
1139 4697 1233 4770 ρόσιων
1248 4699 1364 4770 διαφορᾶς
1377 4698 1529 4771 ἀνηρηρόνης
1542 4699 1583 4752 διὰ
1597 4698 1641 4767 την
1658 4701 1750 4769 taes,
1763 4692 1881 4765 ωζομόνης

321 4780 551 4852 οόαέπιδιχόμινόν
566 4777 627 4833 ἔστι.
1139 4779 1166 4834 δὲ
1194 4780 1289 4853 μᾶλλον
1312 4786 1356 4849 τῆς
1375 4781 1495 4850 ἰδιότητος
1516 4781 1629 4855 ἑκατέρας
1649 4784 1748 4854 ρόσιως,
1761 4779 1798 4833 sal
1822 4771 1879 4836 aaa

358 4865 462 4920 bCra.
478 4863 508 4918 in
534 4876 579 4932 ep.
597 4860 639 4917 ad
659 4864 737 4917 Nat.
759 4860 790 4916 in
803 4861 889 4931 psal
915 4863 996 4919 emec.
1012 4859 1089 4933 apt.
1139 4864 1334 4936 πρόσωπον,ιιαὶ
1349 4865 1405 4936 μίαν
1419 4864 1551 4919 ὑπόστασιν
1566 4866 1747 4939 σνντρτχοόαης.

321 4945 379 5001 Ὅτι
399 4946 478 5017 σάρκα
496 4942 674 5016 ἔρνρνχοιμόνην
690 4944 757 5015 ψυχῇ
780 4943 867 5015 λογικῇ
882 4942 976 5005 ἐνόντας
989 4943 1004 4997 ό
1017 4943 1092 5015 λόγος
1174 4947 1248 5002 ella
1269 4946 1331 5001 Eut.
1357 4945 1436 5001 Phot.
1465 4947 1527 5004 eod.
1541 4964 1647 5004 ccxxvt.
1681 4934 1880 5002 ‘saevust

322 5030 403 5102 ἑαυτῷ
416 5028 471 5083 καθ’
485 5026 630 5081 ὑπόστασιν.
1138 5028 1235 5090 τοότοις
1248 5029 1288 5081 acl
1301 5026 1345 5095 τὴν
1363 5028 1474 5083 aeaeae
1491 5034 1534 5099 τῆς
1551 5029 1576 5084 ἓν
1592 5032 1725 5099 Χαλκηδόνι
1737 5027 1840 5087 amo.
1850 5013 1879 5071 ὦ*

357 5110 460 5169 olbld.
485 5107 588 5176 Ἐπειδὴ
610 5107 637 5162 dt
649 5106 682 5161 δι’
694 5106 768 5180 ἡμας,
786 5108 827 5160 καὶ
842 5105 883 5161 διὰ
905 5106 949 5174 την
970 5105 1090 5177 ἡμετέραν
1140 5109 1243 5179 αότλνη
1260 5110 1365 5183 αἰριτιιιὴ
1380 5115 1514 5185 κατηγορεῖ
1529 5114 1698 5186 ηλωασαληία,
1711 5112 1754 5180 τὴν
1772 5101 1880 5162 :attat

321 5192 564 5331 σωτηρίαν,ἑνόισας
578 5190 658 5329 {carth
670 5189 723 5245 καθ’
736 5188 869 5245 ὑπόστασιν
883 5189 913 5244 τό
927 5187 1091 5261 ἀνθρώπινον,
1139 5212 1225 5249 σςασιν
1239 5194 1326 5248 ἕνωσιν
1340 5193 1425 5258 αὑταῖς
1437 5193 1529 5258 λέξεσιν
1544 5196 1573 5250 οὗ
1584 5198 1691 5271 ραριόνην
1703 5192 1789 5269 φωνην.

320 5294 385 5350 προη
402 5278 441 5331 ter
490 5294 577 5349 γνναιιι
593 5294 614 5336 ς.
1035 5294 1037 5298 ⁴

350 5446 361 5489 t
376 5445 423 5491 htb,
432 5443 468 5496 rt.
477 5456 497 5490 e.
511 5456 575 5491 un·
584 5445 599 5491 ὑ
608 5444 657 5491 thr.
670 5445 685 5490 ὑ
696 5455 722 5490 ει
735 5445 812 5490 λοισι.
820 5440 924 5489 cora-s
934 5440 982 5487 ut.
995 5440 1024 5487 tv
1034 5441 1061 5488 όε
1073 5442 1153 5491 usse.
1165 5453 1185 5487 c.
1194 5452 1248 5489 u·
1262 5440 1347 5498 thh.
1356 5441 1423 5489 Gora
1433 5454 1481 5499 ραι.
1493 5441 1523 5495 11.
1534 5448 1577 5491 sot.
1586 5454 1603 5488 1.
