<?xml version="1.0" encoding="UTF-8"?>
<!DOCTYPE html PUBLIC "-//W3C//DTD XHTML 1.0 Transitional//EN"
    "http://www.w3.org/TR/xhtml1/DTD/xhtml1-transitional.dtd">
<html xmlns="http://www.w3.org/1999/xhtml" xml:lang="en" lang="en">
 <head>
  <title>
</title>
<meta http-equiv="Content-Type" content="text/html;charset=utf-8" />
  <meta name='ocr-system' content='tesseract 3.04.00' />
  <meta name='ocr-capabilities' content='ocr_page ocr_carea ocr_par ocr_line ocrx_word'/>
</head>
<body>
  <div class='ocr_page' id='page_1' title='image "./dogmatatheologi00unkngoog_0227.png"; bbox 0 0 3994 6164; ppageno 0'>
   <div class='ocr_carea' id='block_1_1' title="bbox 350 324 1425 395">
    <p class='ocr_par' dir='ltr' id='par_1_1' title="bbox 350 324 1425 395">
     <span class='ocr_line' id='line_1_1' title="bbox 350 324 1425 395; baseline 0.004 -6"><span class='ocrx_word' id='word_1_1' title='bbox 350 326 411 389; x_wconf 69' lang='lat'>20!</span> <span class='ocrx_word' id='word_1_2' title='bbox 862 324 1188 395; x_wconf 75' lang='lat' dir='ltr'>remmetmnttrl</span> <span class='ocrx_word' id='word_1_3' title='bbox 1207 324 1425 393; x_wconf 74' lang='lat' dir='ltr'>DCGMATUM</span> 
     </span>
    </p>
   </div>
   <div class='ocr_carea' id='block_1_2' title="bbox 180 490 1965 4263">
    <p class='ocr_par' dir='ltr' id='par_1_2' title="bbox 180 490 1903 1131">
     <span class='ocr_line' id='line_1_2' title="bbox 180 490 1901 578; baseline 0.003 -21"><span class='ocrx_word' id='word_1_4' title='bbox 180 490 318 538; x_wconf 56' lang='lat' dir='ltr'>mmm·</span> <span class='ocrx_word' id='word_1_5' title='bbox 351 499 421 557; x_wconf 90' lang='lat' dir='ltr'>tum</span> <span class='ocrx_word' id='word_1_6' title='bbox 444 502 542 574; x_wconf 81' lang='grc' dir='ltr'><strong>ίνωσιν,</strong></span> <span class='ocrx_word' id='word_1_7' title='bbox 557 500 626 559; x_wconf 90' lang='lat' dir='ltr'>tum</span> <span class='ocrx_word' id='word_1_8' title='bbox 649 514 750 560; x_wconf 91' lang='lat' dir='ltr'>unum</span> <span class='ocrx_word' id='word_1_9' title='bbox 772 495 941 573; x_wconf 86' lang='lat' dir='ltr'>Christum,</span> <span class='ocrx_word' id='word_1_10' title='bbox 961 512 1119 575; x_wconf 87' lang='lat' dir='ltr'>unamque</span> <span class='ocrx_word' id='word_1_11' title='bbox 1167 494 1436 558; x_wconf 87' lang='lat' dir='ltr'>etinearnatusde</span> <span class='ocrx_word' id='word_1_12' title='bbox 1449 495 1754 577; x_wconf 77' lang='lat' dir='ltr'>mnetsgloriosaliei</span> <span class='ocrx_word' id='word_1_13' title='bbox 1769 497 1901 578; x_wconf 70' lang='lat' dir='ltr'>genitrice,</span> 
     </span>
     <span class='ocr_line' id='line_1_3' title="bbox 351 588 1900 672; baseline 0.003 -23"><span class='ocrx_word' id='word_1_14' title='bbox 351 604 532 669; x_wconf 90' lang='lat' dir='ltr'>personam,</span> <span class='ocrx_word' id='word_1_15' title='bbox 548 607 584 650; x_wconf 88' lang='lat' dir='ltr'>ae</span> <span class='ocrx_word' id='word_1_16' title='bbox 605 588 719 653; x_wconf 85' lang='lat' dir='ltr'>Filium</span> <span class='ocrx_word' id='word_1_17' title='bbox 732 607 833 653; x_wconf 83' lang='lat' dir='ltr'>unum</span> <span class='ocrx_word' id='word_1_18' title='bbox 847 588 1031 672; x_wconf 76' lang='lat' dir='ltr'>predicabat</span> <span class='ocrx_word' id='word_1_19' title='bbox 1043 589 1120 650; x_wconf 89' lang='lat' dir='ltr'>Nes·</span> <span class='ocrx_word' id='word_1_20' title='bbox 1167 593 1199 650; x_wconf 88' lang='lat' dir='ltr'>et</span> <span class='ocrx_word' id='word_1_21' title='bbox 1211 605 1332 669; x_wconf 87' lang='lat' dir='ltr'>sempor</span> <span class='ocrx_word' id='word_1_22' title='bbox 1346 588 1474 663; x_wconf 78' lang='lat' dir='ltr'>Virgine</span> <span class='ocrx_word' id='word_1_23' title='bbox 1482 589 1579 653; x_wconf 85' lang='lat' dir='ltr'>Maria</span> <span class='ocrx_word' id='word_1_24' title='bbox 1591 595 1683 652; x_wconf 88' lang='lat' dir='ltr'>natus</span> <span class='ocrx_word' id='word_1_25' title='bbox 1695 595 1740 651; x_wconf 86' lang='lat' dir='ltr'>eat</span> <span class='ocrx_word' id='word_1_26' title='bbox 1752 608 1788 653; x_wconf 77' lang='lat' dir='ltr'>er</span> <span class='ocrx_word' id='word_1_27' title='bbox 1798 591 1900 671; x_wconf 60' lang='lat' dir='ltr'>ipsse»</span> 
     </span>
     <span class='ocr_line' id='line_1_4' title="bbox 352 679 1900 764; baseline 0.003 -23"><span class='ocrx_word' id='word_1_28' title='bbox 352 680 466 741; x_wconf 80' lang='lat' dir='ltr'>torius:</span> <span class='ocrx_word' id='word_1_29' title='bbox 488 681 551 743; x_wconf 90' lang='lat' dir='ltr'>imo</span> <span class='ocrx_word' id='word_1_30' title='bbox 564 679 735 762; x_wconf 70' lang='lat' dir='ltr'>departare,</span> <span class='ocrx_word' id='word_1_31' title='bbox 750 683 976 745; x_wconf 82' lang='lat' dir='ltr'>etaaetau&#39;tatir</span> <span class='ocrx_word' id='word_1_32' title='bbox 996 679 1120 764; x_wconf 75' lang='grc' dir='ltr'><strong>προσθ-</strong></span> <span class='ocrx_word' id='word_1_33' title='bbox 1166 681 1588 761; x_wconf 81' lang='lat' dir='ltr'>Tuminquartounitionem</span> <span class='ocrx_word' id='word_1_34' title='bbox 1597 682 1900 755; x_wconf 84' lang='lat' dir='ltr'>naturarumduarun,</span> 
     </span>
     <span class='ocr_line' id='line_1_5' title="bbox 350 772 1901 855; baseline 0.003 -21"><span class='ocrx_word' id='word_1_35' title='bbox 350 780 450 845; x_wconf 82' lang='lat' dir='ltr'>tatem,</span> <span class='ocrx_word' id='word_1_36' title='bbox 466 780 498 835; x_wconf 89' lang='lat' dir='ltr'>et</span> <span class='ocrx_word' id='word_1_37' title='bbox 509 773 663 838; x_wconf 86' lang='lat' dir='ltr'>unitatem</span> <span class='ocrx_word' id='word_1_38' title='bbox 672 793 729 837; x_wconf 90' lang='lat' dir='ltr'>suo</span> <span class='ocrx_word' id='word_1_39' title='bbox 739 776 843 846; x_wconf 89' lang='lat' dir='ltr'>modo,</span> <span class='ocrx_word' id='word_1_40' title='bbox 855 792 1009 855; x_wconf 88' lang='lat' dir='ltr'>sensuque</span> <span class='ocrx_word' id='word_1_41' title='bbox 1021 772 1118 837; x_wconf 86' lang='lat' dir='ltr'>eonfi-</span> <span class='ocrx_word' id='word_1_42' title='bbox 1167 790 1206 835; x_wconf 88' lang='lat' dir='ltr'>ex</span> <span class='ocrx_word' id='word_1_43' title='bbox 1219 773 1353 835; x_wconf 89' lang='lat' dir='ltr'>Nestorii</span> <span class='ocrx_word' id='word_1_44' title='bbox 1368 773 1535 842; x_wconf 86' lang='lat' dir='ltr'>sententia,</span> <span class='ocrx_word' id='word_1_45' title='bbox 1559 795 1575 832; x_wconf 88' lang='lat' dir='ltr'>a</span> <span class='ocrx_word' id='word_1_46' title='bbox 1592 774 1760 837; x_wconf 88' lang='lat' dir='ltr'>seeundum</span> <span class='ocrx_word' id='word_1_47' title='bbox 1780 775 1901 853; x_wconf 77' lang='lat' dir='ltr'>gratian,</span> 
     </span>
     <span class='ocr_line' id='line_1_6' title="bbox 350 863 1903 948; baseline 0.003 -23"><span class='ocrx_word' id='word_1_48' title='bbox 350 863 487 942; x_wconf 85' lang='lat' dir='ltr'>tebatur,</span> <span class='ocrx_word' id='word_1_49' title='bbox 518 885 581 947; x_wconf 87' lang='lat' dir='ltr'>qua</span> <span class='ocrx_word' id='word_1_50' title='bbox 611 888 626 927; x_wconf 87' lang='grc' dir='ltr'><strong>α</strong></span> <span class='ocrx_word' id='word_1_51' title='bbox 651 868 745 929; x_wconf 91' lang='lat' dir='ltr'>homo</span> <span class='ocrx_word' id='word_1_52' title='bbox 771 885 827 948; x_wconf 90' lang='lat' dir='ltr'>per</span> <span class='ocrx_word' id='word_1_53' title='bbox 855 886 898 942; x_wconf 90' lang='lat' dir='ltr'>se,</span> <span class='ocrx_word' id='word_1_54' title='bbox 929 886 965 929; x_wconf 90' lang='lat' dir='ltr'>ae</span> <span class='ocrx_word' id='word_1_55' title='bbox 989 867 1119 930; x_wconf 79' lang='lat' dir='ltr'>seorsim</span> <span class='ocrx_word' id='word_1_56' title='bbox 1166 864 1217 927; x_wconf 87' lang='lat' dir='ltr'>vel</span> <span class='ocrx_word' id='word_1_57' title='bbox 1235 866 1408 927; x_wconf 89' lang='lat' dir='ltr'>seeundum</span> <span class='ocrx_word' id='word_1_58' title='bbox 1431 866 1658 946; x_wconf 78' lang='lat' dir='ltr'><strong>operationem,</strong></span> <span class='ocrx_word' id='word_1_59' title='bbox 1686 867 1735 929; x_wconf 86' lang='lat' dir='ltr'>vel</span> <span class='ocrx_word' id='word_1_60' title='bbox 1757 867 1903 930; x_wconf 76' lang='lat' dir='ltr'>meandum</span> 
     </span>
     <span class='ocr_line' id='line_1_7' title="bbox 352 957 1903 1040; baseline 0 -21"><span class='ocrx_word' id='word_1_61' title='bbox 352 957 530 1031; x_wconf 79' lang='lat' dir='ltr'>consistens,</span> <span class='ocrx_word' id='word_1_62' title='bbox 559 960 622 1023; x_wconf 86' lang='lat' dir='ltr'>Deo</span> <span class='ocrx_word' id='word_1_63' title='bbox 651 959 812 1040; x_wconf 78' lang='lat' dir='ltr'>copulatus</span> <span class='ocrx_word' id='word_1_64' title='bbox 845 965 928 1029; x_wconf 82' lang='lat' dir='ltr'>erat,</span> <span class='ocrx_word' id='word_1_65' title='bbox 960 959 1119 1040; x_wconf 79' lang='lat' dir='ltr'>hypostasi</span> <span class='ocrx_word' id='word_1_66' title='bbox 1167 958 1362 1038; x_wconf 79' lang='lat' dir='ltr'>dignitatem,</span> <span class='ocrx_word' id='word_1_67' title='bbox 1372 957 1423 1021; x_wconf 88' lang='lat' dir='ltr'>vel</span> <span class='ocrx_word' id='word_1_68' title='bbox 1435 957 1605 1019; x_wconf 89' lang='lat' dir='ltr'>seeundum</span> <span class='ocrx_word' id='word_1_69' title='bbox 1619 957 1816 1038; x_wconf 85' lang='lat' dir='ltr'>aequalitatem</span> <span class='ocrx_word' id='word_1_70' title='bbox 1826 959 1903 1021; x_wconf 82' lang='lat' dir='ltr'>hono</span> 
     </span>
     <span class='ocr_line' id='line_1_8' title="bbox 351 1049 1903 1131; baseline 0.003 -22"><span class='ocrx_word' id='word_1_71' title='bbox 351 1053 456 1111; x_wconf 88' lang='lat' dir='ltr'>tamen</span> <span class='ocrx_word' id='word_1_72' title='bbox 469 1049 509 1111; x_wconf 90' lang='lat' dir='ltr'>ah</span> <span class='ocrx_word' id='word_1_73' title='bbox 520 1068 557 1111; x_wconf 89' lang='lat' dir='ltr'>eo</span> <span class='ocrx_word' id='word_1_74' title='bbox 571 1051 740 1127; x_wconf 85' lang='lat' dir='ltr'>divrrlsum,</span> <span class='ocrx_word' id='word_1_75' title='bbox 755 1072 771 1111; x_wconf 83' lang='lat' dir='ltr'>a</span> <span class='ocrx_word' id='word_1_76' title='bbox 789 1057 825 1114; x_wconf 95' lang='lat' dir='ltr'>ut</span> <span class='ocrx_word' id='word_1_77' title='bbox 833 1051 901 1131; x_wconf 88' lang='lat' dir='ltr'>jam</span> <span class='ocrx_word' id='word_1_78' title='bbox 914 1051 987 1113; x_wconf 85' lang='lat' dir='ltr'><strong>dixi.</strong></span> <span class='ocrx_word' id='word_1_79' title='bbox 1166 1050 1221 1124; x_wconf 90' lang='lat' dir='ltr'>ris,</span> <span class='ocrx_word' id='word_1_80' title='bbox 1247 1051 1298 1113; x_wconf 85' lang='lat' dir='ltr'>vel</span> <span class='ocrx_word' id='word_1_81' title='bbox 1323 1049 1495 1112; x_wconf 76' lang='lat' dir='ltr'>meandum</span> <span class='ocrx_word' id='word_1_82' title='bbox 1523 1050 1746 1125; x_wconf 80' lang='lat' dir='ltr'>auctoritatem,</span> <span class='ocrx_word' id='word_1_83' title='bbox 1770 1056 1820 1113; x_wconf 87' lang='lat' dir='ltr'>aut</span> <span class='ocrx_word' id='word_1_84' title='bbox 1842 1051 1903 1113; x_wconf 80' lang='lat' dir='ltr'>rels</span> 
     </span>
    </p>

    <p class='ocr_par' dir='ltr' id='par_1_3' title="bbox 344 1141 1964 2143">
     <span class='ocr_line' id='line_1_9' title="bbox 392 1141 1903 1218; baseline 0.001 -16"><span class='ocrx_word' id='word_1_85' title='bbox 392 1142 554 1203; x_wconf 71' lang='lat' dir='ltr'>Facundus</span> <span class='ocrx_word' id='word_1_86' title='bbox 567 1144 798 1207; x_wconf 75' lang='lat' dir='ltr'>hermianensis</span> <span class='ocrx_word' id='word_1_87' title='bbox 810 1144 917 1207; x_wconf 85' lang='lat' dir='ltr'>fucum</span> <span class='ocrx_word' id='word_1_88' title='bbox 937 1144 1033 1207; x_wconf 87' lang='lat' dir='ltr'>istum</span> <span class='ocrx_word' id='word_1_89' title='bbox 1047 1143 1119 1205; x_wconf 87' lang='lat' dir='ltr'>Nes·</span> <span class='ocrx_word' id='word_1_90' title='bbox 1166 1143 1306 1216; x_wconf 88' lang='lat' dir='ltr'>tionem,</span> <span class='ocrx_word' id='word_1_91' title='bbox 1333 1147 1388 1203; x_wconf 91' lang='lat' dir='ltr'>aut</span> <span class='ocrx_word' id='word_1_92' title='bbox 1420 1141 1581 1218; x_wconf 80' lang='lat' dir='ltr'>affectum,</span> <span class='ocrx_word' id='word_1_93' title='bbox 1610 1154 1666 1203; x_wconf 85' lang='lat' dir='ltr'>aut</span> <span class='ocrx_word' id='word_1_94' title='bbox 1693 1142 1829 1204; x_wconf 72' lang='grc' dir='ltr'><strong>νίιίιιῦιιο</strong></span> <span class='ocrx_word' id='word_1_95' title='bbox 1852 1161 1903 1204; x_wconf 79' lang='lat' dir='ltr'>ean</span> 
     </span>
     <span class='ocr_line' id='line_1_10' title="bbox 351 1232 1903 1316; baseline 0.001 -21"><span class='ocrx_word' id='word_1_96' title='bbox 351 1232 686 1316; x_wconf 85' lang='lat' dir='ltr'>tarianorumapsrit¹,</span> <span class='ocrx_word' id='word_1_97' title='bbox 701 1236 756 1315; x_wconf 82' lang='lat' dir='ltr'>qui</span> <span class='ocrx_word' id='word_1_98' title='bbox 773 1255 866 1297; x_wconf 88' lang='lat' dir='ltr'>anon</span> <span class='ocrx_word' id='word_1_99' title='bbox 880 1236 1026 1298; x_wconf 89' lang='lat' dir='ltr'>eumdem</span> <span class='ocrx_word' id='word_1_100' title='bbox 1048 1253 1117 1296; x_wconf 85' lang='lat' dir='ltr'>ere·</span> <span class='ocrx_word' id='word_1_101' title='bbox 1167 1234 1376 1310; x_wconf 88' lang='lat' dir='ltr'>demonstrat,</span> <span class='ocrx_word' id='word_1_102' title='bbox 1395 1233 1446 1296; x_wconf 87' lang='lat' dir='ltr'>vel</span> <span class='ocrx_word' id='word_1_103' title='bbox 1466 1234 1639 1296; x_wconf 88' lang='lat' dir='ltr'>seeundum</span> <span class='ocrx_word' id='word_1_104' title='bbox 1656 1236 1768 1297; x_wconf 88' lang='lat' dir='ltr'>bonam</span> <span class='ocrx_word' id='word_1_105' title='bbox 1785 1233 1903 1297; x_wconf 85' lang='lat' dir='ltr'>volunta·</span> 
     </span>
     <span class='ocr_line' id='line_1_11' title="bbox 350 1324 1903 1408; baseline 0.001 -22"><span class='ocrx_word' id='word_1_106' title='bbox 350 1324 528 1388; x_wconf 87' lang='lat' dir='ltr'>dentesesse</span> <span class='ocrx_word' id='word_1_107' title='bbox 538 1328 929 1408; x_wconf 76' lang='lat' dir='ltr'>Deumquemhominem,</span> <span class='ocrx_word' id='word_1_108' title='bbox 940 1327 1118 1389; x_wconf 87' lang='lat' dir='ltr'>duosnohis</span> <span class='ocrx_word' id='word_1_109' title='bbox 1166 1324 1258 1387; x_wconf 68' lang='grc' dir='ltr'><strong>ίοιιιί.</strong></span> <span class='ocrx_word' id='word_1_110' title='bbox 1269 1352 1284 1382; x_wconf 70' lang='grc' dir='ltr'><strong>ι</strong></span> <span class='ocrx_word' id='word_1_111' title='bbox 1302 1325 1551 1388; x_wconf 86' lang='lat' dir='ltr'>AeNestorianos</span> <span class='ocrx_word' id='word_1_112' title='bbox 1563 1325 1667 1399; x_wconf 88' lang='lat' dir='ltr'>addit,</span> <span class='ocrx_word' id='word_1_113' title='bbox 1684 1328 1778 1388; x_wconf 85' lang='lat' dir='ltr'>heum</span> <span class='ocrx_word' id='word_1_114' title='bbox 1790 1326 1903 1387; x_wconf 79' lang='lat' dir='ltr'>Verbum</span> 
     </span>
     <span class='ocr_line' id='line_1_12' title="bbox 349 1417 1902 1498; baseline 0.001 -20"><span class='ocrx_word' id='word_1_115' title='bbox 349 1417 458 1496; x_wconf 87' lang='lat' dir='ltr'>Filios,</span> <span class='ocrx_word' id='word_1_116' title='bbox 473 1417 545 1480; x_wconf 81' lang='lat' dir='ltr'>lieet</span> <span class='ocrx_word' id='word_1_117' title='bbox 562 1439 627 1481; x_wconf 89' lang='lat' dir='ltr'>non</span> <span class='ocrx_word' id='word_1_118' title='bbox 639 1421 758 1498; x_wconf 84' lang='lat' dir='ltr'>uerbis,</span> <span class='ocrx_word' id='word_1_119' title='bbox 781 1421 874 1483; x_wconf 84' lang='lat' dir='ltr'>rebus</span> <span class='ocrx_word' id='word_1_120' title='bbox 887 1425 992 1481; x_wconf 87' lang='lat' dir='ltr'>temen</span> <span class='ocrx_word' id='word_1_121' title='bbox 1007 1420 1118 1481; x_wconf 85' lang='lat' dir='ltr'>volunt</span> <span class='ocrx_word' id='word_1_122' title='bbox 1166 1418 1295 1487; x_wconf 89' lang='lat' dir='ltr'>Filium,</span> <span class='ocrx_word' id='word_1_123' title='bbox 1313 1425 1344 1480; x_wconf 85' lang='lat' dir='ltr'>et</span> <span class='ocrx_word' id='word_1_124' title='bbox 1359 1418 1517 1486; x_wconf 81' lang='lat' dir='ltr'>Christum</span> <span class='ocrx_word' id='word_1_125' title='bbox 1535 1423 1696 1495; x_wconf 80' lang='lat' dir='ltr'>vorantes,</span> <span class='ocrx_word' id='word_1_126' title='bbox 1720 1424 1750 1479; x_wconf 87' lang='lat' dir='ltr'>et</span> <span class='ocrx_word' id='word_1_127' title='bbox 1769 1417 1902 1480; x_wconf 87' lang='lat' dir='ltr'>hominem</span> 
     </span>
     <span class='ocr_line' id='line_1_13' title="bbox 347 1509 1900 1591; baseline 0 -20"><span class='ocrx_word' id='word_1_128' title='bbox 347 1509 506 1572; x_wconf 84' lang='lat' dir='ltr'>inducere.</span> <span class='ocrx_word' id='word_1_129' title='bbox 521 1532 536 1569; x_wconf 81' lang='lat' dir='ltr'>r</span> <span class='ocrx_word' id='word_1_130' title='bbox 555 1513 646 1573; x_wconf 84' lang='lat' dir='ltr'>Reate</span> <span class='ocrx_word' id='word_1_131' title='bbox 660 1512 748 1586; x_wconf 84' lang='lat' dir='ltr'>dixit,</span> <span class='ocrx_word' id='word_1_132' title='bbox 764 1530 914 1574; x_wconf 82' lang='lat' dir='ltr'>nonaum</span> <span class='ocrx_word' id='word_1_133' title='bbox 934 1511 1047 1586; x_wconf 84' lang='lat' dir='ltr'>verbis,</span> <span class='ocrx_word' id='word_1_134' title='bbox 1063 1511 1117 1573; x_wconf 87' lang='lat' dir='ltr'>sed</span> <span class='ocrx_word' id='word_1_135' title='bbox 1166 1510 1331 1591; x_wconf 87' lang='lat' dir='ltr'>separatim</span> <span class='ocrx_word' id='word_1_136' title='bbox 1352 1510 1525 1587; x_wconf 86' lang='lat' dir='ltr'>Christum,</span> <span class='ocrx_word' id='word_1_137' title='bbox 1548 1514 1579 1572; x_wconf 89' lang='lat' dir='ltr'>et</span> <span class='ocrx_word' id='word_1_138' title='bbox 1593 1510 1709 1573; x_wconf 81' lang='lat' dir='ltr'>Filium</span> <span class='ocrx_word' id='word_1_139' title='bbox 1722 1510 1900 1588; x_wconf 87' lang='lat' dir='ltr'>nominantes,</span> 
     </span>
     <span class='ocr_line' id='line_1_14' title="bbox 347 1599 1902 1683; baseline 0 -20"><span class='ocrx_word' id='word_1_140' title='bbox 347 1599 452 1675; x_wconf 90' lang='lat' dir='ltr'>rebus,</span> <span class='ocrx_word' id='word_1_141' title='bbox 472 1600 631 1681; x_wconf 74' lang='lat' dir='ltr'>nefandam</span> <span class='ocrx_word' id='word_1_142' title='bbox 653 1604 744 1666; x_wconf 89' lang='lat' dir='ltr'>istam</span> <span class='ocrx_word' id='word_1_143' title='bbox 765 1604 955 1677; x_wconf 79' lang='lat' dir='ltr'>dualitatem,</span> <span class='ocrx_word' id='word_1_144' title='bbox 984 1609 1020 1665; x_wconf 94' lang='lat' dir='ltr'>ut</span> <span class='ocrx_word' id='word_1_145' title='bbox 1044 1604 1117 1666; x_wconf 88' lang='lat' dir='ltr'>alibi</span> <span class='ocrx_word' id='word_1_146' title='bbox 1165 1609 1197 1665; x_wconf 91' lang='lat' dir='ltr'>et</span> <span class='ocrx_word' id='word_1_147' title='bbox 1230 1602 1308 1663; x_wconf 90' lang='lat' dir='ltr'>duas</span> <span class='ocrx_word' id='word_1_148' title='bbox 1336 1620 1484 1683; x_wconf 80' lang='lat' dir='ltr'>personas</span> <span class='ocrx_word' id='word_1_149' title='bbox 1516 1602 1678 1664; x_wconf 85' lang='lat' dir='ltr'>evidenter</span> <span class='ocrx_word' id='word_1_150' title='bbox 1709 1601 1832 1663; x_wconf 87' lang='lat' dir='ltr'>dieentes</span> <span class='ocrx_word' id='word_1_151' title='bbox 1859 1620 1902 1682; x_wconf 86' lang='lat' dir='ltr'>per</span> 
     </span>
     <span class='ocr_line' id='line_1_15' title="bbox 348 1693 1902 1770; baseline 0.001 -17"><span class='ocrx_word' id='word_1_152' title='bbox 348 1693 525 1768; x_wconf 79' lang='lat' dir='ltr'>nominat&#39;,</span> <span class='ocrx_word' id='word_1_153' title='bbox 565 1703 701 1758; x_wconf 75' lang='grc' dir='ltr'><strong>οοοσίιιιο</strong></span> <span class='ocrx_word' id='word_1_154' title='bbox 736 1695 883 1758; x_wconf 84' lang='lat' dir='ltr'>r&#39;ndarere.</span> <span class='ocrx_word' id='word_1_155' title='bbox 911 1697 990 1758; x_wconf 92' lang='lat' dir='ltr'>Nam</span> <span class='ocrx_word' id='word_1_156' title='bbox 1015 1695 1117 1757; x_wconf 87' lang='lat' dir='ltr'>verbis</span> <span class='ocrx_word' id='word_1_157' title='bbox 1164 1694 1262 1757; x_wconf 88' lang='lat' dir='ltr'>solam</span> <span class='ocrx_word' id='word_1_158' title='bbox 1285 1695 1548 1769; x_wconf 83' lang='lat' dir='ltr'>nominationem,</span> <span class='ocrx_word' id='word_1_159' title='bbox 1563 1699 1594 1755; x_wconf 90' lang='lat' dir='ltr'>et</span> <span class='ocrx_word' id='word_1_160' title='bbox 1607 1694 1771 1767; x_wconf 88' lang='lat' dir='ltr'>honorem,</span> <span class='ocrx_word' id='word_1_161' title='bbox 1787 1693 1902 1770; x_wconf 74' lang='lat' dir='ltr'>siligni-</span> 
     </span>
     <span class='ocr_line' id='line_1_16' title="bbox 346 1785 1900 1867; baseline 0 -22"><span class='ocrx_word' id='word_1_162' title='bbox 346 1800 460 1860; x_wconf 79' lang='lat' dir='ltr'>negare</span> <span class='ocrx_word' id='word_1_163' title='bbox 473 1790 1115 1867; x_wconf 86' lang='lat' dir='ltr'>perseveravit,utostendimus;etNesto-</span> <span class='ocrx_word' id='word_1_164' title='bbox 1164 1790 1276 1863; x_wconf 89' lang='lat' dir='ltr'>tatem,</span> <span class='ocrx_word' id='word_1_165' title='bbox 1305 1791 1336 1847; x_wconf 91' lang='lat' dir='ltr'>et</span> <span class='ocrx_word' id='word_1_166' title='bbox 1362 1785 1591 1861; x_wconf 89' lang='lat' dir='ltr'>adorationem,</span> <span class='ocrx_word' id='word_1_167' title='bbox 1622 1804 1718 1847; x_wconf 90' lang='lat' dir='ltr'>unam</span> <span class='ocrx_word' id='word_1_168' title='bbox 1746 1802 1900 1865; x_wconf 83' lang='lat' dir='ltr'>personam,</span> 
     </span>
     <span class='ocr_line' id='line_1_17' title="bbox 345 1877 1902 1961; baseline 0.001 -23"><span class='ocrx_word' id='word_1_169' title='bbox 345 1878 471 1939; x_wconf 91' lang='lat' dir='ltr'>rianum</span> <span class='ocrx_word' id='word_1_170' title='bbox 483 1879 586 1961; x_wconf 91' lang='lat' dir='ltr'>ipsum</span> <span class='ocrx_word' id='word_1_171' title='bbox 600 1899 619 1941; x_wconf 87' lang='lat' dir='ltr'>a</span> <span class='ocrx_word' id='word_1_172' title='bbox 634 1881 772 1943; x_wconf 79' lang='lat' dir='ltr'>charisio</span> <span class='ocrx_word' id='word_1_173' title='bbox 788 1882 929 1943; x_wconf 88' lang='lat' dir='ltr'>Patribus</span> <span class='ocrx_word' id='word_1_174' title='bbox 943 1879 1114 1959; x_wconf 71' lang='lat' dir='ltr'>ohlatum&#39;,</span> <span class='ocrx_word' id='word_1_175' title='bbox 1164 1884 1196 1940; x_wconf 89' lang='lat' dir='ltr'>et</span> <span class='ocrx_word' id='word_1_176' title='bbox 1213 1896 1313 1940; x_wconf 92' lang='lat' dir='ltr'>unum</span> <span class='ocrx_word' id='word_1_177' title='bbox 1330 1877 1457 1959; x_wconf 88' lang='lat' dir='ltr'>Filium,</span> <span class='ocrx_word' id='word_1_178' title='bbox 1474 1883 1505 1940; x_wconf 90' lang='lat' dir='ltr'>et</span> <span class='ocrx_word' id='word_1_179' title='bbox 1517 1896 1620 1940; x_wconf 78' lang='lat' dir='ltr'>uirum</span> <span class='ocrx_word' id='word_1_180' title='bbox 1642 1878 1792 1940; x_wconf 88' lang='lat' dir='ltr'>Christum</span> <span class='ocrx_word' id='word_1_181' title='bbox 1809 1877 1902 1940; x_wconf 81' lang='lat' dir='ltr'>mnin-</span> 
     </span>
     <span class='ocr_line' id='line_1_18' title="bbox 345 1970 1278 2055; baseline -0.002 -24"><span class='ocrx_word' id='word_1_182' title='bbox 345 1975 377 2031; x_wconf 89' lang='lat' dir='ltr'>et</span> <span class='ocrx_word' id='word_1_183' title='bbox 387 1970 427 2031; x_wconf 90' lang='lat' dir='ltr'>ah</span> <span class='ocrx_word' id='word_1_184' title='bbox 440 1972 551 2035; x_wconf 88' lang='lat' dir='ltr'>iisdem</span> <span class='ocrx_word' id='word_1_185' title='bbox 570 1973 604 2033; x_wconf 90' lang='lat' dir='ltr'>in</span> <span class='ocrx_word' id='word_1_186' title='bbox 625 1973 781 2054; x_wconf 84' lang='lat' dir='ltr'>Ephesius</span> <span class='ocrx_word' id='word_1_187' title='bbox 798 1974 918 2055; x_wconf 88' lang='lat' dir='ltr'>synodo</span> <span class='ocrx_word' id='word_1_188' title='bbox 932 1974 1115 2035; x_wconf 88' lang='lat' dir='ltr'>damnatum</span> <span class='ocrx_word' id='word_1_189' title='bbox 1164 1987 1247 2048; x_wconf 77' lang='lat' dir='ltr'>gere.</span> <span class='ocrx_word' id='word_1_190' title='bbox 1262 1993 1278 2030; x_wconf 77' lang='grc' dir='ltr'><strong>ν)</strong></span> 
     </span>
     <span class='ocr_line' id='line_1_19' title="bbox 344 2060 1964 2143; baseline 0.003 -20"><span class='ocrx_word' id='word_1_191' title='bbox 344 2062 523 2143; x_wconf 84' lang='lat' dir='ltr'>symbolum</span> <span class='ocrx_word' id='word_1_192' title='bbox 533 2064 628 2126; x_wconf 85' lang='lat' dir='ltr'>iidem</span> <span class='ocrx_word' id='word_1_193' title='bbox 641 2060 724 2127; x_wconf 82' lang='lat' dir='ltr'>ierit.</span> <span class='ocrx_word' id='word_1_194' title='bbox 1203 2065 1246 2125; x_wconf 87' lang='lat' dir='ltr'>X.</span> <span class='ocrx_word' id='word_1_195' title='bbox 1273 2063 1328 2126; x_wconf 88' lang='lat' dir='ltr'>His</span> <span class='ocrx_word' id='word_1_196' title='bbox 1360 2063 1506 2127; x_wconf 90' lang='lat' dir='ltr'>omnihus</span> <span class='ocrx_word' id='word_1_197' title='bbox 1540 2063 1624 2143; x_wconf 87' lang='lat' dir='ltr'>quod</span> <span class='ocrx_word' id='word_1_198' title='bbox 1653 2069 1718 2125; x_wconf 87' lang='lat' dir='ltr'>erat</span> <span class='ocrx_word' id='word_1_199' title='bbox 1754 2078 1901 2124; x_wconf 76' lang='lat' dir='ltr'>eonnmun</span> <span class='ocrx_word' id='word_1_200' title='bbox 1929 2072 1964 2128; x_wconf 71' lang='lat' dir='ltr'>ht</span> 
     </span>
    </p>

    <p class='ocr_par' dir='ltr' id='par_1_4' title="bbox 340 2139 1965 3064">
     <span class='ocr_line' id='line_1_20' title="bbox 384 2139 1964 2237; baseline -0.001 -21"><span class='ocrx_word' id='word_1_201' title='bbox 384 2156 438 2217; x_wconf 88' lang='lat' dir='ltr'>IX.</span> <span class='ocrx_word' id='word_1_202' title='bbox 473 2158 597 2218; x_wconf 83' lang='lat' dir='ltr'>Rursus</span> <span class='ocrx_word' id='word_1_203' title='bbox 629 2157 777 2219; x_wconf 87' lang='lat' dir='ltr'>liberatus</span> <span class='ocrx_word' id='word_1_204' title='bbox 805 2157 1048 2219; x_wconf 82' lang='lat' dir='ltr'>Arrhidiaoonus</span> <span class='ocrx_word' id='word_1_205' title='bbox 1081 2158 1114 2218; x_wconf 91' lang='lat' dir='ltr'>in</span> <span class='ocrx_word' id='word_1_206' title='bbox 1163 2155 1315 2218; x_wconf 78' lang='lat' dir='ltr'>adstruxit</span> <span class='ocrx_word' id='word_1_207' title='bbox 1336 2158 1451 2237; x_wconf 89' lang='lat' dir='ltr'>impius</span> <span class='ocrx_word' id='word_1_208' title='bbox 1473 2157 1653 2231; x_wconf 87' lang='lat' dir='ltr'>Nestorius,</span> <span class='ocrx_word' id='word_1_209' title='bbox 1674 2157 1755 2218; x_wconf 89' lang='lat' dir='ltr'>utB.</span> <span class='ocrx_word' id='word_1_210' title='bbox 1770 2139 1964 2234; x_wconf 56' lang='lat' dir='ltr'>Virginemi&#39;ss</span> 
     </span>
     <span class='ocr_line' id='line_1_21' title="bbox 344 2244 1964 2330; baseline -0.001 -21"><span class='ocrx_word' id='word_1_211' title='bbox 344 2247 513 2322; x_wconf 84' lang='lat' dir='ltr'>Breviorio,</span> <span class='ocrx_word' id='word_1_212' title='bbox 528 2250 628 2330; x_wconf 89' lang='lat' dir='ltr'>eapite</span> <span class='ocrx_word' id='word_1_213' title='bbox 648 2251 795 2328; x_wconf 73' lang='lat' dir='ltr'>seurundo,</span> <span class='ocrx_word' id='word_1_214' title='bbox 824 2250 912 2311; x_wconf 88' lang='lat' dir='ltr'>illam</span> <span class='ocrx_word' id='word_1_215' title='bbox 920 2249 1020 2329; x_wconf 88' lang='lat' dir='ltr'>ipsam</span> <span class='ocrx_word' id='word_1_216' title='bbox 1042 2250 1115 2311; x_wconf 90' lang='lat' dir='ltr'>Nes·</span> <span class='ocrx_word' id='word_1_217' title='bbox 1162 2249 1520 2330; x_wconf 76' lang='lat' dir='ltr'>negaretappellandam</span> <span class='ocrx_word' id='word_1_218' title='bbox 1533 2259 1739 2326; x_wconf 64' lang='lat' dir='ltr'>amarioraret,</span> <span class='ocrx_word' id='word_1_219' title='bbox 1753 2249 1781 2308; x_wconf 90' lang='lat' dir='ltr'>id</span> <span class='ocrx_word' id='word_1_220' title='bbox 1795 2245 1900 2309; x_wconf 81' lang='lat' dir='ltr'>atlta&#39;-</span> <span class='ocrx_word' id='word_1_221' title='bbox 1922 2244 1964 2329; x_wconf 67' lang='lat'>„„&#39;,!</span> 
     </span>
     <span class='ocr_line' id='line_1_22' title="bbox 343 2337 1964 2423; baseline -0.002 -23"><span class='ocrx_word' id='word_1_222' title='bbox 343 2339 416 2400; x_wconf 88' lang='lat' dir='ltr'>torii</span> <span class='ocrx_word' id='word_1_223' title='bbox 427 2341 1114 2422; x_wconf 75' lang='lat' dir='ltr'>tertam,lumtsmquenequitiamaoeuratius</span> <span class='ocrx_word' id='word_1_224' title='bbox 1157 2359 1279 2421; x_wconf 82' lang='lat' dir='ltr'>param,</span> <span class='ocrx_word' id='word_1_225' title='bbox 1295 2341 1348 2402; x_wconf 89' lang='lat' dir='ltr'>sed</span> <span class='ocrx_word' id='word_1_226' title='bbox 1364 2341 1466 2420; x_wconf 90' lang='lat' dir='ltr'>potius</span> <span class='ocrx_word' id='word_1_227' title='bbox 1481 2350 1662 2423; x_wconf 76' lang='grc' dir='ltr'><strong>Χριστοτοιον,</strong></span> <span class='ocrx_word' id='word_1_228' title='bbox 1688 2341 1719 2402; x_wconf 91' lang='lat' dir='ltr'>id</span> <span class='ocrx_word' id='word_1_229' title='bbox 1741 2344 1782 2401; x_wconf 85' lang='lat' dir='ltr'>est</span> <span class='ocrx_word' id='word_1_230' title='bbox 1798 2337 1900 2401; x_wconf 82' lang='lat' dir='ltr'>Cirriti·</span> <span class='ocrx_word' id='word_1_231' title='bbox 1917 2339 1964 2383; x_wconf 70' lang='lat'>1¹⁰0</span> 
     </span>
     <span class='ocr_line' id='line_1_23' title="bbox 345 2402 1964 2542; baseline -0.002 -52"><span class='ocrx_word' id='word_1_232' title='bbox 345 2431 469 2495; x_wconf 85' lang='lat' dir='ltr'>evolvit.</span> <span class='ocrx_word' id='word_1_233' title='bbox 507 2455 523 2491; x_wconf 87' lang='lat' dir='ltr'>a</span> <span class='ocrx_word' id='word_1_234' title='bbox 554 2435 729 2509; x_wconf 86' lang='lat' dir='ltr'>Nestorius,</span> <span class='ocrx_word' id='word_1_235' title='bbox 763 2435 881 2514; x_wconf 87' lang='lat' dir='ltr'>inquit,</span> <span class='ocrx_word' id='word_1_236' title='bbox 922 2433 1114 2495; x_wconf 79' lang='lat' dir='ltr'>confundens</span> <span class='ocrx_word' id='word_1_237' title='bbox 1160 2451 1268 2512; x_wconf 84' lang='lat' dir='ltr'>param</span> <span class='ocrx_word' id='word_1_238' title='bbox 1286 2433 1416 2510; x_wconf 78' lang='lat' dir='ltr'>diceret,</span> <span class='ocrx_word' id='word_1_239' title='bbox 1432 2433 1496 2494; x_wconf 87' lang='lat' dir='ltr'>sive</span> <span class='ocrx_word' id='word_1_240' title='bbox 1516 2440 1720 2514; x_wconf 71' lang='lat' dir='ltr'>dvtpoaotteae,</span> <span class='ocrx_word' id='word_1_241' title='bbox 1735 2429 1901 2495; x_wconf 78' lang='lat' dir='ltr'>idestdorai</span> <span class='ocrx_word' id='word_1_242' title='bbox 1925 2402 1964 2542; x_wconf 56' lang='grc' dir='ltr'>ΝΞ</span> 
     </span>
     <span class='ocr_line' id='line_1_24' title="bbox 344 2506 1964 2604; baseline -0.002 -20"><span class='ocrx_word' id='word_1_243' title='bbox 344 2522 536 2585; x_wconf 87' lang='lat' dir='ltr'>existentiam</span> <span class='ocrx_word' id='word_1_244' title='bbox 570 2525 738 2587; x_wconf 85' lang='lat' dir='ltr'>divinitatis</span> <span class='ocrx_word' id='word_1_245' title='bbox 760 2526 828 2588; x_wconf 88' lang='lat' dir='ltr'>Filii</span> <span class='ocrx_word' id='word_1_246' title='bbox 862 2526 933 2602; x_wconf 88' lang='lat' dir='ltr'>Dei,</span> <span class='ocrx_word' id='word_1_247' title='bbox 957 2525 1113 2587; x_wconf 87' lang='lat' dir='ltr'>Christum</span> <span class='ocrx_word' id='word_1_248' title='bbox 1162 2523 1330 2604; x_wconf 62' lang='lat' dir='ltr'>amorerat</span> <span class='ocrx_word' id='word_1_249' title='bbox 1349 2526 1414 2599; x_wconf 85' lang='lat' dir='ltr'>Qua</span> <span class='ocrx_word' id='word_1_250' title='bbox 1435 2525 1468 2586; x_wconf 93' lang='lat' dir='ltr'>in</span> <span class='ocrx_word' id='word_1_251' title='bbox 1495 2525 1638 2586; x_wconf 87' lang='lat' dir='ltr'>vooahuli</span> <span class='ocrx_word' id='word_1_252' title='bbox 1662 2524 1831 2587; x_wconf 85' lang='lat' dir='ltr'>definitione</span> <span class='ocrx_word' id='word_1_253' title='bbox 1851 2526 1901 2583; x_wconf 87' lang='lat' dir='ltr'>tota</span> <span class='ocrx_word' id='word_1_254' title='bbox 1937 2506 1964 2540; x_wconf 49' lang='grc' dir='ltr'>ω’</span> 
     </span>
     <span class='ocr_line' id='line_1_25' title="bbox 343 2616 1899 2698; baseline -0.003 -21"><span class='ocrx_word' id='word_1_255' title='bbox 343 2633 459 2695; x_wconf 90' lang='lat' dir='ltr'>purum</span> <span class='ocrx_word' id='word_1_256' title='bbox 479 2616 641 2678; x_wconf 87' lang='lat' dir='ltr'>hominem</span> <span class='ocrx_word' id='word_1_257' title='bbox 654 2618 781 2679; x_wconf 81' lang='lat' dir='ltr'>tradidit</span> <span class='ocrx_word' id='word_1_258' title='bbox 800 2623 994 2698; x_wconf 82' lang='lat' dir='ltr'>conseptum,</span> <span class='ocrx_word' id='word_1_259' title='bbox 1019 2623 1112 2697; x_wconf 87' lang='lat' dir='ltr'>atque</span> <span class='ocrx_word' id='word_1_260' title='bbox 1161 2616 1334 2680; x_wconf 90' lang='lat' dir='ltr'>Nestoriani</span> <span class='ocrx_word' id='word_1_261' title='bbox 1348 2617 1500 2693; x_wconf 77' lang='lat' dir='ltr'>dogmatis</span> <span class='ocrx_word' id='word_1_262' title='bbox 1512 2618 1667 2697; x_wconf 88' lang='lat' dir='ltr'>pravitas,</span> <span class='ocrx_word' id='word_1_263' title='bbox 1690 2617 1817 2679; x_wconf 79' lang='lat' dir='ltr'>velutin</span> <span class='ocrx_word' id='word_1_264' title='bbox 1831 2629 1899 2674; x_wconf 88' lang='lat' dir='ltr'>oom-</span> 
     </span>
     <span class='ocr_line' id='line_1_26' title="bbox 341 2704 1900 2791; baseline -0.001 -24"><span class='ocrx_word' id='word_1_265' title='bbox 341 2705 519 2781; x_wconf 90' lang='lat' dir='ltr'>formatum,</span> <span class='ocrx_word' id='word_1_266' title='bbox 546 2714 577 2771; x_wconf 89' lang='lat' dir='ltr'>et</span> <span class='ocrx_word' id='word_1_267' title='bbox 600 2714 707 2789; x_wconf 87' lang='lat' dir='ltr'>postea</span> <span class='ocrx_word' id='word_1_268' title='bbox 730 2711 762 2770; x_wconf 89' lang='lat' dir='ltr'>in</span> <span class='ocrx_word' id='word_1_269' title='bbox 792 2710 890 2772; x_wconf 89' lang='lat' dir='ltr'>Deum</span> <span class='ocrx_word' id='word_1_270' title='bbox 918 2714 1110 2789; x_wconf 88' lang='lat' dir='ltr'>proveetum,</span> <span class='ocrx_word' id='word_1_271' title='bbox 1160 2709 1310 2788; x_wconf 87' lang='lat' dir='ltr'>pendium</span> <span class='ocrx_word' id='word_1_272' title='bbox 1324 2710 1448 2771; x_wconf 76' lang='lat' dir='ltr'>redacta</span> <span class='ocrx_word' id='word_1_273' title='bbox 1462 2711 1652 2786; x_wconf 83' lang='lat' dir='ltr'>continetur,</span> <span class='ocrx_word' id='word_1_274' title='bbox 1666 2704 1900 2791; x_wconf 86' lang='lat' dir='ltr'>quemadmodum</span> 
     </span>
     <span class='ocr_line' id='line_1_27' title="bbox 340 2796 1899 2882; baseline -0.003 -22"><span class='ocrx_word' id='word_1_275' title='bbox 340 2797 401 2861; x_wconf 92' lang='lat' dir='ltr'>hoe</span> <span class='ocrx_word' id='word_1_276' title='bbox 413 2807 458 2861; x_wconf 88' lang='lat' dir='ltr'>est</span> <span class='ocrx_word' id='word_1_277' title='bbox 470 2800 631 2863; x_wconf 90' lang='lat' dir='ltr'>hominem</span> <span class='ocrx_word' id='word_1_278' title='bbox 645 2801 841 2876; x_wconf 67' lang='lat' dir='ltr'>deificatum</span> <span class='ocrx_word' id='word_1_279' title='bbox 857 2805 888 2861; x_wconf 90' lang='lat' dir='ltr'>et</span> <span class='ocrx_word' id='word_1_280' title='bbox 898 2819 961 2862; x_wconf 88' lang='lat' dir='ltr'>non</span> <span class='ocrx_word' id='word_1_281' title='bbox 973 2801 1112 2863; x_wconf 87' lang='lat' dir='ltr'>Verbum</span> <span class='ocrx_word' id='word_1_282' title='bbox 1161 2801 1319 2863; x_wconf 76' lang='lat' dir='ltr'>catholicae</span> <span class='ocrx_word' id='word_1_283' title='bbox 1333 2819 1457 2863; x_wconf 87' lang='lat' dir='ltr'>summa</span> <span class='ocrx_word' id='word_1_284' title='bbox 1469 2801 1686 2882; x_wconf 79' lang='lat' dir='ltr'>professionis,</span> <span class='ocrx_word' id='word_1_285' title='bbox 1703 2801 1782 2881; x_wconf 77' lang='grc' dir='ltr'><strong>ηιιοθ</strong></span> <span class='ocrx_word' id='word_1_286' title='bbox 1798 2799 1833 2860; x_wconf 88' lang='lat' dir='ltr'>ad</span> <span class='ocrx_word' id='word_1_287' title='bbox 1844 2796 1899 2857; x_wconf 82' lang='lat' dir='ltr'>Tri·</span> 
     </span>
     <span class='ocr_line' id='line_1_28' title="bbox 341 2888 1965 2983; baseline -0.002 -30"><span class='ocrx_word' id='word_1_288' title='bbox 341 2910 468 2955; x_wconf 88' lang='lat' dir='ltr'>earnem</span> <span class='ocrx_word' id='word_1_289' title='bbox 487 2893 625 2970; x_wconf 81' lang='lat' dir='ltr'>iactum,</span> <span class='ocrx_word' id='word_1_290' title='bbox 647 2899 677 2954; x_wconf 88' lang='lat' dir='ltr'>et</span> <span class='ocrx_word' id='word_1_291' title='bbox 690 2893 843 2955; x_wconf 88' lang='lat' dir='ltr'>hahitasse</span> <span class='ocrx_word' id='word_1_292' title='bbox 857 2892 892 2953; x_wconf 91' lang='lat' dir='ltr'>in</span> <span class='ocrx_word' id='word_1_293' title='bbox 914 2893 1014 2971; x_wconf 83' lang='lat' dir='ltr'>nohis,</span> <span class='ocrx_word' id='word_1_294' title='bbox 1030 2894 1114 2973; x_wconf 88' lang='lat' dir='ltr'>quod</span> <span class='ocrx_word' id='word_1_295' title='bbox 1161 2894 1289 2956; x_wconf 88' lang='lat' dir='ltr'>nitatem</span> <span class='ocrx_word' id='word_1_296' title='bbox 1306 2899 1440 2973; x_wconf 81' lang='lat' dir='ltr'>spectet,</span> <span class='ocrx_word' id='word_1_297' title='bbox 1455 2894 1488 2955; x_wconf 92' lang='lat' dir='ltr'>in</span> <span class='ocrx_word' id='word_1_298' title='bbox 1503 2911 1601 2955; x_wconf 89' lang='lat' dir='ltr'>unam</span> <span class='ocrx_word' id='word_1_299' title='bbox 1618 2896 1662 2957; x_wconf 82' lang='grc' dir='ltr'>τοῦ</span> <span class='ocrx_word' id='word_1_300' title='bbox 1676 2900 1900 2975; x_wconf 63' lang='lat' dir='ltr'>emendatorem</span> <span class='ocrx_word' id='word_1_301' title='bbox 1917 2888 1965 2983; x_wconf 54' lang='grc' dir='ltr'>Ἥ</span> 
     </span>
     <span class='ocr_line' id='line_1_29' title="bbox 341 2984 1323 3064; baseline 0.002 -19"><span class='ocrx_word' id='word_1_302' title='bbox 341 2984 489 3064; x_wconf 75' lang='lat' dir='ltr'>predicat</span> <span class='ocrx_word' id='word_1_303' title='bbox 502 2986 718 3064; x_wconf 78' lang='lat' dir='ltr'>Evangelium,</span> <span class='ocrx_word' id='word_1_304' title='bbox 731 2990 762 3045; x_wconf 91' lang='lat' dir='ltr'>et</span> <span class='ocrx_word' id='word_1_305' title='bbox 776 2984 933 3046; x_wconf 86' lang='lat' dir='ltr'>Catholica</span> <span class='ocrx_word' id='word_1_306' title='bbox 946 2985 1113 3047; x_wconf 78' lang='lat' dir='ltr'>confitetur</span> <span class='ocrx_word' id='word_1_307' title='bbox 1161 2986 1323 3048; x_wconf 85' lang='lat' dir='ltr'>confluxit.</span> 
     </span>
    </p>

    <p class='ocr_par' dir='ltr' id='par_1_5' title="bbox 288 3075 1900 3708">
     <span class='ocr_line' id='line_1_30' title="bbox 288 3075 1900 3164; baseline -0.003 -27"><span class='ocrx_word' id='word_1_308' title='bbox 288 3134 304 3164; x_wconf 39' lang='grc' dir='ltr'><strong>γ</strong></span> <span class='ocrx_word' id='word_1_309' title='bbox 342 3075 483 3150; x_wconf 84' lang='lat' dir='ltr'>Eoolesia,</span> <span class='ocrx_word' id='word_1_310' title='bbox 509 3083 612 3152; x_wconf 79' lang='lat' dir='ltr'>negat.</span> <span class='ocrx_word' id='word_1_311' title='bbox 639 3100 653 3137; x_wconf 83' lang='lat' dir='ltr'>a</span> <span class='ocrx_word' id='word_1_312' title='bbox 686 3077 867 3156; x_wconf 88' lang='lat' dir='ltr'>Ibidemque</span> <span class='ocrx_word' id='word_1_313' title='bbox 900 3094 940 3138; x_wconf 87' lang='lat' dir='ltr'>ex</span> <span class='ocrx_word' id='word_1_314' title='bbox 972 3077 1112 3138; x_wconf 89' lang='lat' dir='ltr'>Lueentii</span> <span class='ocrx_word' id='word_1_315' title='bbox 1200 3076 1900 3158; x_wconf 78' lang='lat' dir='ltr'>lnAetisEphesinmsynodi,quaedamexoerpta</span> 
     </span>
     <span class='ocr_line' id='line_1_31' title="bbox 343 3163 1899 3250; baseline -0.004 -21"><span class='ocrx_word' id='word_1_316' title='bbox 343 3166 490 3229; x_wconf 78' lang='lat' dir='ltr'>Chronico</span> <span class='ocrx_word' id='word_1_317' title='bbox 516 3169 599 3230; x_wconf 90' lang='lat' dir='ltr'>istud</span> <span class='ocrx_word' id='word_1_318' title='bbox 629 3168 739 3231; x_wconf 81' lang='lat' dir='ltr'>refert:</span> <span class='ocrx_word' id='word_1_319' title='bbox 771 3169 929 3237; x_wconf 81' lang='lat' dir='ltr'>«Felice,</span> <span class='ocrx_word' id='word_1_320' title='bbox 954 3174 985 3230; x_wconf 88' lang='lat' dir='ltr'>ei</span> <span class='ocrx_word' id='word_1_321' title='bbox 1008 3171 1111 3232; x_wconf 81' lang='lat' dir='ltr'>Tauro</span> <span class='ocrx_word' id='word_1_322' title='bbox 1160 3169 1429 3250; x_wconf 76' lang='lat' dir='ltr'>legunturelihro</span> <span class='ocrx_word' id='word_1_323' title='bbox 1443 3169 1593 3245; x_wconf 89' lang='lat' dir='ltr'>Nestorii;</span> <span class='ocrx_word' id='word_1_324' title='bbox 1622 3169 1656 3230; x_wconf 91' lang='lat' dir='ltr'>in</span> <span class='ocrx_word' id='word_1_325' title='bbox 1674 3163 1899 3249; x_wconf 86' lang='lat' dir='ltr'>quihusilludsd</span> 
     </span>
     <span class='ocr_line' id='line_1_32' title="bbox 340 3256 1900 3341; baseline -0.003 -20"><span class='ocrx_word' id='word_1_326' title='bbox 340 3259 533 3335; x_wconf 88' lang='lat' dir='ltr'>oonsulibus,</span> <span class='ocrx_word' id='word_1_327' title='bbox 570 3261 729 3323; x_wconf 87' lang='lat' dir='ltr'>Nestorius</span> <span class='ocrx_word' id='word_1_328' title='bbox 755 3261 1111 3341; x_wconf 88' lang='lat' dir='ltr'>Constantinopolitanus</span> <span class='ocrx_word' id='word_1_329' title='bbox 1160 3261 1805 3340; x_wconf 85' lang='lat' dir='ltr'>remsuamohservat:Nunquamomnino</span> <span class='ocrx_word' id='word_1_330' title='bbox 1818 3256 1900 3335; x_wconf 77' lang='lat' dir='ltr'>Serip</span> 
     </span>
     <span class='ocr_line' id='line_1_33' title="bbox 340 3351 1898 3432; baseline -0.003 -19"><span class='ocrx_word' id='word_1_331' title='bbox 340 3351 503 3432; x_wconf 89' lang='lat' dir='ltr'>episeopus</span> <span class='ocrx_word' id='word_1_332' title='bbox 516 3371 635 3416; x_wconf 87' lang='lat' dir='ltr'>novum</span> <span class='ocrx_word' id='word_1_333' title='bbox 658 3354 798 3415; x_wconf 80' lang='lat' dir='ltr'>Eeelesiis</span> <span class='ocrx_word' id='word_1_334' title='bbox 820 3353 948 3415; x_wconf 89' lang='lat' dir='ltr'>mohtnr</span> <span class='ocrx_word' id='word_1_335' title='bbox 973 3371 1111 3416; x_wconf 89' lang='lat' dir='ltr'>errorem</span> <span class='ocrx_word' id='word_1_336' title='bbox 1159 3359 1262 3414; x_wconf 86' lang='lat' dir='ltr'>turam</span> <span class='ocrx_word' id='word_1_337' title='bbox 1278 3354 1390 3415; x_wconf 87' lang='lat' dir='ltr'>Christi</span> <span class='ocrx_word' id='word_1_338' title='bbox 1404 3360 1509 3414; x_wconf 90' lang='lat' dir='ltr'>ortum</span> <span class='ocrx_word' id='word_1_339' title='bbox 1520 3372 1559 3413; x_wconf 88' lang='lat' dir='ltr'>ex</span> <span class='ocrx_word' id='word_1_340' title='bbox 1567 3352 1708 3432; x_wconf 78' lang='lat' dir='ltr'>Virgine,</span> <span class='ocrx_word' id='word_1_341' title='bbox 1722 3353 1768 3413; x_wconf 86' lang='lat' dir='ltr'>vel</span> <span class='ocrx_word' id='word_1_342' title='bbox 1777 3355 1898 3421; x_wconf 85' lang='lat' dir='ltr'>mortem,</span> 
     </span>
     <span class='ocr_line' id='line_1_34' title="bbox 340 3436 1898 3525; baseline -0.001 -21"><span class='ocrx_word' id='word_1_343' title='bbox 340 3444 498 3517; x_wconf 78' lang='lat' dir='ltr'>inducere,</span> <span class='ocrx_word' id='word_1_344' title='bbox 513 3446 686 3525; x_wconf 84' lang='lat' dir='ltr'>prmdioans</span> <span class='ocrx_word' id='word_1_345' title='bbox 700 3446 858 3509; x_wconf 90' lang='lat' dir='ltr'>Christum</span> <span class='ocrx_word' id='word_1_346' title='bbox 870 3446 1031 3509; x_wconf 90' lang='lat' dir='ltr'>hominem</span> <span class='ocrx_word' id='word_1_347' title='bbox 1045 3452 1112 3507; x_wconf 91' lang='lat' dir='ltr'>tan·</span> <span class='ocrx_word' id='word_1_348' title='bbox 1159 3451 1191 3508; x_wconf 90' lang='lat' dir='ltr'>et</span> <span class='ocrx_word' id='word_1_349' title='bbox 1218 3445 1371 3523; x_wconf 83' lang='lat' dir='ltr'>ejusmodi</span> <span class='ocrx_word' id='word_1_350' title='bbox 1400 3461 1647 3507; x_wconf 86' lang='lat' dir='ltr'>commemorare</span> <span class='ocrx_word' id='word_1_351' title='bbox 1670 3451 1791 3516; x_wconf 81' lang='lat' dir='ltr'>eaetera,</span> <span class='ocrx_word' id='word_1_352' title='bbox 1813 3446 1844 3502; x_wconf 90' lang='lat' dir='ltr'>ut</span> <span class='ocrx_word' id='word_1_353' title='bbox 1868 3436 1898 3498; x_wconf 84' lang='lat' dir='ltr'>nd</span> 
     </span>
     <span class='ocr_line' id='line_1_35' title="bbox 339 3527 1899 3618; baseline -0.004 -21"><span class='ocrx_word' id='word_1_354' title='bbox 339 3541 424 3613; x_wconf 87' lang='lat' dir='ltr'>tum,</span> <span class='ocrx_word' id='word_1_355' title='bbox 439 3556 504 3599; x_wconf 90' lang='lat' dir='ltr'>non</span> <span class='ocrx_word' id='word_1_356' title='bbox 524 3540 617 3600; x_wconf 88' lang='lat' dir='ltr'>etiam</span> <span class='ocrx_word' id='word_1_357' title='bbox 637 3540 739 3600; x_wconf 90' lang='lat' dir='ltr'>Deum</span> <span class='ocrx_word' id='word_1_358' title='bbox 752 3544 882 3615; x_wconf 86' lang='lat' dir='ltr'>natum;</span> <span class='ocrx_word' id='word_1_359' title='bbox 898 3539 988 3618; x_wconf 89' lang='lat' dir='ltr'>eique</span> <span class='ocrx_word' id='word_1_360' title='bbox 1002 3538 1111 3600; x_wconf 89' lang='lat' dir='ltr'>divini·</span> <span class='ocrx_word' id='word_1_361' title='bbox 1158 3537 1272 3600; x_wconf 89' lang='lat' dir='ltr'>horum</span> <span class='ocrx_word' id='word_1_362' title='bbox 1287 3537 1480 3599; x_wconf 86' lang='lat' dir='ltr'>mentionem</span> <span class='ocrx_word' id='word_1_363' title='bbox 1499 3536 1558 3599; x_wconf 86' lang='lat' dir='ltr'>Dei</span> <span class='ocrx_word' id='word_1_364' title='bbox 1567 3555 1685 3600; x_wconf 89' lang='lat' dir='ltr'>nomen</span> <span class='ocrx_word' id='word_1_365' title='bbox 1698 3527 1899 3616; x_wconf 54' lang='lat' dir='ltr'>adjungens&amp;</span> 
     </span>
     <span class='ocr_line' id='line_1_36' title="bbox 339 3625 1899 3708; baseline -0.002 -19"><span class='ocrx_word' id='word_1_366' title='bbox 339 3634 435 3691; x_wconf 84' lang='lat' dir='ltr'>tatem</span> <span class='ocrx_word' id='word_1_367' title='bbox 448 3629 591 3691; x_wconf 85' lang='lat' dir='ltr'>eollatsm</span> <span class='ocrx_word' id='word_1_368' title='bbox 603 3648 667 3691; x_wconf 91' lang='lat' dir='ltr'>esse</span> <span class='ocrx_word' id='word_1_369' title='bbox 683 3648 739 3708; x_wconf 91' lang='lat' dir='ltr'>pro</span> <span class='ocrx_word' id='word_1_370' title='bbox 751 3631 861 3691; x_wconf 83' lang='lat' dir='ltr'>merito</span> <span class='ocrx_word' id='word_1_371' title='bbox 876 3630 961 3691; x_wconf 85' lang='lat' dir='ltr'>dieit.</span> <span class='ocrx_word' id='word_1_372' title='bbox 978 3652 990 3687; x_wconf 83' lang='grc' dir='ltr'><strong>ν</strong></span> <span class='ocrx_word' id='word_1_373' title='bbox 1160 3630 1274 3691; x_wconf 87' lang='lat' dir='ltr'>Christi</span> <span class='ocrx_word' id='word_1_374' title='bbox 1287 3629 1453 3705; x_wconf 84' lang='lat' dir='ltr'>duntaxat,</span> <span class='ocrx_word' id='word_1_375' title='bbox 1470 3633 1526 3690; x_wconf 85' lang='lat' dir='ltr'>aut</span> <span class='ocrx_word' id='word_1_376' title='bbox 1535 3629 1618 3707; x_wconf 81' lang='lat' dir='ltr'>Filii,</span> <span class='ocrx_word' id='word_1_377' title='bbox 1636 3636 1692 3693; x_wconf 90' lang='lat' dir='ltr'>aut</span> <span class='ocrx_word' id='word_1_378' title='bbox 1706 3625 1899 3703; x_wconf 70' lang='lat' dir='ltr'>hominique</span> 
     </span>
    </p>

    <p class='ocr_par' dir='ltr' id='par_1_6' title="bbox 338 3720 1900 4263">
     <span class='ocr_line' id='line_1_37' title="bbox 380 3720 1899 3802; baseline -0.007 -18"><span class='ocrx_word' id='word_1_379' title='bbox 380 3722 527 3784; x_wconf 89' lang='lat' dir='ltr'>Omnium</span> <span class='ocrx_word' id='word_1_380' title='bbox 541 3722 733 3784; x_wconf 79' lang='lat' dir='ltr'>exactissime</span> <span class='ocrx_word' id='word_1_381' title='bbox 742 3724 850 3802; x_wconf 85' lang='lat' dir='ltr'>quinta</span> <span class='ocrx_word' id='word_1_382' title='bbox 864 3722 1002 3801; x_wconf 88' lang='lat' dir='ltr'>synodus</span> <span class='ocrx_word' id='word_1_383' title='bbox 1011 3728 1109 3784; x_wconf 88' lang='lat' dir='ltr'>totam</span> <span class='ocrx_word' id='word_1_384' title='bbox 1158 3723 1219 3784; x_wconf 88' lang='lat' dir='ltr'>tria</span> <span class='ocrx_word' id='word_1_385' title='bbox 1229 3723 1358 3783; x_wconf 89' lang='lat' dir='ltr'>nomina</span> <span class='ocrx_word' id='word_1_386' title='bbox 1372 3726 1499 3783; x_wconf 73' lang='lat' dir='ltr'>staturas</span> <span class='ocrx_word' id='word_1_387' title='bbox 1512 3720 1588 3783; x_wconf 88' lang='lat' dir='ltr'>duas</span> <span class='ocrx_word' id='word_1_388' title='bbox 1603 3720 1785 3802; x_wconf 77' lang='lat' dir='ltr'>significant,</span> <span class='ocrx_word' id='word_1_389' title='bbox 1798 3722 1830 3778; x_wconf 89' lang='lat' dir='ltr'>ut</span> <span class='ocrx_word' id='word_1_390' title='bbox 1840 3728 1899 3775; x_wconf 87' lang='lat' dir='ltr'>eum</span> 
     </span>
     <span class='ocr_line' id='line_1_38' title="bbox 338 3805 1900 3895; baseline -0.008 -19"><span class='ocrx_word' id='word_1_391' title='bbox 338 3814 425 3877; x_wconf 92' lang='lat' dir='ltr'>illam</span> <span class='ocrx_word' id='word_1_392' title='bbox 439 3814 583 3877; x_wconf 80' lang='lat' dir='ltr'>haeresim</span> <span class='ocrx_word' id='word_1_393' title='bbox 597 3814 774 3876; x_wconf 88' lang='lat' dir='ltr'>damnando</span> <span class='ocrx_word' id='word_1_394' title='bbox 793 3814 954 3893; x_wconf 85' lang='lat' dir='ltr'>eomplexa</span> <span class='ocrx_word' id='word_1_395' title='bbox 972 3820 1018 3875; x_wconf 90' lang='lat' dir='ltr'>est</span> <span class='ocrx_word' id='word_1_396' title='bbox 1037 3834 1110 3877; x_wconf 90' lang='lat' dir='ltr'>ana·</span> <span class='ocrx_word' id='word_1_397' title='bbox 1158 3813 1236 3892; x_wconf 79' lang='lat' dir='ltr'>legis</span> <span class='ocrx_word' id='word_1_398' title='bbox 1267 3814 1350 3895; x_wconf 87' lang='lat' dir='ltr'>apud</span> <span class='ocrx_word' id='word_1_399' title='bbox 1377 3814 1558 3893; x_wconf 86' lang='lat' dir='ltr'>Apostolum</span> <span class='ocrx_word' id='word_1_400' title='bbox 1586 3813 1677 3876; x_wconf 86' lang='lat' dir='ltr'>Misit</span> <span class='ocrx_word' id='word_1_401' title='bbox 1702 3813 1774 3876; x_wconf 76' lang='lat' dir='ltr'>aaa</span> <span class='ocrx_word' id='word_1_402' title='bbox 1800 3805 1900 3872; x_wconf 77' lang='lat' dir='ltr'>Filiam</span> 
     </span>
     <span class='ocr_line' id='line_1_39' title="bbox 338 3900 1899 3988; baseline -0.004 -19"><span class='ocrx_word' id='word_1_403' title='bbox 338 3907 543 3969; x_wconf 89' lang='lat' dir='ltr'>thematismis</span> <span class='ocrx_word' id='word_1_404' title='bbox 568 3907 698 3986; x_wconf 87' lang='lat' dir='ltr'>aliquot.</span> <span class='ocrx_word' id='word_1_405' title='bbox 736 3908 777 3968; x_wconf 88' lang='lat' dir='ltr'>Ut</span> <span class='ocrx_word' id='word_1_406' title='bbox 797 3923 870 3967; x_wconf 89' lang='lat' dir='ltr'>eum</span> <span class='ocrx_word' id='word_1_407' title='bbox 897 3906 931 3967; x_wconf 92' lang='lat' dir='ltr'>in</span> <span class='ocrx_word' id='word_1_408' title='bbox 956 3908 1107 3985; x_wconf 86' lang='lat' dir='ltr'>seeundo,</span> <span class='ocrx_word' id='word_1_409' title='bbox 1158 3925 1244 3967; x_wconf 84' lang='lat' dir='ltr'>suam</span> <span class='ocrx_word' id='word_1_410' title='bbox 1290 3906 1403 3988; x_wconf 65' lang='lat' dir='ltr'>facttum</span> <span class='ocrx_word' id='word_1_411' title='bbox 1456 3924 1495 3967; x_wconf 70' lang='lat' dir='ltr'>ece</span> <span class='ocrx_word' id='word_1_412' title='bbox 1540 3904 1668 3969; x_wconf 79' lang='lat' dir='ltr'>muliera</span> <span class='ocrx_word' id='word_1_413' title='bbox 1681 3904 1715 3982; x_wconf 86' lang='lat'>⁸,</span> <span class='ocrx_word' id='word_1_414' title='bbox 1760 3900 1899 3965; x_wconf 82' lang='lat' dir='ltr'>honinem</span> 
     </span>
     <span class='ocr_line' id='line_1_40' title="bbox 343 3992 1898 4076; baseline 0.003 -18"><span class='ocrx_word' id='word_1_415' title='bbox 343 4020 359 4058; x_wconf 88' lang='lat' dir='ltr'>a</span> <span class='ocrx_word' id='word_1_416' title='bbox 386 3999 439 4061; x_wconf 80' lang='lat' dir='ltr'>liei</span> <span class='ocrx_word' id='word_1_417' title='bbox 466 4000 561 4061; x_wconf 88' lang='lat' dir='ltr'>Verbi</span> <span class='ocrx_word' id='word_1_418' title='bbox 587 3999 664 4060; x_wconf 87' lang='lat' dir='ltr'>duas</span> <span class='ocrx_word' id='word_1_419' title='bbox 693 4017 758 4061; x_wconf 88' lang='lat' dir='ltr'>esse</span> <span class='ocrx_word' id='word_1_420' title='bbox 783 3999 957 4061; x_wconf 88' lang='lat' dir='ltr'>nativitates</span> <span class='ocrx_word' id='word_1_421' title='bbox 980 3998 1106 4076; x_wconf 87' lang='lat' dir='ltr'>definit;</span> <span class='ocrx_word' id='word_1_422' title='bbox 1159 3998 1260 4059; x_wconf 90' lang='lat' dir='ltr'>solum</span> <span class='ocrx_word' id='word_1_423' title='bbox 1294 4016 1359 4059; x_wconf 84' lang='lat' dir='ltr'>esse</span> <span class='ocrx_word' id='word_1_424' title='bbox 1394 3998 1525 4075; x_wconf 86' lang='lat' dir='ltr'>laetum,</span> <span class='ocrx_word' id='word_1_425' title='bbox 1554 4016 1591 4059; x_wconf 86' lang='lat' dir='ltr'>ae</span> <span class='ocrx_word' id='word_1_426' title='bbox 1617 4003 1725 4060; x_wconf 89' lang='lat' dir='ltr'>natum</span> <span class='ocrx_word' id='word_1_427' title='bbox 1750 3992 1898 4068; x_wconf 59' lang='lat' dir='ltr'>intelliget,</span> 
     </span>
     <span class='ocr_line' id='line_1_41' title="bbox 340 4082 1898 4171; baseline -0.006 -19"><span class='ocrx_word' id='word_1_428' title='bbox 340 4096 517 4153; x_wconf 85' lang='lat' dir='ltr'>unamante</span> <span class='ocrx_word' id='word_1_429' title='bbox 527 4091 931 4163; x_wconf 83' lang='lat' dir='ltr'>soeoulaexPatre,alteram</span> <span class='ocrx_word' id='word_1_430' title='bbox 945 4090 979 4151; x_wconf 91' lang='lat' dir='ltr'>in</span> <span class='ocrx_word' id='word_1_431' title='bbox 992 4090 1108 4152; x_wconf 85' lang='lat' dir='ltr'>ultimis</span> <span class='ocrx_word' id='word_1_432' title='bbox 1159 4091 1213 4171; x_wconf 87' lang='lat' dir='ltr'>qui</span> <span class='ocrx_word' id='word_1_433' title='bbox 1246 4090 1329 4151; x_wconf 88' lang='lat' dir='ltr'>illius</span> <span class='ocrx_word' id='word_1_434' title='bbox 1349 4095 1474 4171; x_wconf 88' lang='lat' dir='ltr'>propter</span> <span class='ocrx_word' id='word_1_435' title='bbox 1507 4089 1688 4169; x_wconf 77' lang='lat' dir='ltr'>adjunctum</span> <span class='ocrx_word' id='word_1_436' title='bbox 1726 4087 1778 4151; x_wconf 88' lang='lat' dir='ltr'>Dei</span> <span class='ocrx_word' id='word_1_437' title='bbox 1806 4082 1898 4147; x_wconf 87' lang='lat' dir='ltr'>Filium</span> 
     </span>
     <span class='ocr_line' id='line_1_42' title="bbox 340 4181 1307 4263; baseline -0.003 -16"><span class='ocrx_word' id='word_1_438' title='bbox 340 4182 448 4247; x_wconf 89' lang='lat' dir='ltr'>diebus</span> <span class='ocrx_word' id='word_1_439' title='bbox 458 4182 597 4261; x_wconf 89' lang='lat' dir='ltr'>ejusdem</span> <span class='ocrx_word' id='word_1_440' title='bbox 610 4182 717 4262; x_wconf 83' lang='lat' dir='ltr'>ipsius,</span> <span class='ocrx_word' id='word_1_441' title='bbox 729 4183 783 4263; x_wconf 91' lang='lat' dir='ltr'>qui</span> <span class='ocrx_word' id='word_1_442' title='bbox 796 4182 835 4244; x_wconf 88' lang='lat' dir='ltr'>de</span> <span class='ocrx_word' id='word_1_443' title='bbox 845 4181 930 4245; x_wconf 88' lang='lat' dir='ltr'>ooelis</span> <span class='ocrx_word' id='word_1_444' title='bbox 939 4182 1107 4259; x_wconf 85' lang='lat' dir='ltr'>deseendit,</span> <span class='ocrx_word' id='word_1_445' title='bbox 1159 4181 1271 4243; x_wconf 87' lang='lat' dir='ltr'>dieitur</span> <span class='ocrx_word' id='word_1_446' title='bbox 1284 4191 1307 4244; x_wconf 75' lang='lat'>⁶.</span> 
     </span>
    </p>
   </div>
   <div class='ocr_carea' id='block_1_3' title="bbox 341 4373 1902 5299">
    <p class='ocr_par' dir='ltr' id='par_1_7' title="bbox 341 4373 1901 4885">
     <span class='ocr_line' id='line_1_43' title="bbox 376 4373 1900 4469; baseline -0.006 -17"><span class='ocrx_word' id='word_1_447' title='bbox 376 4396 516 4453; x_wconf 73' lang='lat' dir='ltr'>alnalh.</span> <span class='ocrx_word' id='word_1_448' title='bbox 532 4411 560 4452; x_wconf 84' lang='lat'>11.</span> <span class='ocrx_word' id='word_1_449' title='bbox 583 4393 615 4451; x_wconf 81' lang='lat' dir='ltr'>Ei</span> <span class='ocrx_word' id='word_1_450' title='bbox 633 4413 670 4457; x_wconf 87' lang='grc' dir='ltr'>τις</span> <span class='ocrx_word' id='word_1_451' title='bbox 688 4393 736 4468; x_wconf 57' lang='lat' dir='ltr'>aix</span> <span class='ocrx_word' id='word_1_452' title='bbox 755 4394 878 4469; x_wconf 81' lang='grc' dir='ltr'><strong>θμολογιῖ</strong></span> <span class='ocrx_word' id='word_1_453' title='bbox 898 4373 1011 4450; x_wconf 37' lang='grc' dir='ltr'><strong>τοῦοθιοῦ</strong></span> <span class='ocrx_word' id='word_1_454' title='bbox 1034 4397 1110 4468; x_wconf 77' lang='grc' dir='ltr'><strong>λόγον</strong></span> <span class='ocrx_word' id='word_1_455' title='bbox 1158 4394 1234 4467; x_wconf 84' lang='grc' dir='ltr'><strong>λόγον</strong></span> <span class='ocrx_word' id='word_1_456' title='bbox 1254 4392 1365 4465; x_wconf 76' lang='grc' dir='ltr'><strong>Ἰησοῦν,</strong></span> <span class='ocrx_word' id='word_1_457' title='bbox 1377 4394 1419 4447; x_wconf 76' lang='grc' dir='ltr'>καί</span> <span class='ocrx_word' id='word_1_458' title='bbox 1429 4392 1543 4465; x_wconf 77' lang='grc' dir='ltr'><strong>Χριστὸν,</strong></span> <span class='ocrx_word' id='word_1_459' title='bbox 1560 4393 1700 4457; x_wconf 79' lang='grc' dir='ltr'><strong>καλοῦντος,</strong></span> <span class='ocrx_word' id='word_1_460' title='bbox 1728 4385 1900 4456; x_wconf 60' lang='grc' dir='ltr'><strong>ιιαλτθνθνθρντ</strong></span> 
     </span>
     <span class='ocr_line' id='line_1_44' title="bbox 342 4463 1901 4552; baseline -0.001 -18"><span class='ocrx_word' id='word_1_461' title='bbox 342 4475 404 4534; x_wconf 73' lang='lat' dir='ltr'>eluar</span> <span class='ocrx_word' id='word_1_462' title='bbox 417 4480 461 4543; x_wconf 78' lang='grc' dir='ltr'>τὰς</span> <span class='ocrx_word' id='word_1_463' title='bbox 474 4480 517 4534; x_wconf 72' lang='lat' dir='ltr'>dio</span> <span class='ocrx_word' id='word_1_464' title='bbox 528 4481 660 4552; x_wconf 72' lang='grc' dir='ltr'><strong>γεννήσεις,</strong></span> <span class='ocrx_word' id='word_1_465' title='bbox 673 4479 746 4547; x_wconf 71' lang='lat' dir='ltr'>rives</span> <span class='ocrx_word' id='word_1_466' title='bbox 754 4478 802 4550; x_wconf 84' lang='grc' dir='ltr'>πρθ</span> <span class='ocrx_word' id='word_1_467' title='bbox 811 4477 908 4531; x_wconf 79' lang='grc' dir='ltr'><strong>αἰώνων</strong></span> <span class='ocrx_word' id='word_1_468' title='bbox 923 4476 1005 4533; x_wconf 74' lang='lat' dir='ltr'>latai</span> <span class='ocrx_word' id='word_1_469' title='bbox 1019 4481 1111 4550; x_wconf 82' lang='grc' dir='ltr'><strong>πατρίς</strong></span> <span class='ocrx_word' id='word_1_470' title='bbox 1159 4496 1206 4532; x_wconf 92' lang='grc' dir='ltr'><strong>πον</strong></span> <span class='ocrx_word' id='word_1_471' title='bbox 1219 4477 1406 4550; x_wconf 65' lang='grc' dir='ltr'>κεχωρισμένως</span> <span class='ocrx_word' id='word_1_472' title='bbox 1419 4476 1534 4548; x_wconf 73' lang='grc' dir='ltr'><strong>Χριστὸν,</strong></span> <span class='ocrx_word' id='word_1_473' title='bbox 1557 4476 1597 4530; x_wconf 71' lang='grc' dir='ltr'>καί</span> <span class='ocrx_word' id='word_1_474' title='bbox 1619 4475 1671 4530; x_wconf 85' lang='grc' dir='ltr'><strong>οίθν</strong></span> <span class='ocrx_word' id='word_1_475' title='bbox 1697 4474 1852 4546; x_wconf 53' lang='lat' dir='ltr'>deamata,</span> <span class='ocrx_word' id='word_1_476' title='bbox 1868 4463 1901 4519; x_wconf 61' lang='lat' dir='ltr'>”l</span> 
     </span>
     <span class='ocr_line' id='line_1_45' title="bbox 342 4554 1901 4636; baseline -0.005 -19"><span class='ocrx_word' id='word_1_477' title='bbox 342 4563 463 4636; x_wconf 74' lang='grc' dir='ltr'><strong>θχρόνως,</strong></span> <span class='ocrx_word' id='word_1_478' title='bbox 471 4564 512 4617; x_wconf 78' lang='grc' dir='ltr'>καί</span> <span class='ocrx_word' id='word_1_479' title='bbox 526 4562 672 4634; x_wconf 74' lang='grc' dir='ltr'>ἇσωμάτως,</span> <span class='ocrx_word' id='word_1_480' title='bbox 680 4563 724 4629; x_wconf 67' lang='grc' dir='ltr'><strong>τήν</strong></span> <span class='ocrx_word' id='word_1_481' title='bbox 738 4580 765 4615; x_wconf 87' lang='grc' dir='ltr'>τε</span> <span class='ocrx_word' id='word_1_482' title='bbox 779 4560 817 4615; x_wconf 84' lang='lat' dir='ltr'>lrr’</span> <span class='ocrx_word' id='word_1_483' title='bbox 827 4560 939 4633; x_wconf 70' lang='grc' dir='ltr'><strong>ἐσχάτων</strong></span> <span class='ocrx_word' id='word_1_484' title='bbox 953 4567 1003 4615; x_wconf 83' lang='grc' dir='ltr'><strong>τῶν</strong></span> <span class='ocrx_word' id='word_1_485' title='bbox 1013 4560 1111 4633; x_wconf 68' lang='grc' dir='ltr'><strong>ἡμερῶν</strong></span> <span class='ocrx_word' id='word_1_486' title='bbox 1159 4561 1202 4614; x_wconf 84' lang='grc' dir='ltr'>δύο</span> <span class='ocrx_word' id='word_1_487' title='bbox 1215 4563 1335 4632; x_wconf 80' lang='grc' dir='ltr'><strong>πρόσωπα</strong></span> <span class='ocrx_word' id='word_1_488' title='bbox 1343 4566 1474 4632; x_wconf 76' lang='grc' dir='ltr'><strong>προφανῶς</strong></span> <span class='ocrx_word' id='word_1_489' title='bbox 1481 4560 1604 4631; x_wconf 78' lang='grc' dir='ltr'><strong>λίγοντις,</strong></span> <span class='ocrx_word' id='word_1_490' title='bbox 1615 4559 1678 4613; x_wconf 76' lang='grc' dir='ltr'><strong>κατὰ</strong></span> <span class='ocrx_word' id='word_1_491' title='bbox 1692 4560 1764 4631; x_wconf 84' lang='grc' dir='ltr'><strong>μόνην</strong></span> <span class='ocrx_word' id='word_1_492' title='bbox 1775 4554 1814 4623; x_wconf 72' lang='grc' dir='ltr'><strong>την</strong></span> <span class='ocrx_word' id='word_1_493' title='bbox 1824 4568 1901 4624; x_wconf 68' lang='lat' dir='ltr'>apter·</span> 
     </span>
     <span class='ocr_line' id='line_1_46' title="bbox 341 4630 1900 4715; baseline -0.009 -14"><span class='ocrx_word' id='word_1_494' title='bbox 341 4651 386 4701; x_wconf 90' lang='grc' dir='ltr'>τοῦ</span> <span class='ocrx_word' id='word_1_495' title='bbox 402 4639 477 4698; x_wconf 75' lang='grc' dir='ltr'>αθτοῦ</span> <span class='ocrx_word' id='word_1_496' title='bbox 489 4645 659 4708; x_wconf 77' lang='grc' dir='ltr'><strong>κατελθόντος,</strong></span> <span class='ocrx_word' id='word_1_497' title='bbox 675 4641 701 4697; x_wconf 76' lang='lat' dir='ltr'>lu</span> <span class='ocrx_word' id='word_1_498' title='bbox 716 4650 766 4698; x_wconf 83' lang='grc' dir='ltr'><strong>τῶν</strong></span> <span class='ocrx_word' id='word_1_499' title='bbox 788 4643 907 4715; x_wconf 83' lang='grc' dir='ltr'><strong>οθρανών,</strong></span> <span class='ocrx_word' id='word_1_500' title='bbox 922 4644 963 4699; x_wconf 78' lang='grc' dir='ltr'>καί</span> <span class='ocrx_word' id='word_1_501' title='bbox 977 4644 1112 4715; x_wconf 81' lang='grc' dir='ltr'><strong>σαριωθίν-</strong></span> <span class='ocrx_word' id='word_1_502' title='bbox 1160 4642 1255 4715; x_wconf 90' lang='grc' dir='ltr'><strong>γορίαν,</strong></span> <span class='ocrx_word' id='word_1_503' title='bbox 1268 4643 1310 4695; x_wconf 79' lang='grc' dir='ltr'>καί</span> <span class='ocrx_word' id='word_1_504' title='bbox 1329 4642 1413 4714; x_wconf 77' lang='grc' dir='ltr'><strong>τιμὴν,</strong></span> <span class='ocrx_word' id='word_1_505' title='bbox 1435 4642 1476 4697; x_wconf 77' lang='grc' dir='ltr'>καί</span> <span class='ocrx_word' id='word_1_506' title='bbox 1500 4640 1579 4705; x_wconf 78' lang='grc' dir='ltr'><strong>ἀξίαν,</strong></span> <span class='ocrx_word' id='word_1_507' title='bbox 1594 4643 1635 4697; x_wconf 75' lang='grc' dir='ltr'>καί</span> <span class='ocrx_word' id='word_1_508' title='bbox 1657 4640 1819 4713; x_wconf 71' lang='grc' dir='ltr'>προσκύνησιν,</span> <span class='ocrx_word' id='word_1_509' title='bbox 1833 4630 1900 4688; x_wconf 72' lang='lat' dir='ltr'>ath</span> 
     </span>
     <span class='ocr_line' id='line_1_47' title="bbox 342 4723 1807 4798; baseline -0.007 -16"><span class='ocrx_word' id='word_1_510' title='bbox 342 4749 384 4793; x_wconf 86' lang='grc' dir='ltr'>τος</span> <span class='ocrx_word' id='word_1_511' title='bbox 398 4727 424 4782; x_wconf 79' lang='lat' dir='ltr'>la</span> <span class='ocrx_word' id='word_1_512' title='bbox 437 4732 480 4795; x_wconf 76' lang='grc' dir='ltr'>της</span> <span class='ocrx_word' id='word_1_513' title='bbox 494 4727 564 4798; x_wconf 76' lang='grc' dir='ltr'><strong>ἁγίοις</strong></span> <span class='ocrx_word' id='word_1_514' title='bbox 579 4724 674 4789; x_wconf 63' lang='lat' dir='ltr'>inridier</span> <span class='ocrx_word' id='word_1_515' title='bbox 688 4726 813 4790; x_wconf 80' lang='grc' dir='ltr'><strong>θεοτθιιον,</strong></span> <span class='ocrx_word' id='word_1_516' title='bbox 829 4727 870 4779; x_wconf 79' lang='grc' dir='ltr'>καὶ</span> <span class='ocrx_word' id='word_1_517' title='bbox 887 4725 1043 4798; x_wconf 72' lang='grc' dir='ltr'><strong>ἇιιπαρθίνον</strong></span> <span class='ocrx_word' id='word_1_518' title='bbox 1056 4727 1112 4779; x_wconf 82' lang='grc' dir='ltr'>Μα-</span> <span class='ocrx_word' id='word_1_519' title='bbox 1160 4727 1302 4798; x_wconf 84' lang='grc' dir='ltr'><strong>πρόσωπον,</strong></span> <span class='ocrx_word' id='word_1_520' title='bbox 1313 4724 1355 4779; x_wconf 74' lang='lat' dir='ltr'>rai</span> <span class='ocrx_word' id='word_1_521' title='bbox 1369 4725 1412 4779; x_wconf 75' lang='lat' dir='ltr'>iva</span> <span class='ocrx_word' id='word_1_522' title='bbox 1425 4724 1529 4797; x_wconf 80' lang='grc' dir='ltr'><strong>Χριστδν</strong></span> <span class='ocrx_word' id='word_1_523' title='bbox 1542 4724 1711 4797; x_wconf 70' lang='grc' dir='ltr'>ὑποκρίνονται</span> <span class='ocrx_word' id='word_1_524' title='bbox 1723 4723 1807 4792; x_wconf 83' lang='grc' dir='ltr'><strong>λίγιιν.</strong></span> 
     </span>
     <span class='ocr_line' id='line_1_48' title="bbox 344 4800 1899 4885; baseline -0.004 -20"><span class='ocrx_word' id='word_1_525' title='bbox 344 4812 405 4885; x_wconf 86' lang='grc' dir='ltr'><strong>ρίας,</strong></span> <span class='ocrx_word' id='word_1_526' title='bbox 420 4811 461 4866; x_wconf 75' lang='grc' dir='ltr'>καί</span> <span class='ocrx_word' id='word_1_527' title='bbox 474 4810 630 4882; x_wconf 65' lang='grc' dir='ltr'><strong>γεννηθέντος</strong></span> <span class='ocrx_word' id='word_1_528' title='bbox 644 4807 668 4870; x_wconf 68' lang='grc' dir='ltr'>ἐξ</span> <span class='ocrx_word' id='word_1_529' title='bbox 680 4808 754 4876; x_wconf 71' lang='grc' dir='ltr'><strong>αὐτῆς</strong></span> <span class='ocrx_word' id='word_1_530' title='bbox 765 4809 779 4863; x_wconf 84' lang='grc' dir='ltr'><strong>θ</strong></span> <span class='ocrx_word' id='word_1_531' title='bbox 790 4816 900 4873; x_wconf 88' lang='grc' dir='ltr'><strong>τοιοῦτος</strong></span> <span class='ocrx_word' id='word_1_532' title='bbox 914 4809 1022 4880; x_wconf 76' lang='grc' dir='ltr'><strong>ἀνάθεμα</strong></span> <span class='ocrx_word' id='word_1_533' title='bbox 1035 4808 1110 4864; x_wconf 82' lang='grc' dir='ltr'><strong>ἔστω.</strong></span> <span class='ocrx_word' id='word_1_534' title='bbox 1199 4823 1214 4865; x_wconf 79' lang='lat' dir='ltr'>d</span> <span class='ocrx_word' id='word_1_535' title='bbox 1233 4809 1316 4867; x_wconf 82' lang='lat' dir='ltr'>anr.</span> <span class='ocrx_word' id='word_1_536' title='bbox 1332 4807 1362 4865; x_wconf 87' lang='lat' dir='ltr'>in</span> <span class='ocrx_word' id='word_1_537' title='bbox 1375 4806 1452 4879; x_wconf 72' lang='lat' dir='ltr'>Epir.</span> <span class='ocrx_word' id='word_1_538' title='bbox 1469 4811 1551 4866; x_wconf 77' lang='lat' dir='ltr'>eoae.</span> <span class='ocrx_word' id='word_1_539' title='bbox 1568 4807 1627 4865; x_wconf 81' lang='grc' dir='ltr'><strong>λοί.</strong></span> <span class='ocrx_word' id='word_1_540' title='bbox 1644 4823 1663 4865; x_wconf 87' lang='lat'>1.</span> <span class='ocrx_word' id='word_1_541' title='bbox 1674 4807 1729 4861; x_wconf 80' lang='grc' dir='ltr'><strong>Υίθν</strong></span> <span class='ocrx_word' id='word_1_542' title='bbox 1748 4803 1792 4877; x_wconf 73' lang='grc' dir='ltr'>γὰρ</span> <span class='ocrx_word' id='word_1_543' title='bbox 1805 4800 1899 4883; x_wconf 55' lang='lat' dir='ltr'>luitha}</span> 
     </span>
    </p>

    <p class='ocr_par' dir='ltr' id='par_1_8' title="bbox 344 4882 1902 5299">
     <span class='ocr_line' id='line_1_49' title="bbox 381 4882 1901 4964; baseline -0.005 -14"><span class='ocrx_word' id='word_1_544' title='bbox 381 4895 398 4950; x_wconf 83' lang='lat' dir='ltr'><em>b</em></span> <span class='ocrx_word' id='word_1_545' title='bbox 417 4893 517 4950; x_wconf 77' lang='lat' dir='ltr'>Annih.</span> <span class='ocrx_word' id='word_1_546' title='bbox 532 4909 570 4947; x_wconf 86' lang='grc' dir='ltr'><strong>ιν.</strong></span> <span class='ocrx_word' id='word_1_547' title='bbox 592 4889 660 4952; x_wconf 84' lang='grc' dir='ltr'><strong>Εἴτις</strong></span> <span class='ocrx_word' id='word_1_548' title='bbox 680 4891 748 4962; x_wconf 78' lang='grc' dir='ltr'><strong>λέγει</strong></span> <span class='ocrx_word' id='word_1_549' title='bbox 761 4890 825 4944; x_wconf 74' lang='grc' dir='ltr'><strong>κατὰ</strong></span> <span class='ocrx_word' id='word_1_550' title='bbox 843 4893 926 4964; x_wconf 79' lang='grc' dir='ltr'><strong>χάριν,</strong></span> <span class='ocrx_word' id='word_1_551' title='bbox 942 4893 957 4959; x_wconf 73' lang='grc' dir='ltr'>ἢ</span> <span class='ocrx_word' id='word_1_552' title='bbox 972 4891 1035 4946; x_wconf 74' lang='grc' dir='ltr'><strong>κατὰ</strong></span> <span class='ocrx_word' id='word_1_553' title='bbox 1048 4889 1114 4963; x_wconf 79' lang='lat' dir='ltr'>luip-</span> <span class='ocrx_word' id='word_1_554' title='bbox 1161 4891 1217 4947; x_wconf 85' lang='grc' dir='ltr'><strong>θιοῦ</strong></span> <span class='ocrx_word' id='word_1_555' title='bbox 1231 4891 1247 4958; x_wconf 72' lang='grc' dir='ltr'><strong>ἢ</strong></span> <span class='ocrx_word' id='word_1_556' title='bbox 1260 4892 1419 4964; x_wconf 81' lang='grc' dir='ltr'><strong>γριστοτόαος</strong></span> <span class='ocrx_word' id='word_1_557' title='bbox 1431 4892 1559 4962; x_wconf 87' lang='grc' dir='ltr'><strong>πορθίνος.</strong></span> <span class='ocrx_word' id='word_1_558' title='bbox 1575 4889 1632 4945; x_wconf 71' lang='grc' dir='ltr'><strong>ἄλλ’</strong></span> <span class='ocrx_word' id='word_1_559' title='bbox 1644 4888 1724 4955; x_wconf 66' lang='lat' dir='ltr'>leterii</span> <span class='ocrx_word' id='word_1_560' title='bbox 1736 4905 1779 4958; x_wconf 83' lang='grc' dir='ltr'>περ</span> <span class='ocrx_word' id='word_1_561' title='bbox 1791 4884 1804 4939; x_wconf 88' lang='grc' dir='ltr'><strong>θ</strong></span> <span class='ocrx_word' id='word_1_562' title='bbox 1816 4882 1901 4943; x_wconf 64' lang='grc' dir='ltr'>νίθιῖθθ</span> 
     </span>
     <span class='ocr_line' id='line_1_50' title="bbox 344 4958 1901 5051; baseline -0.006 -20"><span class='ocrx_word' id='word_1_563' title='bbox 344 4995 422 5051; x_wconf 82' lang='grc' dir='ltr'><strong>γιιαν,</strong></span> <span class='ocrx_word' id='word_1_564' title='bbox 434 4978 449 5045; x_wconf 75' lang='grc' dir='ltr'><strong>θ</strong></span> <span class='ocrx_word' id='word_1_565' title='bbox 459 4974 521 5030; x_wconf 77' lang='lat' dir='ltr'>rarle</span> <span class='ocrx_word' id='word_1_566' title='bbox 534 4973 638 5041; x_wconf 61' lang='lat' dir='ltr'>diioui</span> <span class='ocrx_word' id='word_1_567' title='bbox 652 4973 716 5027; x_wconf 77' lang='grc' dir='ltr'><strong>κατὰ</strong></span> <span class='ocrx_word' id='word_1_568' title='bbox 730 4973 864 5048; x_wconf 76' lang='grc' dir='ltr'><strong>ἰσοτιμίαν,</strong></span> <span class='ocrx_word' id='word_1_569' title='bbox 877 4973 964 5041; x_wconf 65' lang='lat' dir='ltr'>dunel</span> <span class='ocrx_word' id='word_1_570' title='bbox 977 4972 1111 5037; x_wconf 81' lang='grc' dir='ltr'><strong>αὖθιντίαν,</strong></span> <span class='ocrx_word' id='word_1_571' title='bbox 1162 4975 1217 5028; x_wconf 90' lang='grc' dir='ltr'><strong>θιοῦ</strong></span> <span class='ocrx_word' id='word_1_572' title='bbox 1230 4976 1331 5038; x_wconf 79' lang='grc' dir='ltr'><strong>διπλοῦς</strong></span> <span class='ocrx_word' id='word_1_573' title='bbox 1344 4972 1394 5031; x_wconf 76' lang='grc' dir='ltr'><strong>ἔστι</strong></span> <span class='ocrx_word' id='word_1_574' title='bbox 1410 4973 1474 5028; x_wconf 76' lang='grc' dir='ltr'><strong>κατὰ</strong></span> <span class='ocrx_word' id='word_1_575' title='bbox 1485 4973 1528 5037; x_wconf 73' lang='grc' dir='ltr'>τὰς</span> <span class='ocrx_word' id='word_1_576' title='bbox 1540 4972 1628 5045; x_wconf 82' lang='grc' dir='ltr'><strong>ριίστις,</strong></span> <span class='ocrx_word' id='word_1_577' title='bbox 1644 4972 1688 5028; x_wconf 76' lang='grc' dir='ltr'><strong>οὖν</strong></span> <span class='ocrx_word' id='word_1_578' title='bbox 1701 4969 1804 5043; x_wconf 74' lang='grc' dir='ltr'><strong>ἕγίννηοι</strong></span> <span class='ocrx_word' id='word_1_579' title='bbox 1818 4962 1855 5037; x_wconf 66' lang='grc' dir='ltr'>μὶν</span> <span class='ocrx_word' id='word_1_580' title='bbox 1866 4958 1901 5015; x_wconf 66' lang='grc' dir='ltr'>ιθ*</span> 
     </span>
     <span class='ocr_line' id='line_1_51' title="bbox 344 5043 1902 5131; baseline -0.001 -18"><span class='ocrx_word' id='word_1_581' title='bbox 344 5062 360 5129; x_wconf 68' lang='grc' dir='ltr'><strong>ἢ</strong></span> <span class='ocrx_word' id='word_1_582' title='bbox 386 5058 519 5131; x_wconf 69' lang='grc' dir='ltr'><strong>ἀναφορὰν,</strong></span> <span class='ocrx_word' id='word_1_583' title='bbox 540 5057 665 5130; x_wconf 74' lang='grc' dir='ltr'><strong>θοχίοιν,</strong></span> <span class='ocrx_word' id='word_1_584' title='bbox 686 5055 886 5131; x_wconf 73' lang='grc' dir='ltr'><strong>ἢθθναμιν,τὴν</strong></span> <span class='ocrx_word' id='word_1_585' title='bbox 901 5056 987 5111; x_wconf 82' lang='grc' dir='ltr'><strong>ίνωσιν</strong></span> <span class='ocrx_word' id='word_1_586' title='bbox 1002 5061 1045 5112; x_wconf 89' lang='grc' dir='ltr'>τοῦ</span> <span class='ocrx_word' id='word_1_587' title='bbox 1058 5057 1113 5111; x_wconf 89' lang='grc' dir='ltr'><strong>θεοῦ</strong></span> <span class='ocrx_word' id='word_1_588' title='bbox 1162 5055 1214 5109; x_wconf 82' lang='grc' dir='ltr'><strong>νίθν</strong></span> <span class='ocrx_word' id='word_1_589' title='bbox 1228 5064 1271 5110; x_wconf 89' lang='grc' dir='ltr'>τοῦ</span> <span class='ocrx_word' id='word_1_590' title='bbox 1285 5057 1350 5122; x_wconf 83' lang='grc' dir='ltr'><strong>θεοῦ,</strong></span> <span class='ocrx_word' id='word_1_591' title='bbox 1376 5056 1432 5109; x_wconf 78' lang='grc' dir='ltr'><strong>ἀλλ’</strong></span> <span class='ocrx_word' id='word_1_592' title='bbox 1454 5054 1567 5128; x_wconf 66' lang='grc' dir='ltr'><strong>ἐγέννησε</strong></span> <span class='ocrx_word' id='word_1_593' title='bbox 1589 5054 1632 5123; x_wconf 78' lang='grc' dir='ltr'><strong>τὴν</strong></span> <span class='ocrx_word' id='word_1_594' title='bbox 1655 5053 1828 5126; x_wconf 73' lang='grc' dir='ltr'><strong>θνθρωπθτηττ,</strong></span> <span class='ocrx_word' id='word_1_595' title='bbox 1845 5043 1902 5131; x_wconf 60' lang='lat' dir='ltr'>issi</span> 
     </span>
     <span class='ocr_line' id='line_1_52' title="bbox 344 5129 1901 5215; baseline -0.006 -18"><span class='ocrx_word' id='word_1_596' title='bbox 344 5141 798 5215; x_wconf 75' lang='grc' dir='ltr'><strong>λόγοοπρθςᾶνθρωπονγογινῆοθαι.</strong></span> <span class='ocrx_word' id='word_1_597' title='bbox 817 5139 1111 5207; x_wconf 61' lang='lat' dir='ltr'>taurianensem.</span> <span class='ocrx_word' id='word_1_598' title='bbox 1163 5137 1228 5195; x_wconf 84' lang='grc' dir='ltr'><strong>ίοτιν</strong></span> <span class='ocrx_word' id='word_1_599' title='bbox 1247 5140 1299 5203; x_wconf 86' lang='grc' dir='ltr'><strong>οίθς</strong></span> <span class='ocrx_word' id='word_1_600' title='bbox 1323 5138 1364 5195; x_wconf 77' lang='grc' dir='ltr'>διὰ</span> <span class='ocrx_word' id='word_1_601' title='bbox 1390 5139 1433 5195; x_wconf 84' lang='grc' dir='ltr'><strong>τθν</strong></span> <span class='ocrx_word' id='word_1_602' title='bbox 1456 5139 1610 5213; x_wconf 83' lang='grc' dir='ltr'><strong>σονημμίνον</strong></span> <span class='ocrx_word' id='word_1_603' title='bbox 1630 5138 1691 5192; x_wconf 86' lang='grc' dir='ltr'><strong>οίθν.</strong></span> <span class='ocrx_word' id='word_1_604' title='bbox 1717 5133 1781 5191; x_wconf 81' lang='lat' dir='ltr'>vide</span> <span class='ocrx_word' id='word_1_605' title='bbox 1802 5129 1901 5189; x_wconf 70' lang='lat' dir='ltr'>Neara</span> 
     </span>
     <span class='ocr_line' id='line_1_53' title="bbox 346 5217 1767 5299; baseline -0.004 -19"><span class='ocrx_word' id='word_1_606' title='bbox 346 5224 385 5280; x_wconf 73' lang='lat' dir='ltr'>”fl</span> <span class='ocrx_word' id='word_1_607' title='bbox 408 5224 471 5281; x_wconf 74' lang='grc' dir='ltr'><strong>κατὰ</strong></span> <span class='ocrx_word' id='word_1_608' title='bbox 484 5223 638 5299; x_wconf 80' lang='grc' dir='ltr'><strong>ὁμωνυμίαν,</strong></span> <span class='ocrx_word' id='word_1_609' title='bbox 652 5223 706 5278; x_wconf 78' lang='grc' dir='ltr'><strong>καθ’</strong></span> <span class='ocrx_word' id='word_1_610' title='bbox 721 5226 750 5292; x_wconf 71' lang='grc' dir='ltr'><strong>ἢν</strong></span> <span class='ocrx_word' id='word_1_611' title='bbox 771 5222 794 5278; x_wconf 87' lang='lat' dir='ltr'>oi</span> <span class='ocrx_word' id='word_1_612' title='bbox 814 5224 975 5296; x_wconf 84' lang='grc' dir='ltr'><strong>Νιοτοριανολ</strong></span> <span class='ocrx_word' id='word_1_613' title='bbox 995 5222 1038 5277; x_wconf 82' lang='grc' dir='ltr'><strong>τθν</strong></span> <span class='ocrx_word' id='word_1_614' title='bbox 1059 5222 1113 5279; x_wconf 84' lang='grc' dir='ltr'><strong>θιθν</strong></span> <span class='ocrx_word' id='word_1_615' title='bbox 1163 5221 1241 5295; x_wconf 81' lang='lat' dir='ltr'>episi.</span> <span class='ocrx_word' id='word_1_616' title='bbox 1254 5221 1296 5278; x_wconf 84' lang='lat' dir='ltr'>ad</span> <span class='ocrx_word' id='word_1_617' title='bbox 1311 5222 1376 5296; x_wconf 66' lang='lat' dir='ltr'>Cpr.</span> <span class='ocrx_word' id='word_1_618' title='bbox 1392 5238 1456 5295; x_wconf 76' lang='lat' dir='ltr'>qua</span> <span class='ocrx_word' id='word_1_619' title='bbox 1472 5222 1596 5281; x_wconf 67' lang='lat' dir='ltr'>meister</span> <span class='ocrx_word' id='word_1_620' title='bbox 1607 5220 1685 5295; x_wconf 80' lang='lat' dir='ltr'>epist.</span> <span class='ocrx_word' id='word_1_621' title='bbox 1701 5217 1767 5290; x_wconf 71' lang='lat' dir='ltr'>Cpr.</span> 
     </span>
    </p>
   </div>
   <div class='ocr_carea' id='block_1_4' title="bbox 344 5400 1900 5533">
    <p class='ocr_par' dir='ltr' id='par_1_9' title="bbox 344 5400 1900 5533">
     <span class='ocr_line' id='line_1_54' title="bbox 344 5400 1900 5529; baseline -0.008 -65"><span class='ocrx_word' id='word_1_622' title='bbox 344 5484 358 5527; x_wconf 50' lang='grc' dir='ltr'><strong>ὅ</strong></span> <span class='ocrx_word' id='word_1_623' title='bbox 371 5419 444 5529; x_wconf 47' lang='grc' dir='ltr'><strong>μωρία</strong></span> <span class='ocrx_word' id='word_1_624' title='bbox 457 5420 474 5472; x_wconf 95' lang='grc' dir='ltr'>Ι,</span> <span class='ocrx_word' id='word_1_625' title='bbox 486 5419 593 5467; x_wconf 66' lang='grc' dir='ltr'><strong>σιν-9</strong></span> <span class='ocrx_word' id='word_1_626' title='bbox 603 5418 655 5465; x_wconf 78' lang='lat' dir='ltr'>Fue.</span> <span class='ocrx_word' id='word_1_627' title='bbox 664 5417 724 5471; x_wconf 68' lang='lat' dir='ltr'>hit,</span> <span class='ocrx_word' id='word_1_628' title='bbox 738 5428 756 5462; x_wconf 91' lang='grc' dir='ltr'>ο.</span> <span class='ocrx_word' id='word_1_629' title='bbox 766 5427 792 5462; x_wconf 90' lang='grc' dir='ltr'>ιιι</span> <span class='ocrx_word' id='word_1_630' title='bbox 804 5416 886 5463; x_wconf 74' lang='lat' dir='ltr'>vilest</span> <span class='ocrx_word' id='word_1_631' title='bbox 898 5416 914 5462; x_wconf 92' lang='lat' dir='ltr'>l.</span> <span class='ocrx_word' id='word_1_632' title='bbox 927 5416 993 5463; x_wconf 86' lang='lat' dir='ltr'>ut.-</span> <span class='ocrx_word' id='word_1_633' title='bbox 1004 5417 1019 5461; x_wconf 91' lang='lat' dir='ltr'>s</span> <span class='ocrx_word' id='word_1_634' title='bbox 1030 5416 1055 5462; x_wconf 88' lang='grc' dir='ltr'>ίο</span> <span class='ocrx_word' id='word_1_635' title='bbox 1068 5417 1146 5474; x_wconf 74' lang='lat' dir='ltr'>epha.</span> <span class='ocrx_word' id='word_1_636' title='bbox 1160 5417 1241 5475; x_wconf 64' lang='lat' dir='ltr'>synod.</span> <span class='ocrx_word' id='word_1_637' title='bbox 1251 5418 1298 5463; x_wconf 81' lang='grc' dir='ltr'><strong>Αοι.</strong></span> <span class='ocrx_word' id='word_1_638' title='bbox 1311 5418 1390 5464; x_wconf 80' lang='lat' dir='ltr'>rr.-l</span> <span class='ocrx_word' id='word_1_639' title='bbox 1402 5417 1451 5474; x_wconf 78' lang='lat' dir='ltr'>Gyr.</span> <span class='ocrx_word' id='word_1_640' title='bbox 1461 5416 1509 5463; x_wconf 83' lang='lat' dir='ltr'>hlsl</span> <span class='ocrx_word' id='word_1_641' title='bbox 1523 5416 1581 5473; x_wconf 80' lang='lat' dir='ltr'>qnod</span> <span class='ocrx_word' id='word_1_642' title='bbox 1596 5426 1655 5462; x_wconf 80' lang='lat' dir='ltr'>nnus</span> <span class='ocrx_word' id='word_1_643' title='bbox 1665 5412 1797 5459; x_wconf 70' lang='lat' dir='ltr'>urthrhrm</span> <span class='ocrx_word' id='word_1_644' title='bbox 1806 5400 1900 5451; x_wconf 57' lang='lat' dir='ltr'>rond·-</span> 
     </span>
     <span class='ocr_line' id='line_1_55' title="bbox 414 5492 463 5533; baseline 0 -8"><span class='ocrx_word' id='word_1_645' title='bbox 414 5512 420 5525; x_wconf 88' lang='lat'>.</span> <span class='ocrx_word' id='word_1_646' title='bbox 432 5492 463 5533; x_wconf 80' lang='grc' dir='ltr'><strong>ιν,</strong></span> 
     </span>
    </p>
   </div>
   <div class='ocr_carea' id='block_1_5' title="bbox 0 0 2002 6164">
    <p class='ocr_par' dir='ltr' id='par_1_10' title="bbox 0 0 2002 6164">
     <span class='ocr_line' id='line_1_56' title="bbox 0 0 2002 6164; baseline 0 3"><span class='ocrx_word' id='word_1_647' title='bbox 0 0 2002 6164; x_wconf 95' lang='lat' dir='ltr'> </span> 
     </span>
    </p>
   </div>
  </div>
 </body>
</html>
