4072 6164
313 321 375 382 too
831 315 1161 381 FHFOLOGICORUM
1180 317 1398 381 DOGMATUM

358 483 409 544 Sic
426 482 504 544 illud
522 482 648 545 loannis
667 482 786 544 decimo
801 483 901 562 capite
916 481 939 559 ¹,
956 501 1085 563 usurpe-
1133 484 1374 560 tantem,divina
1385 481 1909 564 seilicetatquehnmanamtquoeli·

315 581 385 636 tum
407 594 427 636 a
450 575 583 651 Christo,
608 574 793 636 Athanasius
816 575 909 636 refert
923 574 934 607 2
948 594 955 634 ε
971 573 1005 637 Si
1028 593 1085 634 ooo
1133 574 1188 637 bet
1201 594 1309 637 aarum
1321 576 1509 638 vocabulum
1522 576 1617 637 etiam
1632 576 1721 636 alteri
1735 575 1908 655 impertiat,

314 667 394 748 secio
406 686 495 748 opero
508 667 613 729 Patria
622 667 691 737 mei,
705 666 798 728 nolite
812 665 928 728 credere
940 665 1027 727 midi.
1045 665 1085 727 Si
1134 673 1165 728 et
1178 669 1283 729 divina
1295 669 1452 742 humana,
1466 669 1644 730 ethumana
1654 668 1783 743 divinia,
1798 666 1911 728 beatus

314 767 412 819 autem
434 758 530 838 facim
560 765 588 820 et
615 758 742 820 simili
763 778 819 820 noo
844 759 935 820 cultis
956 759 1083 836 credere,
1134 761 1268 822 ostendit
1280 760 1480 841 Apostolus.»

314 849 1086 933 operatuscreditaetcopnoscattsetcredarisquia
1174 853 1254 914 Huic
1282 853 1544 916 oecumenicarum
1562 852 1755 933 synodorum
1783 850 1912 913 decreta

314 945 410 1004 Pater
418 947 451 1004 io
465 963 509 1004 me
521 952 573 1019 ert,
589 953 617 1004 ct
632 963 683 1026 eqo
696 944 729 1005 io
743 944 849 1006 Patre.
1134 944 1329 1022 concinunt⁹,
1344 951 1376 1008 et
1389 946 1424 1006 in
1437 944 1497 1005 illis
1514 945 1588 1006 fidei
1601 945 1735 1006 conditae
1747 942 1910 1021 formulae,

354 1036 584 1116 Ejusdemmodi
597 1042 644 1097 est
659 1037 754 1113 istud,
774 1037 858 1116 quod
871 1034 988 1097 iudaeis
1007 1034 1086 1095 dixit
1133 1055 1204 1116 quae
1221 1039 1356 1099 «lesum
1379 1038 1538 1099 Christum
1555 1038 1656 1098 fllium
1681 1036 1736 1099 Dei
1760 1037 1909 1112 unicum,

313 1127 469 1204 Christus3
484 1129 649 1210 Antequam
663 1129 815 1191 Abrabam
824 1126 1083 1210 fieret,cporum⁸,
1132 1130 1182 1191 vel
1205 1131 1404 1211 unigenitum
1426 1136 1579 1207 asserunt,
1601 1148 1641 1192 ex
1667 1130 1759 1191 Patre
1794 1135 1911 1189 natum

312 1237 383 1299 quae
410 1219 507 1282 verba
527 1220 566 1281 ad
593 1221 731 1283 divinam
756 1222 914 1301 pertinent
945 1220 1086 1282 substan·
1133 1227 1206 1284 ante
1219 1224 1325 1284 omnia
1339 1223 1462 1297 saecula,
1485 1226 1585 1285 Deum
1605 1222 1644 1283 dc
1667 1223 1745 1294 Deo,
1764 1220 1908 1283 alumen

311 1312 398 1372 tiam
427 1312 607 1391 «Intellige,
637 1313 684 1374 ait
710 1314 904 1392 Augustinus
918 1312 952 1389 ⁸,
987 1311 1082 1393 fleret,
1133 1315 1171 1375 dc
1199 1314 1329 1393 lumine,
1359 1318 1457 1377 Deum
1486 1333 1598 1378 verum
1623 1315 1661 1375 de
1688 1316 1751 1375 Deo
1777 1331 1905 1374 vero.»

312 1403 352 1464 ad
365 1406 537 1465 humanam
548 1404 699 1466 iacturam
713 1424 720 1465 :
735 1406 931 1466 rumveroad
946 1405 1084 1466 divinam
1133 1407 1232 1479 Quem
1248 1409 1393 1469 eumdem
1421 1428 1434 1466 c
1457 1413 1585 1489 propter
1611 1424 1669 1467 nos
1692 1405 1849 1482 homines,
1876 1408 1909 1466 et

312 1495 467 1576 pertinere
484 1495 732 1557 substantiam.»
755 1497 818 1558 Nec
833 1497 921 1558 aliter
935 1497 1083 1576 Chryses·
1132 1504 1259 1579 propter
1275 1505 1416 1563 nostram
1430 1501 1559 1562 salutem
1583 1500 1780 1561 incarnatum
1792 1497 1908 1579 preadi-

311 1585 441 1665 tomus,
457 1586 781 1669 Cyrillus⁸,acreliqui
795 1589 906 1666 Groeei,
921 1588 1084 1668 Latinique
1133 1596 1216 1660 cant,
1245 1598 1277 1653 et
1302 1598 1412 1653 natum
1430 1593 1469 1653 de
1492 1593 1632 1673 Virgine,
1659 1608 1798 1672 passum,
1824 1607 1909 1651 mor-

314 1680 429 1740 Patres.
1133 1687 1234 1761 tuum,
1251 1703 1288 1745 ae
1296 1685 1462 1765 sepultum.
1479 1706 1495 1742 s

352 1772 409 1831 Xl.
428 1771 508 1833 Hinc
521 1770 616 1833 etiam
642 1772 758 1835 iactum
786 1779 841 1848 est,
871 1772 954 1853 quod
977 1771 1083 1833 scribit
1173 1775 1384 1838 Declarathoc
1397 1778 1461 1838 Leo
1486 1778 1569 1857 Papa
1584 1777 1617 1837 in
1638 1774 1767 1858 epistola
1785 1774 1909 1836 decima

312 1861 491 1943 Fulgentius
504 1860 528 1934 ⁷,
547 1870 612 1925 aut
631 1872 777 1927 manente
796 1866 828 1926 in
849 1866 967 1927 unitate
980 1883 1083 1945 perso
1133 1864 1172 1927 ad
1192 1865 1389 1944 Flavianum
1412 1887 1484 1948 quae
1505 1875 1536 1930 et
1550 1871 1617 1948 ipsa
1635 1867 1779 1949 symbolo
1793 1867 1904 1943 cuivis,

311 1974 373 2032 uae,
399 1957 533 2018 naturali
560 1958 696 2018 hominis
723 1964 754 2019 et
781 1959 835 2020 Dei
855 1957 1028 2035 inconfusa,
1052 1963 1084 2019 et
1133 1976 1169 2020 ac
1193 1961 1305 2040 synodi
1331 1962 1532 2024 oecumenicas
1560 1962 1696 2039 decreto,
1727 1978 1839 2041 parem
1858 1964 1908 2021 est

311 2047 509 2130 inseparabili
525 2051 665 2126 veritate,
688 2050 767 2111 sieut
787 2053 871 2112 Deus
892 2051 1030 2111 Christus
1048 2051 1083 2111 in
1133 2053 1480 2134 auctoritatemadepta,
1496 2054 1689 2134 synodorum
1701 2054 1854 2134 ipsarum,
1868 2071 1908 2114 ae

311 2140 439 2202 homine
457 2160 572 2203 nomen
589 2143 725 2203 hominis
745 2143 897 2223 sumpsit:
923 2143 966 2204 sic
999 2143 1083 2203 idem
1133 2144 1229 2206 totius
1256 2146 1399 2208 Ecclesia
1422 2164 1586 2208 consensu.
1620 2146 1666 2208 lbi
1693 2145 1907 2207 sanctissimus

311 2232 407 2294 homo
442 2234 581 2295 Christus
601 2235 635 2294 in
669 2236 731 2295 Deo
754 2234 940 2295 vocabulum
963 2234 1083 2295 deitatis
1136 2236 1274 2299 Pontifex
1291 2244 1447 2319 «propter
1459 2239 1541 2300 hanc
1553 2240 1705 2300 unitatem
1718 2238 1906 2319 pcrsonaein

312 2325 442 2405 aceepit.
453 2325 528 2386 »Cui
542 2326 642 2385 simile
656 2330 702 2386 est
714 2326 889 2406 illud,quod
904 2344 943 2387 ex
957 2328 1082 2404 Augus·
1133 2334 1264 2409 utraque
1277 2336 1389 2392 natura
1397 2331 1643 2410 intelligendam,
1656 2341 1688 2392 et
1700 2331 1785 2391 filius
1796 2331 1905 2391 homi·

141 2406 288 2506 amelii·
311 2417 377 2477 tino
390 2417 425 2477 in
433 2417 513 2478 libro
526 2425 628 2480 contra
642 2418 843 2480 Maximinum
868 2418 985 2499 profert
998 2418 1084 2478 Albi·
1132 2422 1193 2499 nis,
1204 2422 1342 2502 inquit¹⁰,
1358 2423 1471 2502 legitur
1480 2423 1671 2485 descendisse
1682 2424 1721 2486 de
1733 2423 1905 2501 acolacum

140 2521 164 2558 o
177 2514 285 2560 enarras
312 2527 372 2569 nus
399 2509 523 2571 Flaccus
551 2510 585 2570 in
620 2510 757 2572 secrmdo
786 2511 921 2572 adversus
954 2510 1084 2573 Felicem
1132 2512 1217 2574 lilius
1241 2515 1299 2576 Dei
1323 2534 1449 2577 carnem
1472 2517 1511 2577 de
1535 2534 1572 2578 ea
1595 2515 1740 2596 Virgine,
1767 2517 1807 2578 de
1839 2535 1905 2597 qua

316 2600 540 2682 Urgeliteoum.
574 2622 586 2658 c
612 2603 677 2678 Vis,
701 2603 813 2683 inquit,
843 2604 965 2684 plenius
993 2603 1082 2678 seire,
1133 2616 1179 2666 est
1209 2613 1312 2681 natus,
1347 2608 1579 2688 assumpserit:
1614 2614 1645 2670 et
1678 2627 1787 2670 rursus
1818 2608 1904 2670 iilius

311 2695 454 2773 quamvis
474 2694 611 2755 Christus
644 2696 815 2756 secundum
852 2713 978 2757 earnem
1010 2713 1083 2757 vere
1132 2699 1186 2759 Dei
1201 2700 1377 2779 crucifixus,
1400 2719 1436 2762 ac
1458 2701 1607 2782 sepultus,
1643 2719 1716 2762 eum
1742 2701 1809 2763 hmo
1835 2719 1903 2763 non

311 2803 350 2848 ex
380 2786 505 2849 homine
526 2787 621 2847 bomo
652 2793 744 2848 natus
764 2788 814 2863 sit,
853 2793 958 2849 tamen
991 2805 1083 2868 prop·
1131 2790 1166 2851 in
1188 2791 1348 2854 divinitate
1371 2793 1449 2872 ipsa,
1473 2790 1535 2873 dua
1557 2792 1737 2871 unigenitus
1758 2812 1902 2856 consem-

309 2884 359 2940 ter
369 2879 560 2940 ineffabilem
574 2880 812 2959 unitatemque
820 2879 928 2940 unitus
941 2880 1081 2941 eunuco
1131 2883 1284 2963 piternus,
1312 2889 1344 2946 et
1365 2884 1635 2946 consubstantialis
1663 2893 1709 2947 est
1727 2885 1824 2961 Patri,
1846 2884 1903 2947 sed

309 2970 405 3032 homo
419 2977 475 3047 est,
496 2970 617 3033 nullam
631 2971 757 3051 penitus
777 2971 857 3032 inter
877 2971 1034 3032 Christum
1050 2977 1082 3032 et
1130 2973 1164 3035 in
1188 2981 1310 3038 naturas
1336 2977 1486 3038 humanae
1512 2977 1553 3037 sit
1577 2976 1758 3038 infirmitate
1778 2995 1903 3057 perpes-

309 3063 452 3125 Verbum
474 3081 539 3124 esse
560 3063 762 3124 distantiam:
782 3064 855 3124 sudi
882 3064 1081 3126 Dominieum
1130 3084 1192 3127 sus.
1216 3068 1899 3146 11111111131111111111111111(1111111111ἱ

310 3155 533 3231 Evangelium3
561 3155 625 3215 imo
649 3156 752 3236 potius
772 3156 847 3216 audi
868 3156 972 3236 ipsum
992 3157 1031 3218 de
1047 3174 1080 3218 se
1130 3160 1322 3240 etsepultum
1335 3179 1445 3223 omnes
1458 3160 1551 3222 ctiam
1562 3161 1596 3221 in
1610 3160 1759 3239 Symbola
1772 3161 1902 3222 eonfite-

309 3246 463 3309 dicentem
481 3249 578 3308 Deum
596 3246 693 3310 :Hoec
711 3253 764 3325 ert,
779 3247 894 3328 inquit,
910 3253 973 3310 vita
993 3257 1078 3310 ceter-
1129 3269 1220 3329 mur;
1236 3255 1408 3315 secundum
1419 3253 1496 3315 illud
1516 3253 1674 3333 Apostoli:
1696 3252 1736 3315 Si
1750 3253 1831 3314 enim
1850 3272 1900 3314 co-

308 3356 358 3414 no,
388 3346 421 3399 ut
447 3346 621 3418 cognoscant
645 3346 672 3401 tc
690 3338 782 3401 solum
802 3359 902 3402 aarum
921 3339 1027 3416 Deum,
1049 3348 1079 3402 et
1127 3346 1301 3426 quesissent,
1315 3363 1466 3427 11111111
1483 3344 1642 3406 Dominum
1656 3347 1820 3425 moJestata'r
1834 3364 1901 3406 rru-

307 3449 392 3511 quem
402 3430 513 3491 iniciati
523 3431 622 3493 lesam
632 3428 958 3512 etratcm⁸.superius
967 3432 1079 3493 audisti
1127 3432 1328 3514 cr'firr'sscmm

307 3522 447 3582 Verbum
466 3524 521 3583 Dei
538 3524 577 3584 ad
601 3524 754 3585 sanandos
781 3524 924 3586 homines
947 3523 1078 3586 missum
1168 3526 1238 3587 XII.
1255 3529 1309 3587 Est
1323 3528 1382 3589 hac
1395 3527 1434 3589 de
1447 3545 1482 3589 re
1493 3533 1645 3607 praterea
1656 3527 1895 3608 pulcherrimus,
1922 3533 2032 3611 ms,

306 3630 373 3673 esse
393 3613 584 3675 :bisantem
605 3616 694 3676 audis
717 3634 802 3694 eum,
822 3617 876 3696 qui
894 3616 1006 3677 missus
1024 3616 1075 3693 sit,
1127 3624 1159 3679 ct
1172 3619 1399 3701 copiosissimus
1409 3618 1515 3698 Vigilii
1528 3620 1615 3682 locus
1627 3620 1805 3682 insecundo
1816 3619 1898 3681 libro
1956 3620 2026 3662 Μ

305 3705 414 3766 Jesum
432 3705 590 3767 Christum
615 3725 688 3769 esse.
720 3708 837 3788 Separa
859 3709 918 3769 hoc
936 3709 964 3768 si
977 3714 1074 3788 potes,
1127 3719 1230 3772 contra
1254 3711 1421 3795 Eutychen,
1452 3711 1507 3772 ubi
1534 3712 1722 3774 omniafere
1741 3712 1806 3789 illa,
1824 3730 1898 3792 qum

305 3815 380 3859 oum
392 3798 498 3859 videas
510 3805 635 3862 tantum
647 3800 799 3862 unitatem
809 3801 920 3862 Christi
935 3807 966 3862 et
981 3800 1077 3861 Verbi
1126 3803 1350 3880 recensuimus,
1386 3803 1554 3884 Scripturas
1574 3805 1657 3881 loca,
1685 3804 1726 3865 ad
1752 3804 1898 3866 eamdem

305 3907 382 3967 esse,
397 3896 510 3952 utnon
528 3893 653 3953 unitum
675 3911 746 3954 cum
771 3894 892 3954 Christo
912 3894 1075 3969 Verbum;
1125 3897 1352 3976 proprietatum
1401 3899 1655 3958 communionem
1702 3896 1899 3976 probandam

304 3983 357 4043 sed
373 3983 600 4064 etiamproptcr
620 3985 775 4047 unitatem
794 3986 913 4066 ipsam,
937 3985 1077 4046 Christus
1126 3988 1356 4058 accommodat,
1392 4006 1429 4049 ae
1461 3989 1634 4069 praesertim
1668 3989 1824 4050 contraria
1857 3990 1899 4051 dc

301 4073 370 4152 jam
382 4075 522 4137 Verbum
534 4094 600 4137 esse
614 4076 773 4139 11111111.»
1126 4081 1237 4142 eodem
1250 4080 1422 4161 predicari,
1446 4087 1477 4142 et
1498 4087 1621 4143 naturas
1630 4080 1719 4142 altari
1730 4099 1802 4161 quae
1822 4087 1899 4142 sunt

345 4166 446 4247 Atque
460 4167 544 4229 idem
555 4169 790 4248 Augustinusin
802 4168 882 4231 libro
898 4168 1077 4231 111111811-
1125 4172 1252 4234 alterius
1260 4172 1356 4234 tribui
1369 4173 1572 4251 demonstrat,
1578 4191 1618 4235 cx
1630 4173 1743 4253 quibus
1756 4172 1808 4234 hic
1819 4192 1900 4235 non·

304 4277 418 4321 monem
440 4259 635 4335 Arabicarum,
658 4262 756 4342 rapite
772 4267 919 4338 octavo,o
947 4262 1077 4343 Propter
1126 4263 1900 4346 nulladcscribam,inquibusmaxime¹¹,Sc1·iptu·

304 4349 395 4413 istam
421 4352 574 4414 unitatem
607 4372 757 4434 persona,
793 4353 847 4430 ait,
875 4354 909 4414 in
944 4361 1075 4433 utraque
1126 4373 1169 4417 rae
1182 4357 1377 4433 testimoniis,
1391 4358 1477 4437 quod
1495 4376 1552 4418 nos
1565 4357 1615 4419 hic
1630 4357 1762 4435 agimus,
1787 4364 1899 4419 eontra

304 4444 1076 4525 naturaintelligendam,ctFiliushominisdicitur
1128 4449 1286 4511 haereticos
1310 4450 1431 4510 nititur.
1459 4471 1475 4508 a
1498 4450 1577 4526 Ergo
1605 4449 1656 4511 bic
1682 4468 1776 4527 unus,
1803 4456 1899 4529 atque

304 4533 495 4598 descendisse
509 4537 652 4612 deooelis,
668 4538 810 4618 quamvis
824 4537 863 4599 sit
885 4556 922 4599 ex
941 4557 988 4612 ea,
1004 4557 1075 4618 quas
1125 4540 1208 4601 idem
1231 4547 1262 4603 et
1282 4542 1409 4622 aequalis
1436 4541 1518 4603 Patri
1540 4542 1714 4603 secundum
1736 4542 1895 4612 deitatem,

303 4624 406 4688 iuerat
423 4628 457 4688 in
475 4636 571 4707 terra,
589 4629 710 4710 virgine
723 4635 923 4711 assumptus:
944 4630 1076 4692 attilius
1127 4632 1367 4711 ait,etin1erior
1386 4640 1432 4696 est
1451 4634 1541 4696 Patre
1552 4634 1724 4697 secundum
1748 4635 1896 4696 humani·

304 4717 360 4778 Dei
374 4718 488 4781 dicitur
501 4721 675 4796 crucifixus,
692 4728 844 4798 mortuus,
861 4727 892 4783 et
909 4721 1048 4802 sepultus
1065 4742 1073 4784 :
1124 4726 1196 4786 tatis
1224 4732 1370 4788 naturam
1385 4747 1393 4787 :
1409 4731 1502 4806 atque
1523 4727 1567 4787 ita
1577 4746 1636 4789 nec
1649 4726 1774 4787 initium
1787 4726 1895 4802 habet,

304 4810 448 4888 quamvis
460 4811 525 4873 haec
538 4830 604 4875 nou
619 4813 652 4873 in
666 4813 827 4874 divinitate
837 4813 915 4893 ipsa,
938 4831 1009 4892 qua
1029 4819 1076 4875 est
1124 4817 1198 4896 quia
1220 4819 1302 4879 Deus
1324 4824 1380 4895 est,
1406 4823 1436 4879 ct
1453 4818 1548 4880 habet
1569 4818 1707 4895 initium,
1722 4818 1799 4898 quia
1811 4818 1898 4880 idem

303 4900 484 4979 unigenitus
504 4904 586 4965 Patri
612 4909 800 4980 coaeternum
824 4905 931 4967 sedin
953 4910 1075 4967 natura
1124 4911 1206 4971 Deus
1219 4909 1314 4972 bomo
1328 4918 1385 4972 est.
1401 4911 1433 4972 Si
1447 4912 1776 4991 ergomeinterroges‚
1788 4917 1897 4971 utrum

303 4993 451 5055 humanae
463 4995 502 5056 sit
513 4995 697 5057 infirmitate
716 5014 921 5077 perpessus»
948 5002 1008 5063 ete.
1030 5001 1075 5061 Ac
1124 5000 1261 5062 Christus
1273 5003 1385 5064 nabeat
1397 5002 1521 5063 initium
1539 5022 1581 5064 arr
1594 5022 1659 5064 non
1681 5001 1898 5079 1111111111-

302 5084 563 5164 subinde,ollane
576 5088 741 5166 unitatem,
752 5090 806 5163 ait,
815 5108 955 5168 personae
962 5091 1074 5152 Christi
1122 5093 1266 5172 pendebo
1280 5094 1350 5171 tibi,
1366 5100 1396 5157 ct
1407 5094 1514 5172 habet,
1536 5100 1567 5156 et
1579 5113 1645 5156 non
1661 5094 1778 5156 babet:
1801 5094 1898 5157 halet

302 5176 377 5239 Jesu
388 5178 511 5241 Domini
519 5180 618 5243 nostri
627 5180 716 5242 sices
725 5184 840 5242 natura
848 5188 979 5270 utraque
988 5201 1075 5244 oons-
1124 5187 1295 5247 secundum
1324 5186 1552 5248 humanitatem
1573 5205 1681 5264 suam;
1702 5205 1767 5249 non
1801 5187 1899 5250 habet

327 5405 339 5450 1
354 5408 417 5453 doma
427 5409 544 5461 mil-l
558 5410 642 5455 Alban.
657 5411 697 5456 lib.
710 5410 740 5455 lll
752 5414 811 5457 cont.
823 5412 954 5458 Artem-d
966 5416 1029 5460 1111.
1044 5426 1095 5466 rur,
1108 5416 1281 5465 ria-trram
1297 5430 1351 5464 mur
1369 5419 1396 5464 ia
1413 5419 1528 5465 icem-d
1552 5418 1629 5475 cim.
1642 5419 1705 5465 bom.
1723 5430 1751 5463 rr
1763 5420 1899 5467 mm-

302 5468 315 5513 t
328 5468 378 5526 Cpr.
392 5471 408 5516 l.
419 5471 446 5516 Vl
454 5472 482 5516 to
493 5473 604 5519 dmm-7
615 5471 695 5518 liblll
704 5474 732 5518 ad
742 5475 831 5521 ltcac.
843 5475 934 5524 xum-tt
945 5478 1009 5523 1111.
1021 5479 1127 5525 xus-tl
1140 5480 1224 5528 thtlo.
1236 5481 1310 5528 const
1323 5487 1394 5529 eta·
1404 5482 1432 5528 10
1445 5481 1495 5531 boo.
1507 5493 1543 5541 sp.
1556 5493 1605 5535 xm.
1616 5482 1698 5533 1.-11
1710 5482 1854 5540 visasint.
