4122 6248
608 298 659 368 on
679 300 978 381 remanerent,
999 295 1072 368 tre.
1094 299 1132 387 ν,
1155 302 1238 373 oar.
1261 311 1356 372 xvn.
1705 298 1776 367 'aar

190 465 256 526 iiois
268 468 420 547 cantitari,
440 468 522 537 mera
540 474 766 536 resederemus
784 472 909 554 proprie
928 477 960 532 et
1009 477 1040 532 et
1066 476 1232 536 secundam
1253 481 1391 556 propter,
1420 486 1488 548 nos,
1515 482 1551 534 aa
1573 470 1777 552 temporalem

191 559 365 623 remotior:
390 568 421 623 et
437 565 520 626 idem
538 564 603 646 ipsa
625 567 744 627 ultimis
770 560 961 645 temporibus
1007 559 1241 643 generationem
1268 568 1412 647 suscepit,
1442 571 1511 647 post
1530 564 1662 645 primum
1681 561 1777 643 ipsius

191 651 370 715 incarnatus
392 672 431 717 ex
456 663 582 735 sancta,
608 666 639 721 et
661 659 794 738 gloriosa
815 657 958 737 Virgine,
1010 662 1040 717 et
1052 661 1272 739 sempiternam
1287 672 1325 721 ax
1342 660 1432 721 Patre
1445 657 1631 733 naturalem,
1646 655 1775 718 utinea-

190 748 291 806 matre
304 747 388 808 nasci
401 744 547 827 dignatus
560 756 616 812 esti
629 753 793 832 Propterea
802 764 877 829 ergo
886 750 960 829 quia
1010 749 1184 829 plieehilem
1197 753 1428 829 generationem
1438 761 1462 812 ⁰.
1478 768 1495 809 a

190 838 316 917 proprie
330 841 578 905 straracitcritei
591 844 673 905 tilius
686 861 771 905 exea
783 844 961 905 incarnatus
1049 842 1187 918 Brarius,
1210 849 1242 904 et
1265 848 1475 925 ἐμφαντικώτερον
1495 840 1676 902 Theodorus
1691 839 1775 901 Abu·
1800 867 1946 918 „mm

191 934 257 990 est:
274 930 344 992 ideo
358 935 483 1014 proprIe
501 940 532 995 et
544 937 694 998 voraciter
705 941 838 997 matrem
851 935 909 997 Dei
922 954 961 998 ex
1010 946 1081 995 care
1100 936 1247 1015 opusculo
1266 935 1413 1011 seeundo,
1433 952 1445 990 r
1466 935 1566 1009 iesus,
1581 926 1636 1008 ait,
1656 948 1696 992 ex
1706 931 1776 991 Vir-

192 1038 229 1082 ea
242 1022 403 1099 incarnati,
429 1030 461 1086 ct
484 1027 550 1087 nati
572 1042 637 1089 esse
656 1029 852 1090 confitemur.
868 1030 961 1089 Etne
1010 1026 1081 1104 gine
1103 1028 1214 1103 Maria,
1243 1029 1275 1089 in
1297 1029 1360 1090 fine
1387 1025 1581 1099 seculorum,
1610 1025 1677 1084 sine
1696 1023 1779 1085 virili

193 1114 348 1175 Dominus
358 1117 448 1178 iesus
463 1136 519 1198 par
532 1120 811 1194 honorificentiam,
826 1120 878 1186 rei,
888 1134 960 1200 gra-
1010 1119 1127 1181 semine
1141 1120 1274 1199 genitus,
1290 1119 1463 1201 hypostasis
1475 1121 1523 1180 est
1534 1134 1598 1177 una
1606 1116 1775 1177 Trinitatis.

192 1206 279 1286 ham,
304 1206 359 1271 Dei
381 1224 497 1272 nomen
519 1214 668 1295 accepisse
696 1213 854 1276 credatur:
884 1214 963 1290 sicut
1012 1212 1177 1291 Propterea
1192 1212 1327 1292 proprie,
1345 1228 1380 1273 ao
1394 1228 1466 1273 vere
1480 1209 1660 1281 castissime,
1676 1213 1707 1269 et
1720 1209 1779 1268 im·

109 1297 112 1303 ’
193 1299 352 1361 Nestorius
379 1304 473 1363 sentit
499 1304 645 1367 insulsus.
674 1307 831 1368 veraciter
856 1312 962 1368 autem
1010 1305 1165 1366 maculata
1178 1305 1276 1384 Virgo
1294 1304 1447 1366 Davidiece
1466 1302 1567 1383 stirpis
1580 1301 1635 1362 Dei
1646 1300 1781 1380 genitrix

192 1391 274 1463 ideo,
297 1408 337 1454 ne
360 1395 556 1475 phantasma,
582 1403 636 1461 aut
654 1398 759 1478 aliquo
778 1400 872 1460 modo
897 1416 962 1471 non
1011 1398 1154 1458 omnium
1167 1396 1358 1459 confessione
1370 1392 1609 1458 celebraturi.»

192 1496 300 1545 rerem
308 1488 475 1566 sumpsisse
484 1507 611 1555 caruem
620 1491 764 1552 credatur
773 1508 812 1553 ex
820 1492 960 1571 Virgine;
1051 1489 1090 1550 V.
1112 1490 1194 1551 Bene
1215 1490 1291 1550 item
1314 1489 1398 1569 opud
1418 1485 1625 1567 Euthymium
1644 1485 1678 1546 in
1701 1485 1782 1546 caioe

192 1576 272 1639 sicut
284 1578 419 1640 adsentit
432 1579 547 1661 impius
561 1583 728 1662 Eutyches.
743 1604 759 1642 ν
1011 1581 1091 1642 tituli
1101 1580 1386 1662 septimiPouoplioe
1395 1599 1460 1642 non
1468 1578 1648 1640 nominatus
1655 1584 1780 1639 auctor:

192 1760 265 1822 liter
277 1763 443 1825 amborum
456 1762 679 1829 vocabulorum
704 1786 771 1830 vere
790 1775 821 1830 et
838 1769 964 1849 proprie
1013 1767 1092 1827 Deus
1105 1773 1163 1843 est,
1179 1773 1210 1828 et
1223 1768 1318 1828 homo
1331 1780 1338 1826 ε
1352 1782 1369 1826 a
1384 1762 1602 1845 praestantiori,
1618 1782 1654 1824 ac
1667 1763 1783 1842 princi-

193 1855 355 1916 uotionem
370 1857 528 1936 aptissime
542 1860 687 1920 declarat.
704 1860 959 1940 «Recteinquit,
1011 1857 1122 1936 paliuri
1152 1863 1262 1937 parte,
1296 1857 1351 1918 Dei
1379 1856 1514 1935 genitrix
1544 1856 1698 1936 appellate
1724 1860 1781 1916 est.

194 1952 347 2024 quantum
375 1949 508 2011 arbitror
536 1952 669 2013 dicimus
695 1958 726 2014 et
750 1953 960 2029 confitemur3
1011 1951 1145 2011 Maxime
1167 1951 1326 2029 cumejus,
1346 1950 1629 2028 quodassumptum
1647 1953 1704 2020 est,
1719 1947 1783 2027 hy·

193 2038 291 2100 Maria
300 2041 450 2102 veraciter
461 2048 507 2103 est
516 2050 616 2106 mater
627 2044 681 2106 Dei
693 2045 824 2121 Christi3
839 2050 875 2106 ut
885 2058 964 2107 esset
1012 2043 1140 2122 postasis
1162 2043 1267 2104 divina
1284 2042 1343 2117 sit3
1366 2047 1397 2103 et
1417 2041 1525 2103 eadem
1548 2046 1707 2119 assumpta
1726 2056 1782 2100 ne-

195 2129 409 2214 (forteocsseti
427 2136 558 2215 suspicio
568 2139 750 2216 phantasiae.
763 2140 861 2200 Reate
870 2139 963 2199 etiam
1011 2139 1094 2210 tura,
1109 2153 1148 2195 ex
1161 2136 1229 2215 ipse
1241 2135 1382 2195 unitione
1396 2133 1536 2195 deificata
1549 2131 1671 2193 ineritt.
1686 2152 1701 2190 ν
1716 2132 1783 2193 ouo

192 2223 400 2302 confitemur,
428 2228 525 2289 Maria
557 2229 683 2309 proprie
708 2234 809 2290 mater
835 2236 882 2292 est
909 2230 963 2291 Dei
1011 2227 1062 2287 hic
1076 2227 1260 2306 cumprimis
1274 2226 1479 2307 memoranda
1491 2225 1603 2305 posuit,
1616 2238 1655 2285 ex
1668 2220 1782 2303 quibus

194 2316 322 2393 Christi3
339 2323 375 2378 ut
388 2319 565 2381 nullatenus
584 2321 745 2383 homiuem
765 2335 892 2400 purum,
908 2323 963 2402 qui
1011 2317 1071 2381 Dei
1083 2319 1234 2400 genitricis
1244 2319 1408 2399 appellatio
1414 2318 1486 2397 jure
1498 2317 1616 2397 optimo
1630 2316 1782 2395 quadrare

193 2424 251 2487 pro
274 2409 392 2471 meritis
414 2426 546 2490 operum
564 2412 720 2474 honorum
738 2419 843 2494 postea
857 2415 963 2494 perhi·
1011 2412 1045 2472 m
1064 2413 1100 2471 B.
1126 2412 1254 2473 Mariam
1279 2411 1469 2485 ostenditur,
1492 2415 1522 2472 et
1544 2410 1626 2470 illius
1646 2426 1739 2470 eausa
1753 2414 1784 2470 et

193 2498 319 2562 heretur
332 2503 366 2562 in
379 2505 488 2580 Deum,
502 2502 963 2585 relauperuenienteinseiiiio
1013 2504 1101 2583 origo
1123 2505 1271 2581 aperitur.
1300 2500 1442 2565 Primum
1465 2510 1521 2571 est,
1546 2502 1631 2581 quod
1657 2502 1781 2576 Christi,

194 2593 263 2669 Dei,
278 2595 391 2669 uocari,
414 2601 469 2655 aut
488 2596 565 2657 effici
585 2597 757 2676 inquireret
772 2595 781 2678 i
791 2597 868 2677 sorte
885 2590 962 2659 inei-
1012 2597 1076 2657 sire
1096 2601 1279 2657 naturarum
1301 2595 1436 2656 domum
1458 2590 1635 2675 hypostasis
1653 2610 1724 2674 qua
1738 2599 1785 2655 est

193 2680 302 2767 peret)
318 2688 418 2748 Deus:
434 2688 487 2748 sed
505 2691 607 2750 Deum
621 2689 687 2751 sine
705 2690 805 2757 initio,
821 2708 860 2750 ex
881 2694 964 2751 certo
1012 2689 1115 2766 unica,
1141 2689 1180 2750 sit
1202 2688 1318 2761 divine,
1343 2704 1406 2749 non
1427 2692 1549 2749 ereata:
1565 2687 1604 2748 de
1628 2705 1690 2765 quo
1712 2687 1783 2747 ride

194 2779 283 2839 initio
310 2780 470 2841 hominem
491 2779 621 2858 iactum,
647 2782 833 2861 concepisse,
858 2787 890 2843 et
909 2801 963 2860 ge·
1013 2800 1084 2860 quus
1109 2781 1281 2844 dictasunt
1300 2782 1380 2842 libro
1399 2780 1501 2853 tertio,
1523 2778 1622 2859 capite
1635 2794 1712 2839 amu.
1732 2779 1785 2839 Est

193 2871 298 2932 nuisse
311 2871 464 2933 credetur.
479 2893 495 2929 o
513 2871 608 2933 Addit
625 2872 722 2934 alium
742 2889 867 2935 sensum
879 2870 965 2936 vocis
1013 2874 1098 2934 enim
1112 2873 1207 2934 Verbi
1228 2873 1325 2953 ipsius
1340 2890 1486 2952 persona3
1504 2886 1574 2950 quae
1594 2868 1640 2930 uti
1659 2870 1781 2945 divine,

193 2964 293 3039 istius,
315 2968 440 3044 proprie
454 2983 461 3039 ;
488 2982 602 3043 nempe
620 2986 635 3023 α
662 2969 698 3025 ut
724 2965 882 3043 singulare
906 2966 965 3039 hoc
1013 2972 1045 3025 et
1060 2971 1185 3026 aeterna
1200 2964 1406 3041 generationis
1419 2969 1466 3025 est
1479 2963 1644 3035 terminus,
1660 2980 1722 3042 qua
1735 2962 1783 3022 di-

193 3056 324 3117 cmlestis
341 3056 527 3135 operationis
545 3057 729 3118 heneficium
747 3072 812 3117 nou
824 3058 965 3118 videatur
1013 3056 1119 3116 vinam
1134 3056 1338 3118 substantiam
1353 3056 1496 3136 respicit:
1519 3056 1562 3117 sio
1576 3060 1622 3117 est
1638 3055 1783 3115 humana

194 3160 446 3209 commonacum
459 3149 595 3209 ceteris:
611 3168 626 3207 o
645 3149 729 3228 quod
742 3148 833 3209 multi
848 3153 962 3229 patres,
1012 3148 1164 3208 terminus
1186 3148 1411 3227 generationis,
1436 3154 1589 3227 quatenus
1610 3148 1782 3208 humanam

194 3246 370 3320 matresque
391 3238 503 3301 Christi
526 3241 681 3302 nominari
708 3246 855 3320 possunt,
876 3260 891 3300 α
909 3241 964 3321 qui
1013 3244 1158 3300 naturam
1167 3241 1308 3314 sustinet,
1320 3244 1351 3301 et
1361 3240 1457 3301 homo
1469 3239 1549 3300 iacta
1558 3245 1614 3300 est.
1626 3240 1700 3300 ideo
1711 3258 1781 3319 quoe

193 3333 389 3394 voluntatem
411 3333 508 3393 Patris
529 3332 596 3412 ejus
613 3332 764 3394 iaciuut'.
786 3333 845 3394 Sed
868 3333 965 3396 Maria
1013 3346 1178 3412 personam
1195 3331 1281 3393 illam
1302 3331 1336 3392 in
1355 3332 1515 3392 hominem
1528 3330 1670 3409 secundo
1693 3332 1780 3409 geni-

192 3426 265 3487 ideo
278 3426 402 3505 proprie
416 3430 516 3485 mater
530 3424 607 3503 ejus,
623 3426 695 3505 quia
707 3426 861 3487 nascendo
876 3427 914 3487 de
927 3442 965 3487 ea
1012 3429 1078 3485 tem
1087 3424 1217 3503 peperit,
1227 3427 1326 3487 Deum
1333 3425 1451 3499 genuit,
1460 3443 1495 3487 aa
1501 3422 1631 3504 peperit.
1639 3424 1781 3485 Alterum

193 3518 364 3579 secundum
378 3532 514 3593 carnem,
529 3517 627 3578 fectus
640 3524 687 3578 est
698 3517 781 3579 iilius
795 3518 872 3597 dus.
885 3536 901 3576 ν
913 3512 964 3580 Sic
1020 3520 1076 3591 est,
1092 3517 1176 3595 quod
1199 3517 1243 3578 ait
1264 3523 1409 3579 naturam
1428 3518 1615 3594 humanam,
1637 3517 1702 3578 sive
1723 3516 1781 3577 ho·

193 3610 304 3672 Petrus
317 3610 465 3670 diaeonus
478 3611 571 3689 paulo
585 3615 656 3672 ante
670 3610 782 3671 citatus
799 3611 963 3691 «proprie,
1016 3609 1345 3689 minemassumptum,
1360 3610 1537 3671 deificatum
1548 3608 1656 3686 fuisse,
1668 3609 1706 3669 de
1717 3627 1780 3688 quo

193 3707 225 3762 et
247 3702 418 3763 secundum
441 3698 603 3763 veritatem
622 3702 819 3763 theotocon»
836 3700 895 3762 dici
919 3720 965 3763 as
1012 3703 1111 3783 capite
1125 3708 1234 3764 octavo
1247 3702 1319 3763 libri
1338 3703 1442 3782 quarti
1461 3703 1590 3781 egimus.
1607 3703 1686 3762 iiiuc
1707 3721 1782 3765 vero

193 3794 282 3870 serit;
304 3798 335 3854 et
350 3816 365 3852 a
385 3810 458 3855 rere
476 3812 512 3854 ae
537 3796 659 3874 proprie
684 3794 838 3874 peperisse
865 3796 964 3855 Deum
1011 3795 1118 3875 liquet,
1136 3796 1171 3856 B.
1190 3794 1354 3868 Virginem
1367 3810 1451 3870 rere,
1472 3810 1508 3855 ec
1528 3794 1652 3874 proprie
1667 3802 1781 3858 νεοτόκον

193 3887 342 3947 Verbum.
358 3908 374 3943 a
392 3887 442 3947 Sic
462 3886 643 3966 Fulgentius
664 3887 699 3947 in
712 3886 792 3947 libro
811 3883 847 3946 dc
861 3884 965 3946 Iocor—
1013 3887 1188 3949 nominari:
1204 3887 1455 3966 quandoquidem
1476 3886 1559 3965 quod
1577 3886 1611 3946 in
1632 3904 1680 3963 aa,
1699 3892 1783 3949 etex

193 3979 328 4053 notiore,
356 3991 452 4057 quem
477 3979 517 4039 ad
546 3979 634 4041 iilum
661 3978 836 4058 rescripsit,
865 3978 964 4057 capite
1013 3998 1050 4041 ea
1064 3978 1205 4058 genitum
1219 3984 1275 4057 est,
1292 3997 1328 4040 ac
1341 3983 1462 4055 natum,
1477 3995 1517 4039 ex
1531 3976 1584 4038 illa
1597 3976 1782 4060 deificatione

193 4071 339 4132 serundo.
357 4071 408 4132 Sic
422 4071 516 4131 etiem
531 4070 724 4149 sophronius
742 4069 966 4149 hierosolymi·
1014 4072 1095 4133 Deus
1107 4076 1153 4132 est
1165 4071 1292 4132 hoium.

194 4168 287 4223 tanus
300 4163 334 4223 in
353 4154 657 4241 epistola'ssynodica
677 4160 717 4223 od
728 4160 869 4242 Sergium
887 4159 965 4222 Coo·
1053 4163 1201 4238 Quocirca
1218 4184 1233 4221 α
1251 4163 1278 4225 si
1303 4162 1386 4223 Deus
1413 4176 1486 4224 vere
1511 4166 1557 4223 est
1583 4161 1697 4233 homo,
1726 4179 1784 4225 nee

192 4253 508 4335 stuotioopoliiaoum,
544 4252 578 4315 B.
614 4254 777 4332 Virginem
803 4260 893 4332 scptu<
924 4261 964 4314 act
1014 4256 1139 4317 aliunde
1150 4272 1222 4317 uere
1232 4255 1339 4329 homo,
1353 4256 1413 4316 nisi
1422 4255 1578 4316 nascendo
1588 4256 1627 4316 de
1639 4256 1781 4335 Virgine,

193 4344 302 4422 ἀληθῶς,
323 4345 429 4419 idest,
455 4345 578 4426 proprie
602 4362 637 4405 oc
660 4360 725 4407 uere
737 4352 849 4408 νεοτόκον
868 4344 943 4407 fuiss
954 4359 975 4399 o
1014 4349 1056 4409 ait
1069 4348 1231 4410 Faarmdus
1248 4345 1502 4421 Hermionensis⁸,
1519 4366 1573 4408 eur
1584 4364 1650 4408 non
1664 4347 1785 4409 dicatur

194 4434 317 4499 smihitt
337 4438 486 4517 «Quippe
505 4438 585 4499 Deus
609 4445 684 4505 erat,
708 4438 820 4517 inquit,
846 4438 902 4517 qui
926 4458 965 4501 cx
1014 4438 1784 4520 DeusrerenatuaexVirgineiEtsiDeusproprie

194 4530 322 4607 Virgine
335 4536 440 4591 sancta
455 4526 509 4592 Dei
521 4530 670 4609 genitrice
683 4530 781 4593 Maria
795 4535 886 4591 natus
904 4533 961 4607 est,
1012 4532 1110 4595 factus
1127 4538 1173 4594 est
1193 4531 1307 4609 homo,
1331 4546 1390 4592 nec
1404 4530 1529 4593 aliunde
1549 4530 1675 4612 proprie
1688 4532 1785 4594 iactus

231 4732 252 4776 o
271 4721 409 4775 Soramm
423 4716 452 4772 in
467 4722 545 4772 sexta
560 4726 623 4786 syn.
640 4720 708 4771 tom.
724 4716 746 4773 V
763 4717 845 4772 coac.
861 4720 916 4771 aot.
934 4732 963 4772 11.
1015 4719 1056 4773 καὶ
1069 4719 1166 4789 ἀληθῶς
1181 4717 1196 4786 ἡ
1210 4718 1342 4789 πάναγνας,
1357 4715 1398 4770 ναὶ
1410 4716 1563 4790 πανάμαμας
1576 4716 1691 4786 hesitant
1705 4719 1785 4781 νεᾶνις

196 4804 257 4866 θεὸς
268 4804 317 4876 γὰρ
334 4799 364 4871 ἢν
385 4800 400 4854 ὁ
420 4799 446 4853 ia
463 4802 582 4871 capitano
600 4804 643 4867 τῆς
657 4796 727 4872 ἁγίας
740 4800 855 4853 (νεοτόκον
869 4800 966 4871 Μαρίας
1014 4804 1127 4863 tidenter
1141 4802 1309 4873 ὁμολογῆται.

197 4890 349 4959 τικτόμενον,
363 4884 404 4938 καὶ
418 4885 530 4955 ΜΝ
541 4884 573 4936 31'
589 4882 665 4953 ἡμᾶς,
678 4883 719 4937 ²0¹¹
733 4883 850 4956 χρανινιὴν
861 4885 965 4954 προσδε-
1050 4900 1065 4940 r
1082 4882 1169 4940 Euro.
1194 4884 1267 4938 'Bari
1280 4883 1307 4937 hi
1318 4883 1360 4937 rhu
1375 4882 1481 4956 Χριστὸν
1494 4881 1629 4956 ἐγέννησεν,
1645 4885 1671 4944 ῦς
1685 4900 1721 4945 τις
1735 4881 1786 4938 ἐστὶ

198 4974 304 5044 χόμενας
312 4969 424 5041 γέννησιν
439 4965 501 5039 μετὰ
509 4965 553 5032 τὴν
567 4966 666 5037 πρώτην
681 4961 763 5033 αὐτοῦ,
773 4967 814 5019 καὶ
829 4961 907 5022 ἀΐδιον
922 4966 966 5037 τὴν
1014 4967 1081 5030 θεὸς,
1102 4969 1143 5021 καὶ
1163 4968 1298 5040 ἅνθρωπος,
1314 4967 1341 5020 ἐν
1358 4972 1402 5022 τοῦ
1420 4968 1568 5038 κρείττονας,
1583 4967 1623 5019 καὶ
1636 4968 1785 5038 κυριωτέρου

197 5053 224 5107 ἔα
237 5050 497 5125 rememoraturum
510 5048 673 5121 ἀνέκφραατον
683 5050 803 5120 γέννησιν.
1016 5050 1113 5123 pipare,
1125 5051 1240 5115 deutoro<
1253 5049 1424 5123 ἐπωνομάσθη.
1433 5050 1517 5110 ἄλλως
1525 5049 1610 5111 τιμαὶ
1624 5048 1640 5116 ἢ
1655 5053 1699 5102 τοῦ
1712 5069 1788 5121 npoo-

234 5134 250 5191 d
269 5136 411 5192 Tussoooa.
429 5134 509 5187 douc.
524 5131 590 5187 edit.
604 5131 670 5187 Grai
691 5128 848 5186 {ustiuhai
866 5132 968 5215 Ἰησοῦς
1015 5130 1147 5208 λήμματος
1159 5134 1303 5198 inducere,
1317 5133 1369 5189 teia
1381 5130 1422 5203 ἦν,
1441 5132 1482 5185 καὶ
1500 5131 1529 5187 rh
1543 5132 1694 5205 πρόσλημμα
1713 5131 1739 5185 δὲ
1763 5130 1787 5194 ἔξ

195 5216 382 5290 ὁέαπαρθέναν
405 5217 502 5287 Μαρίας
523 5214 562 5268 iet
577 5214 641 5269 τέλει
661 5220 710 5268 τῶν
732 5213 826 5268 αἰώνων
850 5219 969 5303 307&ng
1019 5217 1094 5293 αὐτῆς
1106 5220 1223 5285 {amusing
1235 5217 1331 5288 liedda,

195 5302 298 5375 τεθχεὶς,
310 5300 443 5361 ὑπόστασις
452 5299 545 5372 pieriis
556 5298 652 5369 τριάδας
665 5296 790 5370 ὑπάρχων.
805 5299 849 5358 Διό
863 5317 967 5413 κυρίως,

223 5468 234 5512 i
251 5469 307 5516 Loro
317 5466 408 5515 citur
419 5462 469 5513 Uri.
482 5458 575 5510 niet
588 5460 669 5511 Facto.
681 5456 697 5508 i.
707 5463 723 5516 i,
735 5466 754 5509 t.
765 5472 792 5509 rr.
