4078 6168
336 310 397 394 aar
946 308 997 371 nn
1016 303 1306 370 numennumen

340 489 601 581 Tbeolopiooruro
635 492 829 583 boemorum
860 500 988 562 tomum
1016 508 1104 561 com·
1153 486 1367 577 dispensator
1404 488 1567 559 Dominus
1592 489 1690 561 lesus
1722 513 1732 559 :
1761 488 1856 580 eujus
1879 491 1909 561 iu
1993 564 1994 569 ,

337 611 443 701 plent,
475 615 616 685 arcessit
644 613 812 704 appendix
850 613 892 682 ad
932 612 1103 684 decimum
1152 610 1332 690 honorem,
1357 619 1391 681 et
1412 610 1552 701 gloriam
1573 611 1683 682 omnis
1705 610 1762 683 bio
1785 610 1911 684 anobis

335 735 471 805 tertium
498 736 622 806 librum
653 737 763 827 quarti
790 735 891 827 hujus
915 736 995 806 tomi
1026 758 1033 804 :
1068 736 1103 806 iu
1152 730 1351 816 destinatus,
1370 742 1403 804 et
1420 734 1592 824 impensus
1608 744 1659 805 est
1676 734 1785 806 labor.

335 875 403 946 qua
421 856 464 927 de
479 858 789 942 Praedestinatione‚
808 858 919 950 deque
933 858 1103 928 voluntate
1201 855 1253 926 td
1273 865 1473 939 extremum,
1495 856 1586 947 quod
1606 855 1640 926 in
1664 856 1766 927 toruis
1790 865 1912 930 armoe

335 976 409 1061 Dei,
431 1000 469 1049 ao
496 980 620 1052 Christi
654 1002 733 1072 erga
752 1001 870 1053 omnes
898 981 939 1052 ad
961 981 1103 1051 salutem
1154 979 1311 1049 dentibus
1330 978 1455 1051 laetum
1476 987 1537 1062 est,
1560 988 1598 1048 ut
1619 978 1865 1070 auctorumqui
1882 980 1911 1051 in

334 1097 564 1185 adducendos,
609 1125 648 1176 ex
689 1102 866 1193 Augustini
912 1102 1099 1185 sententia,
1153 1103 1218 1173 illis
1233 1103 1392 1186 ditantur,
1414 1101 1583 1174 iudieulus
1601 1103 1698 1174 initio
1713 1111 1910 1194 poneretur;
1993 1178 1994 1181 ,

333 1222 547 1311 potissimum
567 1235 617 1296 est
636 1234 758 1297 aetum.
1153 1225 1188 1297 id
1212 1226 1246 1295 in
1274 1226 1428 1316 praesenti
1457 1236 1549 1295 tomo
1569 1226 1677 1294 risum
1705 1233 1757 1296 est
1784 1225 1911 1295 minime

384 1344 513 1428 Habes,
550 1347 701 1432 erudite,
743 1366 782 1419 ao
809 1347 952 1418 candide
976 1348 1101 1431 laetor,
1153 1350 1381 1420 necessarium
1420 1373 1427 1418 :
1462 1347 1553 1440 quod
1594 1349 1779 1438 scriptores
1819 1345 1912 1418 iidem

333 1467 504 1554 promissi,
536 1477 569 1538 ot
593 1471 738 1561 suseepti
765 1473 878 1562 operis
908 1471 1106 1562 Tbeolopioo·
1154 1492 1271 1542 omnes
1300 1471 1381 1553 iere,
1413 1491 1558 1562 quorum
1582 1471 1681 1540 variae
1705 1479 1786 1540 sunt
1804 1468 1912 1539 editio·

333 1608 409 1658 runt
431 1590 629 1681 Dopmotom
649 1602 780 1683 partem
803 1593 874 1664 iere
903 1593 1100 1677 dimidiam,
1154 1615 1226 1676 nes,
1250 1594 1426 1684 exquibus
1441 1604 1567 1664 certam
1588 1592 1745 1663 adnotari
1760 1591 1909 1682 oportuit,

335 1709 449 1781 diviua
467 1732 531 1803 ope
542 1714 612 1804 jam
632 1714 851 1798 elaboratam,
869 1726 902 1788 et
921 1717 963 1788 ad
979 1718 1104 1788 exitum
1153 1718 1333 1809 utrobique
1352 1716 1558 1787 laudantur:
1579 1737 1617 1788 ae
1645 1715 1792 1806 proinde
1811 1713 1912 1804 eujus·
1993 1758 1994 1779 2

335 1833 543 1923 perductam.
583 1837 681 1923 Quod
718 1848 889 1929 superest,
929 1849 1105 1931 pertexere
1154 1841 1246 1911 modi
1265 1840 1329 1910 boo
1349 1842 1384 1910 iu
1404 1848 1495 1910 tomo
1516 1838 1618 1910 editio
1639 1840 1683 1909 sit
1702 1837 1911 1915 adhibitaex
1993 1858 1994 1865 ¹

336 1954 496 2046 deinceps
542 1960 675 2031 animus
707 1970 772 2043 est,
809 1973 973 2051 quantum
1004 1973 1101 2047 aetas,
1155 1965 1368 2054 superiorum
1384 1963 1542 2053 catalogis
1560 1964 1666 2053 repeti
1682 1961 1800 2053 possit.

335 2078 491 2171 viresque
509 2080 630 2163 ferent,
653 2092 687 2153 et
714 2084 891 2155 amborum
907 2084 1046 2167 arbiter,
1065 2107 1103 2157 ao
