4072 6164
353 286 413 345 576
877 279 1202 341 hammarcouuu
1223 279 1439 342 DOGMATUM

395 445 520 508 Reiessit
546 450 650 505 autem
670 443 842 504 (lantredus
868 460 1006 503 errorem
1029 442 1124 504 istum
1174 443 1312 504 Christus
1326 444 1411 505 enim
1424 446 1506 505 Deus
1528 442 1632 515 tortis,
1657 443 1921 520 cicestriensis·

353 537 536 599 testimoniis
558 536 676 616 aliquot
699 536 914 614 antiquorum:
931 540 967 594 ut
985 533 1125 609 Gregorii
1172 535 1238 614 ipsc
1252 537 1292 597 sit
1305 536 1450 597 divinitas
1463 556 1538 597 sua:
1554 536 1815 615 quemadmodum
1827 538 1865 598 sic
1882 545 1920 599 cst

355 632 457 706 Papae,
481 628 534 707 qui
560 628 602 688 sio
630 627 785 705 loquitur:
805 648 821 685 u
834 626 928 688 Venit
941 627 981 687 ad
994 645 1050 687 nos
1062 627 1124 686 cal·
1173 628 1270 702 fortis,
1287 633 1323 688 ut
1335 629 1400 708 ipse
1414 628 1454 689 sit
1463 630 1561 688 virtus
1574 647 1641 688 sua.
1652 649 1667 686 u
1680 628 1766 701 Quod
1779 647 1815 689 ex
1826 631 1919 708 hugu-

353 727 440 782 ccata
453 718 848 794 divinitashumauitate3»
867 737 1001 780 necnon
1014 722 1123 797 Angu—
1172 720 1253 780 stino
1268 720 1448 797 ocniirmat,
1467 721 1556 799 cujus
1576 720 1717 798 regulam
1743 720 1814 781 alibi
1838 740 1918 800 expc-

354 812 444 873 stini:
469 811 571 890 quiin
595 811 696 891 primo
718 809 753 871 de
775 809 942 883 Trt'ut'tate,
958 812 1125 871 ctintrac·
1173 810 1319 886 suimus‘,
1348 831 1411 891 qua
1435 817 1505 872 tum
1533 814 1632 874 ileum
1656 810 1842 872 divinitatem
1866 831 1920 874 ame

352 910 420 965 tatu
434 920 520 977 mxv,
535 902 692 962 «formam
703 903 756 962 Dei
767 903 811 962 ait
825 902 977 981 accepisse
990 900 1123 963 formam
1173 921 1276 978 suam,
1300 911 1366 964 tum
1386 922 1482 965 unam
1500 922 1657 984 quamque
1670 921 1830 984 personam
1846 906 1920 965 abac

353 996 444 1057 serui.
461 1016 476 1053 a
495 996 574 1055 Item
590 995 700 1055 Leonis
720 995 827 1072 Papae,
853 993 941 1071 cujus
963 993 1014 1053 illa
1027 993 1123 1054 verba
1172 995 1285 1056 habere
1300 997 1384 1076 qrrod
1398 1003 1453 1072 est,
1477 1003 1509 1057 et
1531 996 1591 1057 hoc
1612 1015 1677 1057 esse
1698 995 1781 1074 quod
1799 995 1916 1056 babet.»

353 1089 440 1149 citat:
469 1087 647 1167 «Suscepit
674 1104 731 1146 nos
753 1085 807 1146 illa
829 1091 1043 1164 naturaque
1066 1103 1124 1146 neo
1173 1087 1231 1146 Cui
1245 1093 1448 1149 consentanee
1462 1088 1582 1167 scripsit
1590 1088 1625 1147 in
1637 1088 1719 1148 libro
1731 1085 1892 1148 Eucbirtibii
1898 1086 1918 1162 ‘3

354 1181 469 1241 nostris
483 1198 551 1255 sua,
563 1196 621 1238 nec
635 1178 697 1238 suis
707 1183 811 1238 nostra
825 1183 1032 1238 consumeret.
1043 1199 1058 1234 ν)
1177 1196 1189 1232 ι
1206 1175 1344 1237 Verbum
1358 1195 1430 1238 caro
1444 1176 1558 1237 iactum
1572 1182 1628 1252 est,
1644 1195 1660 1236 a
1676 1175 1831 1236 divinitate
1841 1193 1919 1236 carne

395 1273 449 1332 llis
469 1271 509 1331 ab
527 1270 679 1332 Gauhedo
694 1275 834 1331 veterum
847 1270 945 1330 allatis
966 1269 1124 1331 sententiis
1172 1273 1321 1347 suscepta,
1334 1287 1400 1329 non
1412 1269 1446 1329 in
1460 1285 1585 1329 carnem
1600 1268 1760 1329 divinitate
1773 1274 1915 1328 mutata.»

352 1363 426 1425 alias
438 1364 586 1443 quasdam
599 1362 854 1439 subjiciemus.ln
864 1362 973 1440 primis
983 1360 1119 1437 Leonis,
1173 1359 1210 1419 Et
1223 1360 1283 1420 alio
1298 1360 1332 1420 in
1345 1358 1444 1436 loco‘,
1465 1382 1476 1417 ι
1495 1361 1659 1435 Divinitas,
1689 1360 1799 1439 inquit,
1826 1359 1918 1438 unige-

353 1457 405 1532 qui
426 1457 469 1516 sic
491 1454 615 1515 scribit:
636 1454 720 1514 «Hic
745 1454 829 1514 enim
856 1452 1005 1514 mirabilis
1028 1471 1122 1514 sacrm
1171 1451 1241 1527 niti,
1269 1451 1347 1512 lacta
1370 1452 1521 1532 particeps
1540 1451 1736 1512 mortalitatis
1754 1459 1870 1523 nostra,
1890 1457 1919 1511 ut

352 1547 489 1626 Virginis
503 1553 609 1626 partus
620 1564 691 1606 vere
704 1546 886 1617 humanam,
898 1563 970 1605 vere
982 1544 1121 1605 divinam
1171 1548 1203 1604 et
1212 1562 1270 1604 nos
1282 1543 1445 1623 participes
1451 1545 1518 1622 ejus
1526 1543 1766 1604 immortalitatis
1773 1560 1913 1604 essemus.»

352 1657 417 1698 una
428 1639 524 1700 edidit
536 1639 622 1718 prole
636 1643 798 1712 naturam3
809 1659 824 1695 a
837 1643 906 1696 tum
920 1638 962 1698 ita
977 1640 1122 1698 naturam
1211 1635 1383 1696 Ferrandus
1402 1637 1467 1715 ipse
1480 1655 1604 1716 quoque
1617 1637 1650 1695 in
1666 1635 1794 1715 epistola
1805 1633 1841 1695 cd
1850 1635 1917 1696 Aac·

352 1730 510 1791 hominist
524 1730 558 1789 in
570 1729 745 1790 societatem
759 1729 807 1788 sui
822 1729 967 1789 creatoris
981 1745 1121 1808 assump·
1172 1725 1274 1786 tolt'um
1291 1746 1439 1806 «passam
1454 1746 1519 1789 esse
1540 1728 1735 1789 divinitatem
1749 1725 1837 1788 dixit⁷
1848 1746 1855 1786 ι
1868 1724 1915 1802 et⁸‚

352 1828 417 1882 tam
426 1821 481 1895 ait,
499 1829 534 1883 ut
550 1827 670 1882 natrrrae
683 1820 772 1882 alteri
786 1821 882 1881 altera
895 1821 1086 1881 misceretur.
1103 1841 1118 1876 a
1172 1818 1365 1879 divinitatem
1378 1819 1445 1879 Filii
1457 1820 1679 1898 sempiternam
1693 1820 1733 1880 ab
1743 1819 1832 1881 Maria
1843 1838 1918 1898 gene·

352 1914 432 1974 Vide
451 1922 487 1976 ut
515 1921 545 1974 et
571 1922 710 1974 naturum
737 1912 887 1989 divinum,
918 1914 1027 1974 eodem
1050 1929 1122 1973 curn
1171 1913 1417 1983 ratammltem,
1431 1912 1569 1973 «Divina
1582 1913 1757 1973 substantia
1770 1912 1917 1973 secundun

352 2005 931 2085 humana,partuB.V1rgnuscdtt,am
948 2004 1122 2066 etbumouoe
1171 2003 1342 2064 humanam
1355 2004 1558 2065 substantiam
1571 2005 1698 2085 proprie
1712 2011 1784 2066 nata
1794 2010 1844 2078 est
1858 2003 1917 2083 quis

352 2099 482 2175 mistam,
498 2098 590 2158 idt
544 2104 590 2159 est
603 2099 892 2159 uuitomasscuerat.
1171 2114 1236 2156 non
1252 2097 1417 2175 separatim
1443 2104 1516 2158 nata
1535 2103 1593 2158 est.
1612 2118 1628 2156 c
1654 2096 1917 2203 nt,‹pr0p1icat
1998 2120 1999 2129 ι

393 2191 448 2251 lII.
472 2191 609 2270 idipsum
626 2190 799 2250 luculenter
812 2190 975 2269 profitetur
988 2176 1121 2267 Fulgcn-
1172 2195 1245 2249 nata
1258 2190 1296 2249 de
1311 2190 1366 2249 Pat
1353 2194 1400 2250 rte
1423 2188 1567 2250 divinitas
1580 2209 1658 2270 pura
1672 2189 1794 2270 proprie
1807 2194 1915 2250 estuata

351 2281 441 2341 tius
432 2301 465 2342 m
479 2281 607 2343 librode
621 2301 750 2362 quiaque
764 2280 999 2362 questionibus,
1015 2280 1068 2340 ubi
1083 2280 1121 2340 de
1172 2278 1321 2341 dematre
1335 2281 1444 2342 eadem
1457 2281 1814 2343 incamatadivinitas.u

353 2392 390 2434 ca
411 2392 445 2433 re
459 2373 625 2435 sciscitanti
645 2374 801 2434 Ferrando
818 2373 948 2434 diacono
965 2372 1123 2450 Carthagi·
1212 2372 1343 2451 Vigilius
1366 2372 1460 2433 simili
1483 2392 1557 2434 usus
1569 2379 1626 2435 ,est
1650 2369 1913 2461 loquendi‘mcdo',

353 2464 486 2525 niensi':
516 2467 664 2526 «Utrum
692 2466 748 2525 Dei
771 2464 884 2536 Filius,
909 2465 987 2524 sicut
1010 2464 1121 2524 dicitur
1172 2481 1244 2522 cum
1258 2463 1388 2544 scripsit,
1408 2466 1587 2545 «passionis
1601 2465 1734 2545 injurias
1747 2465 1914 2526 divinitatem

353 2561 446 2617 natus
454 2575 607 2636 ,passus,
622 2562 783 2630 mortuus,
800 2556 979 2616 crrrcifixus:
999 2555 1042 2616 ita
1056 2556 1122 2634 ejus
1171 2555 1342 2635 pertulisse.
1366 2558 1404 2616 Et
1421 2578 1437 2615 a
1453 2558 1574 2619 confixa
1588 2564 1649 2632 est,
1666 2558 1782 2638 inquit,
1796 2555 1915 2618 divinitas

354 2648 549 2710 divinitatem
568 2648 752 2709 confirmare
767 2666 823 2707 nos
841 2653 979 2727 oporteat
997 2652 1117 2724 natam,
1172 2646 1307 2708 clavis.»

354 2759 488 2818 passam,
503 2750 672 2814 mortuam,
688 2738 886 2800 crucifixam·
880 2739 1045 2818 ,quamvis
1060 2740 1123 2799 sire
1213 2740 1265 2800 lV
1287 2740 1366 2801 Huic
1388 2741 1617 2820 adstipulantur
1639 2742 1912 2809 omnesilliPatres
1941 2752 1999 2801 cut

353 2833 450 2908 Deus,
479 2834 542 2894 sire
566 2832 710 2893 divinitas
733 2831 930 2904 nominetur,
961 2830 1025 2891 sola
1052 2849 1122 2891 caro
1172 2832 1226 2911 qui
1248 2837 1388 2893 victurum
1419 2833 1510 2894 Verbi
1530 2835 1716 2896 incarnatum
1740 2853 1812 2909 esse,
1835 2834 1914 2893 incre
1931 2810 1999 2911 ,,ζᾶ

353 2924 543 3004 intelligatur
554 2923 722 2991 mutabrhs
736 2929 828 3002 atque
843 2922 1003 3003 passibilis,
1017 2940 1124 2987 secun,
1172 2923 1258 2984 drbrh
1266 2942 1468 2986 consensione
1480 2926 1643 2987 dixerunt:
1656 2926 1914 3007 quorumprinceps
1930 2914 1999 3017 ’ωᾞ

353 3016 430 3077 dum
444 3035 540 3097 quam
552 3018 633 3077 Deus
646 3021 700 3076 aut
710 3015 854 3076 duumtas
867 3019 921 3093 pot
922 3014 968 3073 nit
971 3014 1121 3092 qu,od1n
1174 3016 1308 3095 (tyrillus
1331 3018 1574 3078 Alexandrinus:
1603 3018 1774 3080 imitatores
1795 3017 1914 3093 deinceps
1939 3018 1999 3076 pute

354 3126 410 3168 sua
422 3115 535 3169 natura
548 3127 613 3168 non
626 3106 744 3185 potuit:
759 3106 826 3166 ade
839 3106 898 3166 hoc
911 3105 1006 3184 igitur
1024 3107 1121 3168 inter·
1174 3125 1282 3169 omncs
1310 3109 1462 3186 catholici,
1487 3111 1624 3189 adeoque
1649 3110 1749 3171 tota
1741 3129 1803 3190 ipsa
1823 3102 1915 3169 Christi

354 3200 477 3279 roganti
495 3199 653 3261 Ferrando
675 3199 718 3258 ita
740 3198 898 3277 respondit
922 3198 1121 3276 Fulgentius:
1174 3200 1322 3276 Ecclcs1a3
1331 3195 1914 3282 ntrnhbrosuperioremonstraumus¹⁰.

358 3312 374 3349 ιι
388 3291 543 3371 Quidquid
556 3292 670 3352 horum
685 3290 815 3364 dicatur,
830 3290 910 3350 nihil
924 3290 1124 3369 prejudicare
1174 3292 1233 3352 Ubi
1246 3292 1324 3379 illud
1335 3293 1462 3374 insuper
1476 3302 1635 3356 ostensum
1649 3311 1709 3371 est,
1725 3303 1791 3375 φύσιν
1801 3292 1915 3353 illicnon
1944 3307 1999 3359 mua

353 3383 437 3460 fidei,
453 3403 514 3463 qua
526 3384 685 3458 veraciter,
702 3381 835 3442 Ecclesia
848 3381 996 3442 catholica
1015 3382 1121 3457 credit,
1174 3402 1230 3463 pro
1250 3393 1381 3447 ὑποστάσει
1396 3385 1505 3466 accipi,
1520 3387 1574 3446 sed
1588 3405 1644 3466 pro
1659 3391 1770 3447 natura
1784 3385 1853 3464 ipsa,
1866 3380 1916 3441 sire
1940 3404 1999 3467 „aa

354 3480 386 3537 et
409 3476 573 3555 praedicat,
599 3475 793 3535 divinitatem
819 3472 887 3533 Filii
909 3473 963 3533 Dei
987 3473 1124 3553 impassi·
1174 3474 1379 3537 divinitate¹¹.
1395 3480 1454 3538 Tot
1473 3478 1585 3555 igitur,
1613 3479 1769 3558 tantisque
1791 3471 1916 3556 praesidiis
1998 3534 1999 3543 ,

354 3564 464 3640 bilem,
500 3572 592 3645 atque
623 3564 909 3626 incommutabilem
943 3566 1124 3626 naturaliter
1173 3567 1333 3628 firmatum
1358 3587 1456 3648 genus
1476 3570 1554 3631 illud
1570 3570 1736 3631 locutionis
1749 3573 1916 3629 nontamen

355 3676 548 3736 permanere.
577 3679 594 3717 a
621 3659 654 3718 ld
686 3663 790 3718 autem
813 3662 936 3718 arictore
971 3658 1125 3737 imprimis
1174 3657 1386 3721 damnandum
1397 3668 1453 3739 cst,
1465 3681 1523 3724 neo
1533 3662 1573 3724 ab
1587 3682 1646 3724 usu
1657 3661 1916 3741 theologicosegre

355 3747 504 3830 approbat
517 3751 682 3830 Apostolo:
702 3750 755 3829 qui
765 3751 808 3810 sic
821 3747 949 3817 scribit³,
962 3747 1126 3810 Noscutem
1174 3752 1322 3829 gaudum.

350 3839 550 3922 praediccmus
565 3841 718 3904 Christum
731 3840 921 3921 crucifixum,
933 3839 1046 3902 Judoeis
1058 3840 1125 3922 qui·
1213 3844 1351 3905 loannes
1378 3849 1459 3904 certe
1484 3843 1711 3920 Damascenus,
1739 3847 1844 3924 prater
1863 3838 1918 3900 illos

305 3990 306 3999 ,
355 3931 419 3993 dem
446 3931 634 3997 scandulum.
663 3931 802 3995 Gentibus
824 3939 920 3994 autern
944 3932 1104 3993 stultitiam
1110 3950 1125 4010 ,⁰
1175 3951 1283 3995 omnes
1296 3956 1310 3993 ιι
1325 3935 1358 3995 in
1369 3935 1582 3996 incarnatione
1596 3936 1650 3997 Dei
1666 3935 1776 4011 Vcrhi,
1791 3932 1839 4013 qui
1852 3945 1918 3991 unus

357 4025 534 4106 ipsiscuteur
545 4024 824 4101 meristaeorum
837 4024 957 4100 Grcecis,
972 4022 1126 4086 Cbristum
1175 4033 1221 4087 est
1248 4046 1265 4087 e
1292 4033 1396 4087 sancta
1418 4027 1567 4089 Trinitate
1594 4033 1705 4104 totam,
1727 4034 1757 4088 ct
1779 4025 1918 4105 perlectam

357 4115 415 4177 cet
429 4117 580 4185 virtutem,
598 4125 625 4177 et
644 4117 701 4178 net
713 4117 901 4198 sapientium.
919 4137 934 4173 ιι
949 4118 1024 4177 Ecce
1039 4116 1125 4176 Chri·
1174 4124 1320 4178 naturam
1340 4119 1510 4179 divinitatis
1537 4120 1571 4180 in
1597 4139 1661 4180 una
1689 4137 1812 4181 suarum
1833 4116 1917 4194 hypo·

356 4213 455 4280 stum,
477 4209 521 4269 ait
539 4209 736 4287 Fulgentius,
757 4208 811 4269 Dei
826 4208 989 4284 virtutem,
1016 4213 1048 4268 et
1069 4208 1126 4269 Dei
1175 4217 1298 4271 stasecn
1317 4211 1391 4272 dicit
1404 4211 1524 4272 unitam
1538 4230 1603 4273 csse
1616 4213 1675 4272 toti
1695 4212 1834 4272 humanu
1845 4209 1919 4266 natu·

357 4299 541 4379 sapientium
566 4300 642 4361 dicit
662 4301 824 4379 Apostolus
843 4299 1034 4361 crucifixum.
1054 4323 1066 4357 ν
1084 4301 1128 4361 Ac
1177 4321 1234 4379 ru,
1264 4321 1329 4363 non
1355 4310 1476 4382 partem
1499 4304 1643 4383 partit.»
1669 4303 1761 4383 Cujus
1782 4294 1917 4363 sententioe

356 4390 498 4472 pluribus
525 4392 638 4453 deinde
665 4392 767 4473 pergit
793 4392 973 4466 ostendere,
1006 4412 1021 4450 ιι
1049 4392 1128 4453 sicut
1177 4394 1410 4473 suffragatorem
1438 4395 1563 4456 adhibet
1590 4395 1792 4475 Dionysium,
1817 4385 1917 4470 quita

357 4485 528 4545 secundum
541 4502 678 4558 carnem,
695 4484 872 4546 crucifixam
887 4484 1034 4545 virtutem
1049 4485 1127 4545 fidu·
1174 4487 1324 4566 scriptum
1347 4487 1490 4567 reliquit:
1512 4508 1526 4544 ιι
1551 4506 1589 4549 ex
1602 4492 1668 4548 toto
1686 4487 1840 4548 nobiscum
1853 4493 1918 4539 com·

357 4574 473 4636 cialiter
485 4593 559 4636 vera
572 4575 648 4636 fides
669 4576 773 4649 novit,
799 4581 830 4637 et
849 4576 947 4636 credit
959 4575 1002 4637 ita
1014 4593 1124 4637 secun·
1174 4578 1348 4639 manicasse
1359 4579 1498 4640 divimm
1515 4583 1661 4640 naturam
1672 4580 1708 4640 in
1727 4596 1788 4639 una
1809 4581 1915 4635 suarum

357 4667 956 4729 dumcamemcrucifixamdiuinitatem
969 4668 1121 4730 confiteri.
1172 4668 1421 4749 hypostaseonl.»

393 4845 414 4885 a
432 4828 502 4884 Dant.
519 4827 565 4883 lib.
580 4829 628 4899 ill,
644 4844 705 4898 cap.
722 4845 760 4884 11.
779 4828 851 4882 Οὕτω
864 4828 905 4881 καὶ
925 4827 950 4881 ἔν
963 4832 993 4901 τῇ
1007 4826 1126 4900 ἔνανθρω·
1211 4830 1227 4885 b
1248 4831 1327 4887 Dtort.
1342 4830 1410 4886 ibid.
1431 4831 1478 4884 Καὶ
1492 4828 1728 4902 ὅτούτονφοιτητῆς
1739 4828 1753 4883 b
1764 4815 1916 4896 tcutwd

356 4912 428 4980 moer
440 4917 484 4965 τοῦ
495 4910 547 4974 ἑνὸς
557 4910 781 4984 τῆςᾶγὲαςτριάδος
790 4904 927 4984 θεοῦλόγον
935 4910 1125 4983 populatrices,
1175 4912 1206 4967 rb
1220 4915 1270 4984 θείᾳ
1283 4914 1358 4977 πολὺς
1381 4915 1519 4985 Διονύσιος,
1545 4916 1584 4968 ὅτι
1611 4914 1699 4975 aab<
1721 4912 1779 4984 ἡμῖν
1792 4908 1814 4962 ἓν
1827 4904 1915 4977 μῑᾷῬῙΙ

356 4996 397 5047 καὶ
409 4995 503 5048 τελείαν
524 4992 658 5066 τὴνφύσιν
680 4998 722 5061 τῆς
746 4995 861 5061 θεότητος
882 4992 906 5046 ἔν
929 4994 971 5066 pig
990 5000 1039 5048 τῶν
1055 4993 1128 5061 abuit
1175 4995 1263 5065 ἑαυτῆς
1277 4995 1435 5066 ἐκοινώνησεν
1449 4996 1617 5051 tumtunm.
1998 4984 1999 5009 Ι

356 5077 514 5131 Ιποοτάσεων
529 5076 645 5144 bucinum
664 5077 729 5148 πάσῃ
749 5080 779 5150 τῇ
798 5076 933 5148 ἀνθρωπίνῃ
948 5076 1026 5147 φύσει,
1043 5077 1084 5129 καὶ
1098 5074 1128 5129 ob

358 5160 431 5231 ehu
446 5161 523 5232 eice

383 5295 707 5343 1su..1uteuutour.-
720 5293 1117 5349 11η13η1νᾳνιι-31011ων
1126 5289 1533 5345 attundentem-capum
1544 5288 1731 5346 tcapmu-
1704 5280 1909 5338 -bltpiutatn-
1998 5274 1999 5337 t

355 5358 468 5402 trum
480 5365 533 5402 um.
542 5357 572 5401 111
583 5357 638 5402 11111
651 5358 713 5403 Patr
726 5356 766 5401 ccl.
779 5356 855 5401 116.-
863 5356 978 5400 alciden.
990 5355 1066 5399 8³2.-
1038 5353 1170 5409 -augu
1179 5353 1218 5398 111.
1231 5352 1321 5399 timot.
1332 5353 1424 5403 nauum.
1436 5357 1487 5397 ton.
1498 5351 1595 5397 usur
1606 5352 1695 5396 eae-
1701 5348 1728 5393 1⁰
1737 5345 1787 5403 Gap
1799 5346 1909 5389 tunt

357 5420 381 5464 tt
396 5419 608 5477 caputiatos
616 5418 946 5475 circumastantium
959 5417 1022 5465 rua
1035 5429 1055 5462 c.
1068 5429 1089 5461 ι.
