4072 6164
205 2510 244 2556 ital
257 2510 328 2556 Filius

192 2564 331 2610 individuam

212 2626 317 2662 naturam

201 2670 330 2727 mampsis.

361 323 421 383 596
874 323 1197 388 runchofflcouuu
1218 324 1436 388 DOGMATOE

360 485 490 567 primam
511 485 705 548 abstentiam
732 487 874 549 nominat
900 488 935 549 in
964 488 1129 570 Cataporiia
1177 490 1346 571 Acephalo,
1365 507 1465 551 «eum
1475 487 1617 551 Verbum
1625 487 1791 569 assumpsit
1799 492 1948 549 naturam

362 576 548 654 Aristoteles,
565 578 644 638 nihil
664 579 703 640 ab
716 579 886 659 hypostasi,
902 585 943 656 et,
959 580 984 640 si
1003 581 1129 661 quidem
1178 581 1360 658 humanam,
1375 581 1579 662 assumpsime
1592 586 1746 653 naturam,
1760 597 1857 659 quam
1875 597 1949 639 urn-

361 669 536 748 intelligens
557 670 729 731 substantia
752 671 802 741 sit,
827 689 845 731 a
865 690 996 751 persona
1016 671 1128 733 discre-
1177 673 1365 753 templamur
1380 674 1415 734 in
1432 673 1545 754 specie,
1564 692 1605 734 an
1623 677 1779 745 naturam,
1801 688 1900 750 qrsam
1912 669 1949 731 in

362 778 448 839 pare.
465 762 551 822 Hanc
562 765 715 839 veterum,
732 768 763 822 et
773 763 995 825 hodiernorum
1008 764 1128 825 Graeco·
1177 770 1281 826 atomo
1298 786 1306 826 :
1319 787 1335 824 1
1352 765 1527 846 respondet,
1539 783 1604 826 non
1617 764 1712 826 aliam
1723 781 1789 825 esse
1802 779 1901 842 pram
1913 762 1950 822 in

362 871 435 914 rum
446 852 618 933 vulgarem,
635 859 667 914 et
688 854 902 915 translatitiam
916 855 954 915 de
968 855 1128 916 individuo
1177 857 1377 919 multitudine
1400 857 1657 935 contemplamur,
1674 862 1707 917 et
1725 872 1823 935 quam
1841 854 1879 914 in
1896 871 1947 929 eo,

363 951 393 1005 et
406 945 563 1025 hypostasi
582 945 766 1007 sententiam
784 946 876 1007 latius
897 945 1130 1027 explanavimus
1178 950 1262 1029 quod
1279 968 1381 1011 unum
1393 955 1440 1010 est
1452 967 1595 1010 numero.
1616 948 1732 1008 «Hanc
1755 947 1842 1008 enim
1861 945 1950 1006 cerni

361 1036 397 1096 in
411 1043 521 1116 quarto
533 1037 614 1098 libro
632 1036 668 1099 de
689 1037 868 1114 Trinitate¹,
885 1037 939 1099 ubi
959 1039 1027 1099 illos
1043 1039 1128 1099 insu·
1177 1040 1210 1101 111
1228 1059 1303 1118 uno,
1322 1041 1373 1102 vel
1395 1042 1429 1102 111
1446 1040 1599 1121 pluribus,
1621 1038 1693 1101 facit
1714 1038 1801 1100 ceriti
1825 1037 1892 1113 illa,
1913 1036 1950 1098 in

362 1144 418 1204 per
431 1129 632 1203 ostendimus,
656 1136 801 1190 naturam
827 1130 891 1190 sive
905 1136 1000 1207 1111111,
1025 1130 1057 1190 id
1084 1135 1130 1191 est
1178 1133 1292 1212 quibam
1309 1139 1365 1208 est,
1380 1133 1484 1212 plura,
1505 1132 1555 1194 vel
1572 1149 1694 1194 mum:
1710 1131 1766 1193 sed
1787 1148 1854 1191 non
1876 1128 1952 1189 latit

360 1220 767 1299 emantiomarbitratosesse,
775 1221 853 1282 nihil
862 1239 926 1282 esse
930 1221 1125 1299 particulare,
1178 1226 1262 1286 cerni
1275 1230 1419 1286 naturam
1436 1242 1547 1301 unum,
1564 1228 1625 1285 'aut
1644 1223 1776 1305 plura.»
1794 1221 1890 1288 Quod
1910 1238 1951 1281 ex

361 1312 415 1372 sed
427 1331 596 1374 commune
609 1314 774 1389 omnihus;
789 1312 950 1394 ipsamque
964 1314 1040 1375 adeo
1059 1332 1128 1394 spe·
1178 1334 1215 1378 eo
1228 1316 1349 1396 probet,
1369 1317 1453 1396 quod
1474 1317 1583 1378 eadem
1603 1321 1649 1377 est
1668 1313 1807 1376 definitio
1826 1318 1951 1375 natura

361 1404 441 1465 ciem
454 1404 605 1481 infimam,
622 1406 666 1466 ita
677 1412 712 1466 ut
734 1406 880 1467 nonnulli
901 1405 1129 1467 individuasub
1177 1406 1212 1467 111
1222 1408 1434 1484 multitudine,
1446 1414 1477 1470 et
1491 1406 1525 1471 in
1537 1426 1602 1469 uno
1616 1406 1951 1484 immidemtae.lteqne

362 1496 471 1556 eadem
484 1496 704 1575 comprehensu
717 1496 861 1576 proxima
878 1496 1048 1576 infimaque
1061 1516 1131 1578 spe·
1177 1507 1315 1561 amaram
1350 1500 1481 1581 aliquam
1508 1500 1552 1561 ait
1573 1504 1765 1580 assumptam
1788 1516 1868 1573 esse,
1896 1496 1952 1559 sad

361 1588 418 1661 cie,
433 1586 519 1648 velut
539 1587 682 1649 homines
706 1588 854 1668 singulos,
881 1606 971 1649 suam
997 1598 1130 1671 quieqtm
1177 1610 1248 1672 quae
1268 1593 1377 1654 eadem
1390 1592 1430 1653 sit
1452 1610 1525 1655 cum
1543 1592 1643 1672 specie
1654 1611 1663 1667 ;
1679 1597 1772 1668 atque
1793 1588 1952 1669 ejusmodi

361 1684 505 1739 naturam
519 1678 634 1741 habere
656 1685 790 1759 negent;
807 1680 860 1741 sed
880 1698 944 1741 uua
966 1686 997 1742 et
1021 1681 1130 1743 eadem
1178 1683 1326 1762 quidem,
1351 1691 1417 1745 aut
1438 1684 1530 1746 certis
1547 1682 1761 1745 affectionibus
1783 1680 1952 1761 proprium

361 1770 512 1832 contineri
521 1771 742 1851 sentiantque
753 1772 811 1833 sub
818 1790 988 1834 numerum
998 1773 1130 1853 proinde
1177 1776 1380 1838 humanitatis
1392 1775 1506 1838 Christi
1519 1775 1559 1836 ab
1574 1775 1733 1837 communi
1747 1773 1950 1853 distinguen-

361 1863 470 1924 cadere
502 1881 567 1924 uon
597 1863 719 1941 debeat,
748 1866 775 1926 si
803 1870 906 1926 exacte
942 1866 1130 1944 proprieque
1177 1868 1290 1929 tibus»
1308 1874 1426 1930 constet
1442 1889 1450 1929 ε
1466 1868 1509 1929 ita
1521 1874 1629 1930 tamen
1637 1873 1835 1928 utnoncum
1845 1864 1951 1926 Verbo

360 1953 543 2033 loquimur3
563 1956 609 2015 uti
641 1960 703 2017 tres
735 1956 785 2017 vel
820 1962 955 2036 quatum
988 1956 1130 2019 homines
1179 1966 1354 2040 comparata
1380 1959 1585 2021 differentiam
1608 1959 1693 2020 illam
1719 1956 1951 2019 obtineattsed

360 2046 482 2108 dicendi
495 2048 640 2121 nonsint,
653 2047 707 2109 sad
721 2066 802 2110 unus
818 2049 979 2109 duntaxat.
1004 2050 1051 2110 lta
1064 2067 1130 2129 prm
1179 2057 1331 2131 quatenus
1351 2070 1423 2113 cum
1440 2052 1560 2113 caeteris
1577 2051 1734 2113 mulerhrr
1750 2047 1948 2111 hominibus.

361 2139 478 2200 casuris
497 2140 664 2219 Gregorius
686 2140 854 2219 Nyssenus,
879 2140 917 2201 de
943 2159 1005 2220 quo
1029 2140 1129 2220 eapite
1181 2143 1262 2204 Sunt
1275 2145 1359 2205 enim
1373 2145 1483 2206 duoin
1504 2144 1626 2205 Christo
1646 2160 1760 2220 genera
1781 2140 1954 2221 proprieta-

360 2249 445 2292 nono
456 2230 529 2292 libri
548 2231 650 2310 quarti
667 2229 702 2291 de
717 2232 865 2294 Triaitute
880 2232 977 2292 fusius
997 2233 1126 2312 egimus,
1179 2240 1248 2297 tum
1261 2236 1490 2298 individuarum
1502 2259 1511 2311 3
1525 2235 1576 2297 vel
1589 2241 1636 2310 ut,
1647 2234 1762 2296 scholar
1768 2233 1951 2309 nominant,

362 2321 415 2382 uhi
437 2328 469 2384 et
493 2327 628 2383 mentem
648 2322 754 2401 hujus,
777 2342 813 2385 ac
837 2329 1021 2385 caeterorum
1045 2323 1129 2385 idem
1180 2323 1445 2402 indiuiduaatiam,
1465 2331 1541 2405 quot
1561 2331 1635 2386 sunt
1651 2324 1794 2385 videlicet
1816 2327 1952 2383 namra.

363 2413 541 2474 docentium
555 2413 787 2493 explicavimus.
1181 2416 1256 2477 illia
1269 2424 1351 2493 sunt,
1368 2418 1481 2498 quibus
1494 2418 1635 2479 Verbum
1643 2437 1663 2478 a
1677 2415 1820 2495 personis
1829 2413 1953 2477 duabus

403 2505 457 2565 His
476 2523 550 2584 ergo
571 2506 796 2584 pretermissis,
824 2525 895 2586 qua
923 2507 1009 2568 illinc
1035 2507 1130 2587 petita
1179 2508 1247 2569 aliis
1265 2513 1435 2572 secernitur
1451 2530 1458 2570 :
1474 2510 1555 2588 alias,
1580 2508 1703 2590 quibus,
1724 2514 1762 2568 ut
1783 2507 1884 2569 homo
1908 2510 1953 2568 est

363 2596 528 2657 transferre
542 2598 580 2658 ad
601 2598 776 2659 institutam
784 2599 843 2660 hoc
857 2599 927 2662 loco
945 2600 1130 2680 disputatio·
1179 2599 1618 2680 aliquisemultis,abcaetaris
1627 2599 1842 2679 distinguitur.
1852 2600 1952 2661 uua

363 2706 437 2749 nem
449 2689 603 2749 studiosus
616 2689 748 2768 quisque
761 2690 874 2769 poterit
886 2713 894 2767 3
910 2692 1030 2752 nemini
1043 2691 1132 2752 dubi·
1178 2711 1240 2772 que
1253 2713 1346 2773 porro
1364 2711 1454 2756 suam
1474 2711 1606 2774 quaque
1631 2703 1778 2754 naturam
1804 2690 1952 2753 determi-

363 2781 493 2841 tandum
505 2786 561 2852 est,
575 2780 651 2860 quin
665 2780 853 2860 singularem
863 2801 918 2862 per
929 2801 961 2844 se
971 2795 1129 2860 naturam,
1180 2790 1267 2854 naut,
1293 2792 1374 2847 etex
1390 2786 1552 2848 communi
1564 2785 1724 2866 propriam
1732 2784 1950 2859 mustitunnt3

363 2891 399 2933 ac
420 2872 638 2952 particularem
664 2873 720 2934 Dei
745 2874 829 2935 iilius
855 2874 1073 2955 assumpserit3
1087 2881 1129 2951 et,
1180 2881 1216 2936 ut
1239 2877 1278 2937 ab
1301 2877 1350 2954 iis,
1364 2896 1435 2957 quae
1449 2884 1523 2941 sunt
1544 2876 1828 2949 consubstantialia,
1845 2876 1951 2937 disad-

363 2965 448 3043 quod
461 2983 653 3045 consequens
673 2971 730 3040 est,
745 2965 952 3028 individuam.
968 2969 1014 3028 lte
1028 2972 1131 3030 censet
1180 2969 1266 3030 mine
1290 2970 1393 3050 aliquo
1421 2976 1603 3051 separentur
1634 2989 1641 3029 z
1671 2987 1736 3030 non
1757 2975 1868 3030 tamen
1890 2985 1952 3029 ase

363 3057 509 3117 Rusticus
527 3057 675 3118 diaconus
692 3063 803 3118 contm
817 3059 1048 3139 Menophysitas
1066 3060 1131 3120 hae·
1179 3066 1290 3122 mutuo
1316 3068 1444 3123 naturas
1465 3062 1574 3123 ambas
1601 3060 1763 3122 dirimunt.
1793 3061 1872 3121 Haec
1890 3059 1952 3121 fere

362 3148 505 3225 reticos¹,
522 3147 941 3230 siveAcephalosdisputans.
958 3151 1129 3228 cVerbum,
1180 3152 1337 3213 Leontius.
1361 3152 1480 3219 Quibus
1498 3154 1557 3214 hoc
1581 3152 1763 3226 addiderim,
1781 3152 1853 3213 illas
1872 3153 1952 3233 ipsas

363 3238 477 3318 inquit,
492 3259 512 3300 a
525 3240 837 3302 consubstantialibus
850 3242 961 3323 (Patre,
972 3249 1003 3303 et
1013 3241 1132 3321 Spiritu
1180 3244 1424 3324 uniuscnjusque
1433 3252 1553 3307 naturae
1567 3244 1770 3325 proprietates
1782 3261 1851 3305 non
1859 3244 1951 3306 modo

363 3330 478 3412 sanam)
499 3350 563 3392 non
586 3338 708 3404 natura,
739 3351 840 3414 neque
867 3333 1048 3402 substantia,
1078 3334 1131 3394 sed
1180 3353 1245 3395 non
1269 3354 1320 3397 eas
1342 3336 1425 3398 inter
1447 3355 1479 3398 se
1503 3337 1712 3415 distinguere;
1726 3335 1781 3397 sed
1806 3336 1951 3416 copulare

363 3422 429 3484 sola
462 3441 595 3503 persona
628 3423 777 3485 discretus
806 3430 852 3486 est
881 3445 889 3486 ι
919 3425 1131 3505 unusquisque
1179 3427 1293 3506 potius,
1317 3433 1348 3488 et
1368 3430 1492 3509 utrique
1505 3428 1543 3489 ab
1563 3426 1950 3489 consubstantialibusdis·

363 3520 469 3575 autem
482 3521 634 3592 nostrum,
649 3521 759 3595 praeter
770 3535 982 3593 communem,
993 3516 1088 3578 hahet
1100 3522 1131 3578 et
1179 3521 1346 3595 cernendo,
1362 3539 1398 3581 ac
1411 3520 1640 3601 distinguendo,
1650 3519 1777 3581 servire.
1789 3519 1951 3600 Siquidem

363 3607 521 3685 propriam
535 3607 748 3682 substantiam,
768 3609 974 3686 individuam,
989 3615 1021 3670 et
1040 3616 1129 3671 natu·
1181 3610 1418 3685 FiliusaPatre,
1434 3631 1470 3674 ac
1484 3614 1603 3692 Spiritu
1626 3616 1734 3674 sancto
1760 3629 1828 3671 non
1850 3611 1950 3673 solnm

362 3712 432 3757 ram
449 3717 456 3758 :
473 3698 592 3759 Idcirco
612 3699 696 3760 enim
715 3706 745 3760 et
764 3700 854 3761 multi
870 3702 1010 3762 homines
1028 3701 1130 3761 nomi·
1180 3719 1216 3762 eo
1239 3702 1352 3776 differt,
1378 3705 1461 3783 quod
1486 3705 1609 3783 genitus
1627 3704 1677 3779 sit,
1703 3703 1788 3783 quod
1809 3703 1950 3765 Verbum

362 3794 521 3850 nentur.»
538 3790 609 3851 Non
635 3796 691 3866 est,
721 3792 843 3871 opinor,
870 3793 931 3854 alia
956 3793 1131 3855 communis
1179 3792 1228 3869 sit,
1251 3799 1283 3854 et
1303 3794 1482 3875 hujusmodi
1507 3796 1634 3876 reliquis
1648 3814 1659 3857 :
1674 3795 1728 3856 sed
1749 3793 1848 3856 etiam
1866 3794 1949 3876 quod

363 3886 473 3941 neuma
486 3881 520 3941 in
531 3881 670 3958 homine,
681 3882 742 3944 alia
755 3883 891 3963 propria,
907 3891 938 3946 ct
949 3883 1128 3960 individna;
1179 3885 1217 3945 de
1231 3885 1327 3947 Maria
1337 3887 1463 3964 Virgine
1473 3888 1607 3967 genitus,
1625 3887 1764 3950 ethome
1777 3885 1946 3962 citiarum

362 3971 422 4031 nisi
439 3973 570 4050 ratione,
593 3979 624 4033 et
637 3980 740 4054 ἐπινοίᾳ.
766 3976 866 4049 Quare
889 3994 955 4036 una
971 3981 1003 4037 et
1022 3977 1130 4038 eadem
1178 3977 1262 4056 quod
1288 3984 1388 4040 morte
1413 3997 1470 4041 sua
1502 3979 1637 4041 humani
1669 3978 1791 4059 generis
1824 3984 1948 4060 peccatu

362 4064 535 4124 communis
549 4071 605 4138 est,
619 4071 655 4126 ut
666 4066 701 4126 in
715 4084 747 4127 se
769 4074 936 4146 spectatur,
951 4073 982 4129 et
998 4069 1131 4148 particu-
1178 4068 1313 4131 diluerit.
1336 4071 1401 4135 Hoc
1425 4072 1510 4134 enim
1525 4074 1750 4152 proprietatum
1770 4071 1944 4151 tuaprom-

361 4154 478 4215 laribus
505 4161 599 4217 exuta
623 4158 882 4237 proprietatibus3
900 4165 931 4221 et
955 4160 1127 4238 individua,
1177 4160 1264 4223 tione
1274 4162 1320 4238 ut,
1329 4181 1423 4242 quam
1433 4171 1555 4227 1111111111
1566 4169 1679 4226 vocant
1694 4183 1702 4224 ε
1717 4163 1757 4224 de
1779 4181 1845 4243 qua
1866 4163 1944 4225 libro

311 4274 317 4280 ·
361 4261 514 4326 quatenus
528 4248 637 4309 iisdem
655 4249 774 4325 affecta,
797 4256 828 4311 et
848 4252 935 4330 quasi
955 4251 1129 4314 modificata
1177 4254 1376 4317 antecedente
1388 4255 1464 4317 drxr

362 4338 541 4417 cogitationi
554 4345 670 4401 nostras
684 4341 859 4420 subjicitur.
1217 4345 1345 4408 Erudita
1358 4353 1403 4408 est
1414 4348 1474 4409 hac
1487 4347 1570 4409 dere
1584 4347 1720 4408 Anselmi
1734 4346 1943 4427 disputatioiu

401 4431 572 4492 Idemvero
582 4437 687 4511 postea
697 4434 860 4507 Rusticus,
889 4435 994 4497 aduae
1003 4438 1128 4499 Domini
1177 4436 1256 4498 libro
1275 4438 1313 4499 de
1327 4437 1542 4505 Imarnatione.
1562 4440 1662 4520 eapite
1680 4440 1791 4519 quinto
1805 4459 1814 4501 :
1830 4441 1866 4501 in
1882 4456 1941 4520 quo

363 4522 478 4582 Christi
491 4528 616 4584 naturas
631 4542 688 4586 nec
701 4543 883 4588 communes
896 4532 1042 4608 utrasque
1064 4548 1129 4591 esse
1177 4528 1261 4590 istud
1270 4531 1399 4610 exponit
1413 4549 1421 4589 ε
1443 4551 1459 4590 c
1473 4530 1558 4592 Sicut
1570 4531 1605 4591 in
1613 4532 1676 4593 Deo
1690 4549 1755 4592 una
1766 4536 1939 4605 namraed,

362 4613 446 4690 dicit,
476 4633 577 4694 neque
599 4615 774 4683 individuas
801 4619 878 4679 duas
894 4637 901 4678 :
917 4621 972 4681 sed
991 4620 1128 4683 divinam
1177 4620 1281 4700 plures
1294 4640 1444 4701 personae,
1461 4627 1493 4682 et
1507 4621 1612 4702 plures
1630 4641 1773 4702 personae
1787 4630 1863 4685 sunt
1881 4638 1941 4683 uua

362 4704 487 4783 quidem
501 4723 713 4785 communem,
727 4709 900 4771 humanam
918 4729 992 4772 vero
1013 4713 1129 4774 11111111-
1176 4718 1288 4774 natura
1303 4732 1311 4772 t
1327 4713 1370 4774 ita
1383 4715 1417 4774 in
1435 4714 1553 4775 Christo
1576 4732 1673 4775 unam
1692 4716 1862 4795 personam
1879 4730 1941 4777 csse

361 4796 500 4857 duam.»
1177 4803 1280 4883 pluras
1293 4811 1431 4883 naturas,
1455 4812 1487 4867 et
1504 4806 1608 4886 plures
1624 4813 1832 4869 uaturasesse
1848 4823 1941 4869 unam

311 4913 314 4919 >
401 4889 452 4949 lV.
472 4890 616 4951 leontius
637 4892 825 4972 Byzantinus
847 4892 967 4955 subtilis
989 4894 1128 4972 apprime
1176 4914 1383 4975 pesonam.»
1408 4898 1530 4978 Quippe
1556 4916 1649 4960 anon
1670 4898 1751 4959 alius
1777 4906 1826 4961 est
1852 4901 1939 4972 Deus,

360 4980 607 5061 theologus³,.ac
620 4984 832 5064 philosophus,
848 4986 881 5046 in
894 4985 973 5048 libro
991 4984 1128 5047 Salutio·
1176 4989 1255 5049 alius
1277 4989 1372 5050 homo
1397 4990 1432 5050 in
1457 4990 1579 5051 Christo
1601 5010 1608 5052 :
1628 4991 1771 5070 quamue
1795 4991 1881 5053 aliud
1901 4988 1941 5050 sit

359 5092 431 5133 1111111
451 5082 697 5155 argumentorum,
720 5072 834 5152 Severi,
863 5077 1028 5138 confirmat
1055 5076 1125 5153 hoc,
1176 5080 1268 5156 Deus,
1284 5081 1477 5142 aliudhomo
1494 5100 1501 5142 ε
1517 5081 1572 5143 sed
1592 5082 1676 5144 idem
1696 5083 1764 5162 ipse
1778 5089 1826 5144 est
1848 5084 1938 5155 bem,

360 5164 443 5243 quod
457 5166 532 5241 dixi,
547 5167 689 5227 eamdem
703 5186 768 5228 esse
778 5187 977 5231 communem
992 5174 1023 5230 et
1034 5170 1128 5248 purti-
1175 5172 1231 5251 qui
1244 5178 1275 5232 et
1287 5172 1394 5235 homo.
1410 5194 1425 5230 1
1442 5174 1524 5234 Tum
1542 5173 1581 5235 de
1594 5174 1845 5254 proprietatibus,
1865 5190 1940 5253 quas

361 5256 499 5318 cularem
513 5258 649 5319 hominis
667 5262 823 5321 naturam.
838 5262 916 5322 Nam
932 5262 1126 5341 percontanti
1177 5261 1344 5326 individuos
1358 5265 1532 5344 nominant,
1547 5274 1629 5329 recte
1642 5266 1686 5327 ita
1699 5266 1803 5346 pergit
1815 5265 1910 5328 dicere
1926 5282 1936 5325 :

386 5459 397 5503 l
412 5458 464 5515 Cap.
474 5470 506 5505 111
515 5464 537 5505 at
548 5460 630 5506 11⁹2
642 5459 702 5506 ‘lom
713 5461 740 5506 lV
751 5464 836 5509 aot-
846 5465 861 5508 a
873 5462 932 5509 lom.
944 5462 981 5518 IV,
991 5474 1040 5520 par.
1052 5463 1140 5512 118111.
