4078 6168
636 299 832 361 VlNOENTll
853 299 977 377 LENIS‚
1000 299 1087 362 ΟΑΡ.
1109 302 1164 362 VI.
1650 302 1689 363 97

118 463 326 537 almariam,
349 484 366 522 r
392 463 437 525 ita
461 463 636 545 respondet,
660 466 871 547 augustinum
925 466 1325 548 quamhonam,malamve
1345 464 1507 541 meritum3
1523 465 1691 540 inmitem,

118 557 195 637 loqui
207 558 245 618 de
268 556 432 619 necessitate
455 557 621 633 acacianis,
645 576 711 619 non
723 558 871 620 naturali.
924 566 979 623 aut
993 559 1181 641 vituperatio
1195 559 1395 639 consequitur
1414 564 1507 621 :tum
1529 559 1692 637 ejusmodi,

121 672 135 708 a
153 649 414 711 haesitaremus
434 650 596 728 neamalis,
611 649 726 730 inquit,
741 669 806 712 non
820 669 875 711 au·
924 659 961 714 ut
980 653 1067 714 illam
1086 653 1229 714 voluntas
1242 651 1377 713 hominis
1391 670 1547 728 marcens,
1569 668 1696 713 movere

117 743 169 804 lert
186 741 359 804 libertatem
380 742 558 803 voluntatis.
582 763 598 800 a
629 743 687 805 Hic
714 743 875 824 perspicua
925 745 1198 807 seliherodicatur
1214 764 1221 806 :
1239 744 1630 825 postremocujusdomina
1644 744 1694 820 sit,

118 849 230 896 unctus
248 835 357 895 doctor
379 834 542 896 libertatem
562 835 694 916 sumpsit
717 854 782 896 uon
800 854 884 916 pre-.
925 838 1110 918 etquamin
1131 842 1281 919 potestate
1303 837 1425 899 haheat.
1448 838 1510 898 Has
1523 837 1697 898 liberasso·

118 927 187 1007 pria,
201 932 232 988 et
252 932 386 1007 angusta
403 927 639 1004 significatione,
661 946 724 1007 qua
740 927 876 990 liberum
924 930 1052 991 luntatis
1063 929 1252 1010 actionisque
1266 928 1468 1007 conditiones,
1479 929 1506 990 si
1518 948 1557 991 ex
1569 928 1694 1008 Peripa·

118 1018 273 1081 arhiaium
285 1021 437 1100 designat,
453 1020 513 1082 hoc
526 1026 573 1083 est
585 1020 787 1096 voluntatem,
804 1039 875 1100 quae
925 1022 1026 1085 teticoe
1040 1021 1243 1102 philosophie
1254 1021 1447 1101 praescripto,
1466 1026 1498 1082 et
1511 1020 1696 1101 interpreta-

119 1111 486 1192 drmearersatur,quae
504 1114 634 1174 suntad
655 1112 764 1175 finem
791 1114 877 1174 Hanc
925 1114 1011 1176 tione
1038 1115 1071 1176 S.
1100 1115 1240 1188 Thomas,
1270 1114 1458 1195 replantator·
1489 1113 1573 1175 illins
1587 1132 1623 1174 ac
1636 1132 1696 1175 res-

119 1203 191 1266 anim
207 1223 281 1267 cum
303 1205 441 1267 naturali
461 1205 642 1267 necessitate
662 1224 813 1286 pugnare,
829 1223 878 1267 sa·
926 1206 1034 1268 titator
1054 1208 1262 1269 Mauneanus
1287 1206 1434 1283 admittit,
1458 1205 1538 1268 nihil
1562 1205 1600 1267 de
1623 1224 1698 1268 voce

118 1303 221 1375 quante
235 1293 368 1359 mticulo
388 1297 478 1359 docet
496 1317 503 1359 :
520 1303 588 1358 tum
606 1298 717 1360 eodem
736 1297 789 1359 illo
804 1297 878 1360 arti·
926 1299 1145 1381 pugnabimus.

118 1389 180 1451 culo
200 1389 303 1470 primo
316 1390 353 1450 in
375 1408 510 1471 corpore,
531 1395 568 1451 ut
585 1396 706 1466 vocant,
734 1390 880 1471 explanat
968 1393 1030 1454 Sed
1043 1397 1130 1454 unta
1154 1392 1297 1454 videlicet
1316 1391 1452 1453 hominis
1471 1390 1558 1452 istius
1576 1390 1609 1451 in
1623 1391 1700 1452 scri·

118 1500 172 1560 qao
196 1500 289 1543 sensa
313 1487 448 1562 acceptae
471 1481 612 1543 libertati
635 1501 700 1544 non
725 1488 880 1563 repugnat
930 1484 1032 1546 hendo
1046 1486 1257 1567 ιπροσιξιαιιιιι,
1273 1490 1309 1546 ut
1331 1502 1403 1546 cum
1421 1483 1562 1545 assentiri
1575 1502 1608 1545 se
1621 1483 1700 1544 utri·
1734 1505 1862 1572 napea-

119 1573 452 1650 naturalisneeessitas3
466 1575 878 1655 actalemexprimitrolun-
929 1596 1000 1657 que,
1013 1577 1222 1657 Peripateticae
1235 1576 1406 1654 scholae,ac
1421 1577 1594 1638 Ssslhomae
1605 1575 1701 1655 Aqui·
1777 1563 1818 1607 Μ

118 1666 180 1726 tatis
190 1666 359 1744 actionem,
374 1686 442 1748 qaoe
457 1666 694 1730 iatoerctaltimo
706 1666 765 1748 fiai
773 1684 787 1743 ;
796 1667 880 1747 quod
929 1670 996 1731 nati
1015 1670 1170 1750 professus
1181 1675 1269 1743 esset,
1284 1669 1346 1731 uhi
1358 1669 1397 1729 ad
1410 1686 1479 1730 rem
1491 1675 1622 1730 ventum
1642 1674 1698 1744 cst,

119 1776 151 1819 ea
169 1759 334 1821 aeoeuitate
349 1759 449 1821 iacere
468 1760 554 1821 illam
572 1760 616 1821 ait
632 1781 640 1820 ε
659 1782 675 1820 ι
694 1760 773 1821 sicut
784 1760 879 1822 intel-
929 1763 979 1824 vel
992 1763 1110 1824 nescire
1125 1781 1157 1825 se
1180 1764 1249 1842 quis
1264 1763 1391 1824 illorum
1405 1779 1512 1823 sensus
1536 1761 1588 1838 sit,
1611 1760 1661 1822 vel
1672 1760 1701 1822 ei

119 1849 206 1911 lectus
219 1869 258 1912 ax
280 1852 465 1914 necessitate
490 1853 622 1914 inhaeret
639 1853 747 1933 primis
769 1851 883 1933 princi·
931 1854 1034 1916 dedita
1048 1874 1142 1936 opera
1153 1855 1312 1934 refragari,
1327 1874 1363 1917 ac
1376 1854 1524 1916 scientem
1533 1854 1703 1915 volentem·

120 1942 179 2022 piis
195 1943 277 2005 Finis
291 1945 381 2006 enim
395 1963 427 2006 se
440 1944 534 2006 habet
551 1945 586 2006 in
602 1944 778 2026 operativis,
803 1944 883 2006 sicut
931 1965 993 2026 que
1005 1948 1130 2009 mentiri
1145 1947 1251 2027 palam
1266 1946 1443 2008 ostenderit.
1471 1945 1535 2005 Hor.
1549 1963 1614 2005 non
1627 1945 1703 2006 talso

121 2035 295 2116 principium
315 2037 349 2098 in
370 2038 576 2118 speculativis,
598 2043 635 2098 ut
657 2037 769 2099 dicitur
781 2038 816 2099 in
838 2056 883 2099 se·
932 2058 1011 2102 ame
1025 2058 1090 2102 esse
1112 2040 1229 2102 dictum
1242 2039 1329 2101 facilc
1352 2040 1379 2100 is
1400 2037 1635 2113 animadvertet,
1649 2037 1705 2117 qui

121 2127 883 2210 cundoPitysimram¹.uUtigiturnonnecassario
932 2149 1004 2193 cum
1019 2133 1183 2212 'superiore
1201 2132 1307 2193 liberae
1332 2129 1500 2192 voluntatis
1518 2128 1653 2190 formula
1666 2148 1706 2191 ex

121 2220 253 2283 omnibns
284 2222 457 2284 assentitur
478 2221 663 2299 intellectus,
694 2223 748 2285 scd
775 2223 885 2303 primis
934 2225 966 2286 S.
996 2224 1119 2286 Thema
1140 2225 1336 2305 potissimum
1363 2223 1513 2300 contecta,
1539 2223 1707 2285 contendat

122 2310 260 2375 duntaxat
278 2314 457 2395 principiis,
470 2320 698 2376 caeteraautem
712 2333 833 2396 quceex
846 2315 885 2375 iis
933 2315 999 2390 illa,
1024 2336 1095 2398 quae
1117 2318 1156 2379 de
1179 2318 1291 2379 codam
1315 2330 1499 2395 argumento
1523 2314 1706 2376 Vincentius

123 2412 292 2483 sequuntur,
310 2406 522 2468 ratiocinando
532 2407 648 2487 colligit
660 2426 668 2467 ι
681 2407 723 2468 sic
741 2407 884 2468 voluutas
933 2409 1123 2471 totoinlihro
1132 2428 1189 2471 suo
1200 2410 1378 2490 disputavit..
1393 2407 1528 2483 Quinam
1537 2407 1632 2486 igitur
1638 2406 1708 2468 fons

123 2495 256 2558 inscium
269 2498 373 2560 finem
385 2498 534 2560 ultimum
553 2499 689 2560 naturali
705 2500 884 2562 necessitate
935 2507 981 2562 est
991 2501 1066 2563 honi
1079 2502 1215 2581 malique
1233 2502 1358 2564 meriti?
1377 2501 1549 2562 Audiamus
1575 2499 1652 2579 quid
1670 2498 1709 2560 da

123 2586 226 2665 fartim
244 2590 278 2651 in
299 2609 340 2652 ea
356 2609 445 2669 vero,
469 2609 539 2671 quea
559 2592 714 2654 adfinem
733 2597 881 2672 spectant,
936 2592 1518 2675 comnotusilledoetorpraescribatta
1535 2593 1706 2666 creatura,

124 2698 180 2742 ron
198 2683 385 2760 necessario,
410 2684 465 2745 sed
478 2684 575 2745 libera
589 2684 716 2746 arbit1io
730 2690 884 2746 movetur.
935 2687 1039 2767 inquit
1047 2685 1070 2761 ³,
1085 2687 1381 2766 rationalisseipsam
1387 2690 1493 2746 movet
1505 2684 1710 2764 adagendum

125 2774 166 2835 lta
179 2775 209 2836 S.
229 2777 371 2838 Thomas
388 2796 395 2836 :
412 2794 452 2838 cx
465 2776 578 2856 quihus
595 2776 727 2838 efficitur
742 2775 887 2838 libertatis
936 2798 992 2859 per
1005 2779 1139 2842 liberum
1152 2780 1316 2841 arbitrium
1338 2798 1345 2837 :
1365 2775 1450 2840 Unde
1463 2795 1517 2837 scta
1530 2776 1608 2837 actio
1623 2776 1709 2837 tabet

125 2884 240 2945 nomem
253 2869 344 2948 quod
356 2868 530 2930 necessitati
538 2887 602 2930 non
613 2887 786 2950 repugnare
800 2868 886 2945 dicit,
937 2871 1082 2934 rationem
1095 2872 1208 2933 matti.
1224 2892 1240 2929 r
1266 2869 1368 2933 Mariti
1382 2886 1455 2948 ergo
1472 2868 1552 2929 ratio
1566 2886 1605 2929 ex
1619 2868 1711 2930 liberi

126 2977 182 3019 non
192 2978 256 3021 esse
266 2960 409 3022 liberum
423 2959 601 3034 arbitrium,
617 2962 670 3022 sed
683 2962 886 3035 voluntatem,
937 2963 1060 3026 arbitrii
1076 2965 1197 3026 aedona
1210 2963 1335 3043 petitam
1353 2963 1418 3024 Hoc
1437 2965 1543 3022 autem
1563 2959 1709 3022 avolan-

126 3057 299 3130 quanatura
313 3061 370 3129 est,
394 3052 448 3115 vel
461 3052 632 3115 secundum
641 3053 764 3134 generis
784 3052 888 3115 notio-
937 3061 1001 3118 tate
1014 3056 1196 3136 simpliciter
1219 3060 1352 3135 sumpta,
1380 3059 1411 3115 et
1423 3072 1463 3115 ex
1475 3053 1659 3117 necessitate
1672 3054 1710 3115 fi-

127 3145 276 3206 namsia
303 3145 393 3206 enim
419 3144 553 3221 homini,
581 3164 647 3208 non
673 3145 800 3226 praeeise
827 3163 890 3225 qua
938 3166 1013 3210 nem
1039 3153 1204 3229 appetente
1222 3147 1436 3226 distinguitis,
1460 3146 1572 3207 eodem
1585 3151 1712 3208 auctore

127 3236 277 3299 ruioualis
306 3241 366 3314 ast,
385 3256 481 3299 sensas
508 3256 610 3319 expers
630 3239 796 3320 opponitur
816 3237 891 3299 :sad
940 3242 972 3302 S.
988 3240 1119 3302 Thema.
1136 3239 1263 3301 Idemin
1272 3239 1401 3300 articulo
1410 3243 1520 3319 quarto
1531 3238 1713 3317 questionis

128 3328 381 3406 neemanimal.
940 3332 1024 3393 illius
1050 3332 1227 3394 centesimae
1259 3330 1385 3392 decimae
1419 3334 1551 3409 quarte,
1582 3329 1716 3392 mendi

162 3419 239 3483 illias
249 3441 332 3485 vero
346 3421 431 3483 idem
440 3420 532 3484 libari
540 3439 649 3484 vocem
657 3422 792 3502 pressius
805 3439 895 3484 usur·
942 3423 1088 3487 rationem
1100 3422 1218 3503 duplici
1232 3441 1270 3483 ex
1282 3423 1368 3483 fonte
1381 3421 1532 3502 proficisci
1546 3421 1601 3498 ait,
1612 3422 1715 3502 primo

129 3518 184 3590 pat,
198 3520 232 3575 ut
245 3515 286 3576 sit
301 3515 400 3576 solius
422 3514 546 3576 arbitrii
558 3513 654 3588 liberi,
670 3520 787 3577 etcum
800 3520 893 3575 natu-
944 3534 983 3578 ex
995 3516 1101 3577 divina
1117 3514 1326 3590 ordinatione3
1346 3514 1481 3576 secundo
1503 3531 1542 3574 ex
1554 3512 1655 3576 libero
1668 3533 1717 3577 ar·

130 3605 180 3666 rali
201 3608 386 3668 necessitate
412 3612 539 3688 pugnet.
568 3607 616 3668 Ita
638 3607 775 3668 enimin
797 3605 895 3687 priori
944 3608 1049 3682 bitrio,
1068 3629 1083 3666 a
1106 3607 1294 3686 inquantum
1307 3605 1424 3667 scilicet
1442 3605 1537 3667 homo
1550 3606 1717 3686 habetprae

132 3697 892 3779 eeundoeparte²,quaestionexu1,articulosexto;
946 3700 1065 3762 caeteris
1088 3698 1236 3760 creaturis
1257 3704 1295 3759 ut
1314 3716 1369 3776 per
1398 3715 1431 3759 se
1453 3703 1524 3778 agat
1542 3698 1718 3760 voluntarie

16 3824 17 3827 =
134 3787 271 3853 uhiillud
284 3788 430 3870 inquirit,
446 3796 552 3853 utrum
565 3789 897 3853 homoexnecessitate
946 3810 1053 3873 agens.
1069 3813 1084 3851 r
1102 3791 1322 3854 Voluntarium
1336 3790 1523 3870 porroistud
1537 3808 1603 3852 non
1616 3789 1720 3870 quale·

134 3880 228 3962 eligat,
245 3902 286 3945 an
301 3883 893 3964 libere:respondetqueliberceligere,
948 3903 1091 3965 cumque,
1112 3885 1167 3946 sed
1180 3882 1350 3964 perfectum
1374 3900 1450 3956 esse,
1473 3882 1664 3942 demonstrat
1685 3881 1720 3943 in

16 4048 17 4051 Ἴ
134 3990 192 4034 non
202 3994 240 4036 cr
251 3972 447 4036 necessitate.
460 3974 681 4037 Necessitatem
694 3981 800 4037 autem
810 3981 900 4037 natu-
948 3978 1117 4059 quaestione
1144 3981 1230 4037 sexta
1253 3974 1349 4055 partis
1378 3973 1535 4052 ejusdem3
1564 3978 1721 4055 utsupra

16 4066 17 4079 ²
134 4066 222 4128 talem
235 4067 396 4146 intelligit,
412 4066 587 4146 cujusmodi
600 4073 646 4129 est
655 4086 703 4145 aa,
715 4086 777 4149 qua
788 4068 900 4132 volun·
949 4071 1048 4151 capite
1060 4069 1152 4131 tertio
1166 4067 1317 4130 diximus:
1330 4066 1505 4145 cujusmodi
1516 4065 1631 4128 scilicet
1641 4067 1722 4130 circa

135 4162 176 4217 tas
195 4158 290 4221 finem
315 4158 477 4233 ultimum,
500 4159 564 4221 sive
585 4159 756 4239 perlectum
780 4160 902 4221 bonum
950 4167 1150 4234 earerntur,
1166 4179 1237 4241 quac
1249 4160 1289 4221 ad
1311 4159 1407 4221 finem
1421 4159 1510 4220 utilia
1528 4165 1611 4237 sunt,
1628 4166 1664 4221 ut
1685 4178 1723 4222 ea

137 4251 253 4330 appetit.
269 4253 356 4331 Ergo
377 4251 503 4313 libertas
530 4251 605 4313 huic
625 4270 665 4314 ex
684 4253 812 4315 adverso
836 4269 901 4314 res-
950 4256 1001 4318 vel
1013 4253 1377 4334 adsciscatvelrespuat.
1395 4253 1496 4332 Atque
1511 4252 1572 4313 hoe
1584 4270 1624 4313 ex
1646 4251 1722 4313 arti·

137 4344 280 4420 pendens,
304 4344 391 4406 idem
414 4350 460 4405 est
485 4362 559 4405 cum
582 4343 681 4407 libero
708 4345 850 4419 arbitrio,
872 4352 904 4407 et
951 4348 1021 4411 culo
1035 4353 1121 4408 sexte
1135 4345 1315 4426 questionis
1339 4344 1422 4405 illius
1444 4343 1639 4423 intelligitur,
1666 4344 1723 4406 uhi

136 4433 209 4496 (isca
226 4454 265 4498 ea
282 4441 437 4511 versatur,
460 4454 531 4517 quae
546 4434 711 4517 possibilia,
738 4442 770 4498 et
790 4437 901 4499 contiu-
953 4440 1063 4503 eadem
1079 4438 1142 4499 duo
1156 4437 1259 4499 meriti
1272 4435 1424 4517 principia
1437 4435 1608 4511 declarans,
1624 4436 1663 4498 de
1677 4454 1723 4500 se·

136 4526 227 4604 paura
253 4534 357 4605 vocat,
379 4546 511 4609 quaeque
528 4528 629 4605 velle,
658 4533 712 4589 aut
734 4547 798 4591 non
825 4530 904 4592 velle
954 4530 1056 4593 cundo
1069 4529 1209 4608 loquitur
1222 4527 1283 4588 sio:
1304 4528 1402 4588 «auo
1416 4528 1510 4589 modo
1528 4527 1623 4591 habet
1631 4529 1725 4591 ratio

137 4623 248 4695 potest3
264 4620 328 4682 hoc
343 4626 389 4681 est
403 4625 559 4701 appatere,
574 4619 625 4681 vel
637 4620 755 4699 lagare.
954 4641 1028 4686 nem
1047 4621 1163 4698 meriti,
1186 4620 1359 4682 meandum
1380 4621 1464 4699 quod
1487 4623 1626 4701 procedit
1638 4640 1678 4684 ex
1689 4622 1726 4683 li·

86 4764 91 4774 .
173 4709 224 4771 Ill.
234 4711 448 4786 Quamobrem
455 4729 528 4774 cum
536 4711 577 4772 sit
587 4710 735 4792 ambigua
744 4710 904 4790 citeriora,
954 4715 1029 4778 hero
1049 4713 1188 4789 arbitrio,
1204 4713 1238 4773 in
1252 4717 1406 4793 quantum
1418 4712 1594 4776 voluntarie
1608 4715 1725 4795 aliquid

22 4760 122 4865 *trufis
140 4804 172 4859 ut
191 4807 221 4863 et
245 4803 431 4880 calamati&
458 4802 545 4865 liberi
572 4803 661 4877 item,
683 4810 714 4865 ct
741 4803 907 4867 veteraria·
955 4807 1096 4869 tacimus.
1111 4826 1128 4863 a
1144 4805 1224 4883 Ergo
1236 4803 1439 4866 voluntarium
1452 4805 1530 4867 illud
1543 4806 1583 4867 ad
1592 4807 1727 4870 liberum

22 4870 906 4977 1ιβῶιιιςιιιιιιιιῳιιιοιιιιιιιιιοιιιιιιι,ιιιενιροιιιιε
958 4898 1122 4960 acimum
1136 4897 1280 4976 pertinet,
1296 4896 1596 4977 squamatum.

143 4983 257 5047 mittite·
287 4987 541 5068 usurpandavax
567 4993 630 5064 est;
645 4994 803 5068 praeeunte
822 5006 907 5065 sanc,
996 4991 1051 5051 IV.
1074 4989 1145 5049 Non
1170 4988 1277 5051 minus
1299 4988 1333 5049 id
1346 5006 1386 5049 ex
1408 4989 1470 5050 alio
1483 4989 1551 5052 loco
1564 4989 1726 5067 ‘constat⁴;

16 5130 18 5143 .
143 5073 254 5139 Thema
270 5098 278 5139 :
295 5084 351 5140 aut
362 5079 389 5139 si
403 5077 755 5141 libertatisnomenadeo
766 5079 906 5156 delectat
958 5081 1014 5145 ubi
1028 5082 1190 5161 quaritur,
1212 5100 1254 5143 an
1273 5079 1390 5143 credere
1412 5082 1451 5142 sit
1468 5083 1651 5145 meritoriam
1667 5101 1730 5145 :ex

145 5184 179 5228 ea
191 5176 270 5251 cene
299 5170 402 5234 liberae
425 5170 588 5233 voluntatis
610 5172 803 5254 intelligatur
816 5172 907 5253 acuo,
959 5192 1022 5255 quo
1037 5174 1075 5235 de
1089 5174 1213 5251 merito,
1226 5180 1259 5236 et
1272 5173 1339 5253 ejus
1352 5192 1445 5237 causa
1458 5175 1622 5253 disserens,
1643 5175 1729 5237 ‹ac-

16 5334 18 5421 i
172 5360 182 5406 ι
195 5362 288 5421 ursa.
299 5371 341 5409 ιιι.
354 5363 441 5410 u.-s
455 5364 479 5409 n
489 5365 507 5418 t,
517 5364 544 5419 u.
558 5375 596 5421 qu.
608 5375 657 5418 xm,
667 5375 688 5410 a.
699 5364 746 5411 tu
757 5364 870 5422 corp-s
882 5364 907 5410 in
920 5363 939 5417 1,
950 5362 979 5418 ιι,
991 5376 1014 5420 q.
1025 5374 1082 5419 arv,
1095 5376 1116 5411 a.
1129 5364 1199 5410 1.-t
1213 5364 1264 5418 lul,
1279 5364 1307 5414 u.
1321 5379 1343 5423 q.
1352 5377 1369 5419 ι,
1381 5379 1401 5412 a.
1416 5366 1437 5411 s.

16 5434 18 5519 i
301 5445 377 5508 Tou.
400 5444 438 5506 V.
1592 5446 1611 5506 7

16 5554 18 5589 l
