4072 6164
554 347 605 408 llE
623 342 928 420 mensuramus,
950 343 1021 406 us.
1042 345 1097 421 lV,
1124 343 1211 407 ete.
1231 345 1287 406 XI.
1655 343 1715 405 sss

124 517 246 589 mento,
260 529 336 577 cum
347 502 451 575 Verbo
463 511 558 577 fuisse
568 511 782 590 conjunctum.
796 526 899 589 neque
948 510 1150 571 enimrorum
1170 516 1285 571 natura
1309 509 1437 590 patitur,
1453 508 1648 571 individuam
1661 495 1716 570 ari·

125 604 302 684 simplicem
348 622 489 684 unquam
532 603 696 667 hominem
735 602 897 665 exstitisse.
948 620 1043 680 quam
1056 603 1185 664 existere
1208 603 1422 675 substantiam,
1442 620 1513 680 quoe
1526 620 1592 662 non
1607 602 1719 662 subsis-

129 697 324 776 chnceptte
337 695 484 760 nimirum
510 696 545 759 in
567 701 657 759 utero
682 694 833 774 Virginis,
856 686 900 755 ait
947 695 1033 755 tendi
1047 696 1176 756 modum
1190 695 1313 770 habeat,
1329 690 1466 775 adeoque
1481 694 1521 755 sit
1531 693 1715 771 hypostasis,

126 790 243 851 Petrus
259 786 434 864 romanu,
453 787 567 852 animas
594 787 689 849 simul
710 792 742 848 ct
757 786 844 847 carui
859 803 899 846 ue
948 792 1032 847 utne
1046 788 1115 865 quis
1125 787 1266 866 perbrevi
1276 786 1380 865 aliquo
1390 785 1719 859 intervallo,naturam

124 884 246 961 puncto
259 880 386 961 quidem
397 879 546 959 temporis
556 880 656 941 virtus
670 877 768 940 defmt
780 876 896 948 Verbi,
949 878 1083 939 hominis
1116 879 1268 939 exstantia
1302 878 1388 951 sola,
1425 877 1492 938 sine
1525 875 1719 954 hypostatica

124 989 183 1033 nec
207 977 301 1035 antea
317 970 466 1043 formata,
502 971 553 1033 vei
577 971 716 1032 animate
737 974 783 1031 est
807 967 901 1029 vestis
949 971 1152 1049 proprietate,
1181 962 1345 1050 praeditam
1368 967 1459 1029 fuisse
1481 968 1605 1047 cogitet,
1634 967 1717 1046 quad

123 1082 224 1143 quam
245 1063 305 1125 sibi
322 1064 388 1125 Rex
413 1081 566 1142 supernus
587 1063 750 1137 indueret,
765 1060 819 1123 sed
844 1077 899 1139 per
947 1062 1077 1122 omuino
1111 1060 1179 1124 fieri
1209 1081 1275 1123 non
1305 1065 1416 1140 potest.
1449 1059 1509 1120 Sed
1536 1060 1574 1119 de
1598 1057 1657 1119 hae
1683 1076 1717 1118 re

123 1156 245 1235 ipsum,
261 1160 292 1219 et
304 1154 417 1235 inipso
431 1155 524 1235 coepit
534 1155 611 1216 illud
625 1151 900 1232 humanieorporis
948 1159 1064 1231 postea,
1080 1171 1153 1215 aum
1175 1154 1214 1215 de
1229 1152 1351 1214 'Christi
1373 1151 1567 1212 humanitate
1590 1149 1718 1211 seorsim

122 1246 292 1325 templum,
319 1247 404 1325 quod
426 1246 484 1309 sihi
508 1247 563 1307 bei
587 1245 670 1307 tilius
696 1244 900 1307 essentialiter
948 1263 1087 1325 agemus.

123 1339 281 1403 muniret.
304 1358 320 1396 ο
340 1337 401 1401 Ubi
413 1337 608 1401 euemiuliter
629 1337 713 1399 idem
727 1343 773 1397 est
786 1354 821 1397 ac
834 1336 900 1397 sub·
989 1339 1124 1417 Reliqua
1150 1344 1197 1398 est
1221 1344 1356 1412 ἐπίστασις,
1387 1341 1480 1414 atque
1507 1334 1601 1394 etiam
1624 1349 1716 1411 argu·
1751 1354 1882 1406 sume,

123 1431 269 1508 similive,
285 1430 370 1510 quod
384 1430 484 1491 Greci
498 1430 606 1493 dicunt
619 1436 760 1502 οὗσιωδῶς,
775 1428 835 1490 boc
855 1432 901 1489 est
949 1432 1098 1491 mentatio
1128 1430 1225 1490 saneti
1249 1426 1433 1508 Epiphanii:
1466 1426 1521 1505 qui
1547 1426 1718 1486 humanam
1752 1448 1807 1493 ram
1820 1452 1880 1495 ,pud

124 1541 194 1585 non
221 1541 261 1587 ea
284 1520 437 1596 resumi,
461 1522 514 1583 sed
534 1521 669 1602 propria,
687 1520 902 1582 etarctissime
950 1521 1061 1582 Christi
1079 1527 1224 1583 naturam
1248 1539 1312 1581 non
1336 1520 1422 1599 prius
1446 1517 1608 1590 exstitisse,
1624 1535 1719 1597 quam
1743 1514 1876 1612 Epipffim

126 1613 361 1694 conjunctione,
390 1632 460 1693 quse
484 1631 585 1675 unum
611 1631 666 1691 per
688 1630 766 1687 sese,
795 1611 829 1673 id
855 1618 901 1672 est
950 1620 1137 1694 assumptam
1154 1613 1289 1674 aVerbo
1310 1612 1403 1673 fuisse
1418 1630 1455 1671 ex
1470 1608 1634 1689 Eonupelii
1650 1610 1719 1670 loeo

126 1725 228 1769 unum
244 1705 438 1785 hypostasim
454 1705 574 1769 efficiat.
593 1704 696 1769 Utitur
710 1708 741 1767 et
752 1703 901 1765 Paulinus
949 1706 1014 1783 illo,
1037 1705 1156 1768 Verbum
1168 1725 1234 1767 raro
1247 1707 1434 1786 factumest,
1450 1709 1532 1764 recte
1549 1700 1717 1781 approbat,

127 1797 339 1878 Aquileiensis
373 1797 482 1861 eedem
513 1815 590 1860 τοτε
619 1797 654 1857 in
689 1796 792 1877 primo
821 1794 901 1856 libro
951 1816 988 1861 eo
1008 1800 1092 1877 quod
1111 1798 1250 1859 Verbum
1274 1798 1376 1878 prima
1399 1797 1467 1858 loeo
1489 1794 1624 1875 positum
1652 1800 1718 1855 est:

127 1889 268 1953 adsersus
281 1887 434 1953 Felicem.
453 1887 650 1964 «Quoniam,
664 1887 781 1967 inquit,
798 1904 902 1948 cuma
951 1909 1016 1952 nou
1029 1891 1106 1951 item
1119 1908 1201 1967 caro,
1216 1896 1252 1950 ut
1266 1890 1309 1950 ita
1332 1890 1529 1968 loqueretur:
1553 1884 1629 1946 Coro
1649 1884 1719 1946 Ver-

128 2001 205 2044 rero
219 1982 276 2043 Dei
290 1981 367 2056 iilia,
382 1985 413 2041 ct
424 1998 500 2049 uero
510 1981 574 2042 Deo
584 1980 786 2043 essentialiter
795 1980 828 2039 in
841 1979 904 2040 sin-
953 1981 1020 2043 bum
1042 1984 1126 2062 sueto
1152 1990 1204 2043 est.
1227 1983 1294 2043 Ηοε
1316 1982 1400 2043 euim
1426 1981 1520 2041 modo
1543 1986 1720 2061 ἣπροοπαρξις
1745 2025 1892 2072 mm

128 2074 296 2155 gimeitate
319 2090 476 2152 perseum,
496 2071 568 2135 licet
588 2070 845 2134 inconfusibiliter
865 2071 904 2131 sit
952 2075 1053 2135 cernis
1066 2072 1558 2152 indicaretur.Epipbauiiverba,
1573 2074 1721 2153 quianon
1797 2078 1837 2123 ua.

130 2171 309 2245 assumptus
326 2165 433 2237 homo,
453 2181 545 2225 verus
562 2163 618 2225 Dei
631 2163 737 2237 Filius,
759 2169 790 2225 et
811 2180 905 2223 verus
953 2165 1085 2244 simplici
1104 2166 1302 2237 auctoritate,
1323 2166 1541 2227 verumetiam
1556 2164 1721 2227 ratiocina-

130 2261 226 2335 Deus,
241 2256 358 2336 absque
372 2255 436 2317 ulla
450 2253 616 2318 dubietatis
629 2253 818 2334 palpatione,
833 2272 903 2315 ere·
953 2259 1315 2319 tioneoausamnostram
1325 2256 1482 2334 adjuvant,
1492 2258 1524 2318 iu
1534 2263 1723 2337 postremam

130 2350 228 2421 ditur,
244 2348 471 2411 sinuaretur.»
955 2350 1052 2410 aciem
1079 2353 1233 2409 reservata
1257 2349 1300 2409 sie
1318 2366 1350 2408 se
1367 2348 1495 2409 habent.
1514 2350 1611 2410 «Non
1631 2347 1723 2408 habe·

171 2440 405 2521 Hildephousus
431 2457 556 2518 qaoque
583 2436 749 2501 Toletanus
774 2437 905 2499 Archia·
954 2458 1035 2516 mus,
1050 2440 1163 2519 inquit,
1175 2440 1335 2501 hominem
1350 2439 1513 2518 ejusmodi,
1529 2442 1584 2521 qui
1599 2441 1638 2501 ad
1651 2457 1723 2518 pro-

132 2534 277 2615 piscopus
298 2531 379 2593 libro
393 2528 427 2593 de
441 2536 587 2611 perpetue
613 2528 789 2609 uirpiuitote
809 2534 904 2590 suaet.
954 2538 1077 2593 vectum
1091 2532 1259 2593 divinitatis
1271 2532 1406 2592 venerit:
1424 2532 1477 2593 sed
1496 2534 1615 2609 Deum,
1640 2532 1724 2611 quie

134 2622 667 2702 ltors'ce’,ut2hristus,inquit,Deus,
678 2620 906 2700 quinuuquam
956 2625 1034 2685 coslo
1043 2623 1286 2698 descendit,etiu
1297 2624 1432 2703 seipsum
1446 2643 1533 2685 suam
1548 2625 1606 2686 sihi
1616 2624 1726 2685 huma-

135 2737 201 2783 non
210 2717 327 2792 fuit,ex
338 2734 401 2795 quo
414 2715 509 2777 homo
521 2714 621 2776 faetus
630 2718 907 2793 est,etassumptus
956 2716 1096 2789 nitatem,
1112 2733 1169 2793 pro
1184 2733 1220 2775 eo
1234 2733 1269 2775 aa
1283 2722 1392 2794 potens
1412 2722 1458 2776 est
1470 2716 1565 2794 ipsius
1578 2716 1725 2777 divimtas

135 2812 167 2871 in
182 2807 314 2870 ueritate
331 2825 484 2887 personas,
498 2823 620 2886 semper
634 2805 764 2879 mansit,
787 2810 818 2865 et
835 2822 906 2883 per·
957 2806 1086 2869 effinxit.
1129 2806 1398 2880 Quemadmodum
1431 2807 1589 2887 Scriptura
1630 2807 1723 2867 dicit:

135 2906 245 2965 mauet
263 2917 357 2963 verus
374 2900 455 2961 Deus
473 2898 588 2963 homo:
612 2915 677 2958 uon
692 2896 755 2957 duo
768 2896 906 2975 quidem,
963 2896 1087 2959 Verbum
1113 2897 1320 2978 sorsfactum
1348 2905 1398 2958 est.
1429 2898 1501 2958 ideo
1522 2899 1608 2959 enim
1628 2897 1723 2973 dixit3

136 3001 172 3056 ut
182 2998 264 3055 esset
275 2991 353 3054 alter
370 2993 466 3063 Deus,
491 2995 522 3051 et
534 2989 613 3050 alter
624 2988 741 3049 homo:
758 2988 810 3048 sed
825 3005 908 3048 unus
957 2991 1095 3051 Verbum
1108 3009 1179 3050 caro
1198 2989 1314 3049 factum
1342 2994 1398 3061 est,
1420 3007 1462 3050 ne
1482 2990 1578 3069 aliqui
1597 2989 1726 3050 forsitan

135 3085 283 3163 idemque
299 3084 378 3144 Deus
391 3082 573 3143 ethome.»
957 3085 1071 3164 putent
1113 3082 1250 3160 primum
1288 3079 1436 3141 exstitisse
1472 3081 1651 3155 hominem,
1692 3080 1727 3140 in

178 3178 234 3238 lX.
258 3176 304 3237 Ex
330 3192 392 3253 quo
428 3171 643 3233 firmissimum
678 3169 784 3231 existit
812 3187 908 3248 argu·
958 3191 1092 3252 eumque
1115 3178 1221 3252 postea
1246 3173 1365 3232 reabse
1400 3160 1567 3234 Christum.
1610 3172 1727 3234 Idcirco

46 3314 51 3355 i
137 3272 294 3339 mentum,
323 3283 389 3327 non
412 3263 464 3326 vel
485 3262 678 3342 aliquantulo
706 3262 803 3340 spatio
826 3268 910 3322 ante·
958 3272 1101 3329 sanctum
1112 3264 1428 3342 Evangeliumprimo
1441 3265 1509 3325 loco
1523 3264 1661 3325 Verbum
1675 3282 1727 3343 po-

137 3377 236 3440 quam
268 3375 341 3420 cum
371 3356 474 3417 Verbo
504 3355 708 3432 jungeretur,
739 3357 910 3431 separatam
960 3359 1037 3431 suit;
1065 3356 1177 3417 deinde
1205 3357 1247 3415 ita
1274 3355 1312 3413 de
1338 3373 1432 3415 carne
1462 3355 1633 3433 professum
1660 3362 1725 3430 τοῖς

61 3441 99 3513 .’
138 3450 291 3514 erstiusse
324 3452 469 3509 naturam
488 3445 641 3518 homiuis;
678 3444 761 3524 quod
795 3443 910 3523 alioqui
960 3449 1099 3512 Verbum
1126 3464 1197 3506 caro
1219 3446 1335 3506 factum
1363 3451 1419 3506 est.
1441 3447 1510 3506 Non
1530 3447 1615 3508 enim
1637 3446 1725 3521 dixit,

137 3544 226 3607 uirile
259 3539 413 3618 ejusmodi
444 3538 511 3599 fieri
543 3536 695 3615 potuisset
726 3542 909 3596 naturarum
962 3544 1040 3604 Caro
1059 3538 1197 3599 Verbum
1216 3537 1295 3597 faeta
1322 3543 1384 3598 eat:
1409 3543 1445 3597 ut
1467 3539 1642 3599 ostenderet
1662 3538 1726 3617 pri·

138 3636 252 3697 unitio.
268 3633 387 3711 Quippe
407 3648 447 3691 ex
460 3628 582 3691 duobus
595 3627 728 3707 perfecte
741 3626 910 3688 subsisten·
959 3650 1049 3696 mum
1062 3629 1228 3690 Verbume
1246 3629 1324 3688 ooelo
1346 3629 1481 3706 venisse,
1500 3631 1577 3690 etin
1591 3629 1728 3709 seipsum

136 3728 243 3801 tibus,
269 3725 328 3785 hcc
354 3728 401 3783 est
428 3717 647 3802 hypostasibus,
675 3719 738 3779 sive
762 3719 909 3797 persorris,
960 3741 1085 3786 earnem
1104 3740 1121 3782 e
1141 3725 1255 3780 sancite
1269 3721 1407 3799 Virginis
1425 3728 1514 3782 utero
1533 3739 1726 3802 procreasse:

136 3834 240 3883 unum
262 3834 318 3895 per
347 3831 416 3875 sese
440 3812 508 3875 fieri
534 3811 661 3890 nequit,
688 3810 749 3871 nisi
777 3809 911 3872 alterum
960 3825 1053 3896 atque
1077 3830 1203 3874 omnem
1216 3811 1350 3891 perfecte
1370 3818 1517 3873 naturam
1538 3812 1672 3872 hominis
1694 3812 1727 3871 iu

136 3913 342 3981 immutetur,
375 3912 407 3966 et
439 3921 513 3966 cum
546 3903 643 3963 altero
677 3902 908 3963 confundatur:
961 3910 1096 3988 seipsum
1110 3907 1326 3967 formassar.»

136 3998 407 4082 quemadmodum
415 4013 504 4074 aqua
518 3993 599 4055 stilla
610 3992 645 4052 iu
653 3992 719 4053 vini
728 3993 911 4071 amphoram

136 4092 336 4168 infusaboc,
347 4087 618 4169 quadamtenus,
632 4084 828 4145 essedasinit.
845 4085 911 4146 Hoc

136 4190 246 4247 autem
272 4187 417 4243 neutram
439 4176 474 4238 in
500 4174 704 4238 substantiam
729 4192 849 4250 earum,
873 4193 911 4236 ex

62 4317 86 4359 ·.
138 4277 255 4357 quibus
265 4277 387 4335 constat
400 4269 550 4344 Christus,
561 4266 721 4346 congruit:
734 4267 809 4326 utin
820 4267 911 4326 tertio

136 4370 220 4432 libro
248 4366 493 4428 demonstratrm
510 4366 567 4421 est.
597 4359 697 4432 Quare
720 4364 822 4438 σχετοιὴ
849 4363 912 4418 tan·

137 4458 316 4533 tummodo,
345 4461 377 4517 et
403 4452 595 4515 Nestorianae
622 4454 828 4510 consentanea
845 4467 913 4527 per·

137 4550 240 4625 fidiae,
261 4553 445 4609 naturarum
463 4548 542 4605 esset
560 4543 595 4604 in
608 4540 727 4602 Christo
744 4539 912 4616 copulatio,

139 4641 165 4704 si
192 4641 226 4703 iu
248 4640 329 4701 hanc
356 4635 473 4714 duplex
494 4651 626 4714 persona
649 4631 819 4693 maluisset.
843 4630 914 4692 Nou

176 4843 198 4885 a
216 4827 312 4883 Erras.
338 4824 406 4879 beer.
427 4835 527 4883 until,
543 4833 626 4875 num.
646 4816 692 4872 29.
711 4814 763 4869 Οὐκ
783 4815 910 4886 ἄνθρωπον
959 4820 1058 4886 πρῶτον
1073 4812 1144 4875 ἔταξε
1153 4813 1182 4868 τό
1195 4813 1260 4866 θεῖον
1271 4810 1432 4883 Εόαγγόλτον,
1450 4804 1505 4864 εἶτα
1519 4809 1563 4878 τὴν
1573 4811 1652 4883 elpes
1664 4812 1732 4883 όνμο-

140 4912 202 4965 ὄντα
224 4907 327 4963 ἐλθόντα
350 4904 384 4969 εἰς
397 4901 523 4977 προκοπὴν
546 4902 670 4969 θεότητος.
700 4898 765 4953 ἀλλὰ
788 4897 841 4951 θεὸν
868 4897 911 4952 ἀπ’
960 4899 1075 4968 λόγησεν,
1091 4898 1129 4950 ότι
1144 4896 1159 4950 ό
1172 4896 1247 4968 λόγος
1262 4892 1436 4966 σᾶρξέγόνττο.
1456 4892 1485 4946 οὗ
1499 4887 1658 4965 absimus
1674 4892 1732 4965 sipi

140 4992 254 5067 οὖρανῶν
281 4988 399 5052 ἐλθόντα,
427 4986 467 5039 καὶ
482 4984 515 5048 εἰς
535 4984 620 5039 ἑαυτὸν
644 4981 848 5053 ἀναπλαττόμενον
867 4979 911 5047 τὴν
960 4982 1036 5052 λόγος
1050 4978 1155 5051 ἐγίνετο·
1179 4978 1223 5031 ἵνα
1249 4976 1315 5050 δείξῃ
1343 4982 1441 5049 πρῶτον
1462 4976 1537 5048 λόγον
1557 4975 1600 5030 ἀπ’
1621 4975 1732 5046 οὐρανῶν

141 5076 205 5129 ἰδίαν
220 5072 400 5144 ἔνανθρτόττοστν
424 5067 486 5122 κατὰ
513 5067 557 5135 τὴν
572 5065 646 5120 αὐτοῦ
670 5063 773 5131 δυνατὴν
798 5064 911 5130 όεότητα.
963 5060 1073 5125 ἐλθόντα,
1092 5060 1125 5123 εἰς
1142 5060 1228 5115 ἑαυτὸν
1243 5058 1270 5112 δὲ
1287 5059 1459 5128 ὑποστήσαντα
1472 5058 1516 5126 τὴν
1534 5059 1612 5129 σάρκα
1623 5056 1672 5110 dab
1689 5061 1733 5123 τῆς

142 5159 177 5222 ὣς
189 5159 268 5230 λέγει,
284 5157 322 5209 ότι
337 5154 351 5208 ό
374 5154 450 5225 λόγος
467 5148 526 5223 σὰρξ
543 5148 648 5221 ἐγένετο.
664 5147 694 5201 τό
707 5145 749 5212 δὲ,
763 5146 840 5217 λόγος
853 5143 914 5216 σὰρξ
964 5142 1057 5217 μήτρας
1071 5147 1114 5211 τῆς
1125 5142 1195 5215 ἁγίας
1208 5143 1338 5215 παρθένου,
1353 5140 1395 5194 καὶ
1403 5144 1484 5196 πᾶσαν
1495 5140 1539 5209 τὴν
1554 5138 1732 5211 ἔνανθρώττηστν

146 5241 253 5315 ἔγένετο,
266 5239 352 5310 ἵναμή
377 5254 441 5296 τινες
455 5233 606 5306 νομίσωσιν,
627 5232 665 5283 ότι
678 5235 774 5301 πρῶτος
788 5228 914 5300 ἅνθρωπος
962 5227 1062 5288 τελείως
1076 5224 1110 5288 εἰς
1120 5224 1205 5280 ἑαυτὸν
1219 5224 1431 5297 όνατλασόμενον.

146 5321 187 5392 ἢν,
207 5322 250 5377 uei
271 5319 331 5390 ἦλθε
351 5317 454 5390 Χριστὸς
474 5315 507 5378 εἰς
526 5314 663 5386 ἄνθρωπον.
687 5311 728 5365 διὰ
750 5316 824 5364 τοῦτο
837 5311 913 5382 λόγον

173 5494 184 5533 1
199 5489 246 5535 Pet.
258 5488 322 5531 bam.
335 5484 393 5541 0pu.
405 5494 421 5536 r,
432 5495 451 5526 c.
465 5481 566 5525 ura-i
577 5479 663 5523 Paultrd
675 5479 733 5533 apud
748 5477 842 5521 Alehuin
856 5476 966 5521 itii-8
980 5474 1086 5529 niteatur.
1098 5481 1114 5517 t.
1128 5472 1154 5517 li
1163 5472 1267 5517 Βίλλιον.
1280 5471 1327 5514 tel.
