4122 6248
286 273 346 335 632
797 267 1123 331 rnnatodtcontttt
1143 267 1361 331 DOGMATUM

288 431 484 494 ethominem
497 429 675 509 mediatoris
684 436 876 492 sacramento
887 436 1054 510 utrumque
1108 430 1248 493 Domini:
1265 431 1366 506 uQuia
1378 431 1474 511 igitur
1479 430 1686 510 justificandis
1695 431 1876 493 hominibus

287 543 370 585 unus
384 524 527 591 existens,
544 522 619 583 dnm
631 521 697 602 ipsa
712 541 750 583 ex
764 523 860 584 unitis
873 523 908 583 in
921 523 1055 603 idipsum
1105 525 1164 585 hoc
1178 524 1387 603 principaliter
1400 524 1581 605 opitulatur,
1596 524 1681 605 quod
1695 524 1875 603 unigenitus

288 618 417 692 naturis,
434 622 555 677 naturae
569 614 730 693 utriusque
751 632 801 675 res
815 615 921 676 eadem
936 621 996 691 est,
1012 615 1056 675 ita
1105 615 1159 675 bei
1174 616 1269 677 etiam
1281 615 1364 677 iilius
1377 616 1514 678 hominis
1527 634 1593 679 esse
1606 617 1751 691 dignatus
1765 622 1822 691 est,
1837 620 1874 676 ut

288 715 393 769 tamen
414 713 449 768 ut
469 716 580 768 neutro
603 718 721 767 careret
743 707 776 767 in
798 712 950 787 utraqrre,
964 729 980 765 n
995 713 1052 769 etc.
1104 705 1234 779 ὁμονύσιοτ
1248 707 1334 767 Patri
1348 709 1445 780 Deus,
1461 709 1494 768 id
1512 713 1557 768 est
1570 708 1664 768 unius
1678 706 1872 782 substantiae,

288 801 337 861 Ita
358 797 547 879 Theophilus
571 798 605 858 in
628 798 757 877 epistola
782 799 918 878 paschali
943 799 1054 878 prima,
1104 790 1187 852 idem
1202 797 1409 875 humaverus,
1425 799 1768 861 etsecundumcarnem
1781 798 1875 860 matri

292 892 366 952 «Ex
392 891 505 963 tantis,
536 905 568 951 et
594 889 724 965 talibus,
752 890 866 968 inquit,
893 891 1057 971 assumpsit
1106 888 1372 952 consubstantialis
1385 892 1568 954 existeret.»

288 983 451 1044 hominem
465 983 615 1045 duntaxat
630 981 744 1061 absque
758 988 893 1061 peceato,
910 1001 1057 1064 exquan·
1145 977 1200 1040 XI.
1223 981 1428 1044 celeberrima
1447 989 1493 1044 est
1511 984 1606 1044 etiam
1625 982 1708 1063 apud
1729 981 1875 1061 antiquos
1901 999 1959 1045 rin
1988 1012 2017 1043 οι
2031 992 2060 1045 ul

289 1077 329 1136 tis
342 1080 372 1137 et
385 1074 530 1156 qualibus
544 1090 600 1133 nos
619 1091 728 1135 omnes
741 1075 835 1135 creati
847 1092 975 1136 snmus:
992 1093 1057 1135 non
1106 1069 1223 1146 Patres,
1241 1078 1272 1133 et
1284 1092 1303 1134 a
1316 1074 1458 1154 plurimis
1472 1075 1539 1136 haec
1553 1080 1701 1154 usurpata
1712 1074 1804 1149 ratio,
1819 1092 1876 1134 cur
1902 1054 2060 1150 „2¹⁶¹”

289 1184 327 1229 ex
341 1172 438 1247 parte,
450 1167 503 1227 sed
517 1171 601 1225 totus
616 1165 768 1226 mediator
785 1166 840 1226 Dei
853 1167 1057 1227 ethominnm
1106 1161 1252 1223 omnibus
1274 1165 1337 1225 suis
1364 1166 1537 1227 absolutam
1564 1165 1704 1246 partibus
1728 1170 1875 1226 naturam
1900 1160 2047 1257 “w

290 1259 385 1321 homo
400 1259 539 1319 Christus
553 1258 654 1318 Jesus.
674 1279 686 1313 ν
705 1257 760 1318 Cui
775 1258 954 1336 Fulgentius
968 1259 1056 1319 lucu-
1106 1252 1242 1314 hominis
1277 1258 1477 1337 assumpserit
1503 1257 1657 1330 Verbum,
1690 1275 1749 1318 nec
1785 1257 1875 1318 ahter

290 1352 383 1412 lentis
395 1349 497 1411 verbis
511 1349 642 1410 succinit
656 1349 689 1409 in
703 1347 782 1409 libro
796 1349 897 1429 primo
910 1348 950 1409 ad
960 1349 1058 1411 Trasi-
1106 1343 1248 1406 debuerit
1255 1347 1321 1409 fieri
1334 1368 1342 1425 3
1357 1350 1441 1428 quod
1454 1349 1641 1411 totihomini
1649 1349 1876 1411 consulendum

290 1441 447 1509 νασαιίαια,
463 1441 561 1520 capite
572 1457 614 1500 xv
624 1439 696 1500 ubi:
717 1441 811 1500 «Non
824 1441 989 1517 incassum,
1003 1443 1055 1515 ait,
1107 1435 1166 1496 hoc
1178 1437 1442 1520 modoiuitisque
1449 1460 1488 1503 ex
1500 1442 1622 1521 integro
1630 1441 1875 1521 recuperandas,

291 1534 452 1595 hominem
465 1534 483 1594 J
487 1550 574 1594 esum
589 1532 748 1592 Christum
769 1532 971 1593 mediatorem
992 1534 1057 1603 Dei,
1107 1531 1139 1588 et
1164 1528 1197 1589 iu
1224 1531 1392 1609 pristinum
1417 1534 1610 1595 revocandus
1636 1538 1760 1609 statum,
1781 1551 1877 1612 quem

292 1631 323 1687 et
343 1626 509 1686 hominum
532 1629 768 1702 nuncupatum:
797 1623 857 1683 nisi
879 1625 953 1703 quia
976 1625 1060 1686 idem
1107 1623 1209 1681 totum
1224 1622 1277 1682 illa
1294 1626 1413 1703 peccati
1425 1624 1521 1699 labes,
1547 1634 1577 1687 el
1600 1625 1759 1686 tfllflmilafl
1786 1643 1877 1685 002ss-

292 1719 373 1779 Deus
387 1722 485 1777 totam
505 1716 539 1775 in
552 1733 584 1775 se
599 1719 743 1775 naturam
758 1716 892 1795 suscepit
905 1716 1056 1779 hominis:
1108 1717 1206 1791 parat.
1238 1715 1376 1787 Quodsi
1403 1735 1474 1794 pars
1500 1717 1637 1778 hominis
1661 1717 1736 1789 ulla,
1765 1723 1879 1796 utputa

292 1814 324 1869 et
336 1809 419 1870 idem
433 1809 528 1868 homo
542 1811 640 1867 totam
651 1806 686 1866 in
699 1823 731 1866 se
750 1805 844 1867 habet
857 1808 1060 1870 substantiam
1109 1821 1192 1881 aare,
1204 1806 1253 1866 vel
1266 1807 1382 1879 anima,
1398 1809 1437 1885 ei,
1453 1826 1549 1889 quem
1562 1809 1620 1869 sibi
1630 1811 1710 1870 Deus
1721 1810 1877 1887 adjunxit,

292 1900 426 1961 deitatis.
442 1900 521 1960 Nam
536 1899 610 1977 quia
628 1916 684 1977 per
704 1910 864 1977 peccatum
888 1899 982 1960 homo
1002 1902 1062 1963 fuit
1109 1901 1229 1958 naturae
1242 1898 1403 1975 defuisset3
1425 1901 1532 1962 salutis
1544 1905 1575 1962 et
1586 1901 1754 1962 curationis
1767 1918 1879 1981 exper-

292 1997 491 2072 separatusa
519 1992 603 2065 Deo;
632 1990 713 2050 inter
739 1991 839 2050 Deum
865 1990 1059 2069 irascentem,
1109 1990 1174 2048 tem
1187 1988 1323 2050 futuram
1352 1991 1438 2053 illam
1463 1993 1562 2072 ipsam
1586 1993 1743 2072 disputare
1764 1993 1878 2067 solent,

292 2084 515 2162 hominemque
529 2086 723 2162 peccantem,
740 2081 811 2141 talis
822 2082 929 2160 utique
945 2084 1061 2144 media·
1112 2080 1182 2140 ideo
1197 2080 1280 2141 enim
1293 2083 1561 2163 utriusquepartis
1575 2084 1781 2161 infirmitates,
1798 2090 1830 2146 ct
1845 2091 1882 2146 ut

294 2176 369 2236 toris
401 2174 510 2236 debuit
537 2173 725 2234 intervenire
752 2190 900 2251 persona,
926 2193 995 2253 qua·
1022 2176 1062 2236 ad
1109 2170 1292 2250 loquuntur,
1301 2176 1460 2254 passiones,
1473 2194 1543 2256 quae
1551 2175 1678 2256 quidem
1687 2176 1879 2253 offensionis,

292 2266 525 2346 propitiandum
540 2267 637 2326 Deum
657 2264 796 2333 homini,
811 2270 925 2342 totum,
941 2284 1063 2329 verum·
1111 2281 1147 2325 ac
1170 2264 1239 2324 vitii
1261 2266 1339 2326 nihil
1363 2268 1539 2338 traherent,
1569 2267 1712 2329 ascivisse
1739 2266 1800 2327 sibi
1827 2268 1882 2328 Dei

293 2377 354 2438 que
367 2358 400 2418 in
413 2375 445 2418 se
460 2359 559 2418 heum
571 2357 609 2417 de
621 2358 686 2416 Deo
698 2361 809 2416 natum
823 2356 963 2434 haberet,
979 2360 1059 2419 etad
1110 2353 1229 2429 tilium3
1241 2362 1276 2415 ut
1289 2364 1409 2418 naturae
1419 2359 1453 2419 in
1467 2377 1499 2419 se
1508 2364 1622 2420 nostrae
1632 2358 1757 2419 morbos
1770 2376 1883 2419 omnes

292 2448 556 2511 reconciliandum
579 2448 740 2509 hominem
769 2449 848 2524 Dea,
874 2453 986 2525 totum,
1013 2469 1064 2511 ve·
1111 2448 1371 2528 aegritudinesque
1384 2457 1514 2523 coemat,
1528 2469 1565 2511 ac
1577 2452 1759 2525 detergeret.
1775 2452 1882 2511 Testa-

293 2559 427 2621 rumque
454 2542 487 2601 in
513 2559 545 2601 se
568 2540 606 2600 de
621 2540 749 2600 homine
770 2544 880 2600 natum
904 2540 1061 2602 hominem
1112 2539 1883 2621 turhocunusexantiquissimisPatribusJustinus

294 2635 476 2694 contineret.
493 2653 508 2690 n
524 2631 812 2711 Gyrillusquoque:
833 2652 848 2688 «
863 2631 933 2703 Dei,
949 2633 1061 2712 inquit,
1111 2635 1250 2710 martyr,
1284 2633 1317 2692 in
1351 2633 1433 2695 calce
1459 2632 1642 2714 Apoloqctici
1657 2633 1758 2714 primi
1767 2652 1781 2708 ,·
1803 2633 1883 2695 dum

294 2731 326 2788 et
337 2725 473 2785 hominis
483 2724 699 2795 mediatorem,
716 2727 751 2782 ut
762 2723 928 2801 Scripturas
939 2725 1061 2803 docent,
1116 2729 1259 2784 «nostra
1287 2743 1378 2785 causa
1404 2725 1566 2786 hominem
1593 2744 1658 2786 esse
1681 2724 1797 2786 factum
1825 2726 1882 2785 Dei

294 2818 438 2897 componi
471 2817 601 2877 dicimus
631 2821 699 2875 tum
724 2832 763 2875 ex
788 2814 927 2875 humana
958 2824 1064 2878 nostra
1112 2814 1251 2876 Verbum
1264 2816 1321 2893 ait,
1338 2817 1386 2878 uti
1398 2818 1578 2896 passionum
1592 2823 1769 2878 nostrarum
1782 2817 1882 2897 parti·

295 2915 418 2984 natura‚
434 2909 560 2988 propria
575 2926 631 2967 sua
644 2907 764 2967 ratione
779 2905 928 2985 perfecta3
944 2913 1012 2968 tum
1025 2929 1064 2971 ex
1112 2924 1183 2986 ceps
1194 2906 1310 2969 factum
1323 2908 1498 2969 remedium
1512 2907 1717 2969 adhiberent.»
1728 2909 1805 2969 item
1816 2910 1882 2970 Ire·

294 3000 371 3076 tilio,
394 3000 539 3060 videlicet
551 2999 724 3076 unigenito,
742 2998 796 3077 qui
815 3015 853 3057 ex
867 3000 930 3058 Deo
951 3017 1062 3063 seeun-
1113 3016 1199 3059 noeus
1212 2999 1291 3060 libro
1303 3001 1341 3076 V,
1353 3002 1452 3078 capite
1466 3018 1534 3077 xlv,
1546 3001 1629 3081 quod
1643 3006 1744 3060 totum
1758 3000 1792 3061 in
1805 3000 1881 3060 illud

295 3092 371 3153 dum
383 3097 528 3151 naturam
539 3090 713 3169 prodiitt.»
932 3104 936 3109 '
1111 3090 1884 3171 argumentaminsumitur.Athmtasiusinepistola

334 3185 411 3244 ltam
435 3180 627 3254 Cassianusl,
646 3183 741 3259 «Ego
765 3182 934 3243 Dominum
955 3184 1062 3245 desum
1112 3183 1153 3242 ad
1173 3181 1364 3262 Epictetum,
1387 3206 1402 3241 u
1415 3202 1487 3244 vere
1507 3182 1668 3244 hominem
1693 3182 1810 3242 lactum
1837 3184 1884 3243 ait

295 3274 461 3348 Christum,
479 3275 533 3350 ait,
548 3273 734 3333 homousion
748 3274 816 3335 dico
832 3274 924 3336 iniisse
938 3281 969 3336 et
983 3277 1063 3355 patri
1113 3274 1314 3350 Salvatorem,
1330 3280 1365 3336 ut
1376 3276 1415 3335 ad
1430 3280 1530 3336 totum
1541 3275 1703 3335 hominem
1715 3273 1800 3334 salus
1811 3292 1884 3353 per-

294 3366 408 3447 periter
422 3375 450 3427 et
464 3366 566 3426 matri.
578 3366 641 3425 Pro
648 3383 851 3445 personarum
866 3368 950 3428 enirn
965 3368 1063 3429 diver·
1112 3367 1251 3428 cinereae.
1265 3388 1280 3424 n
1297 3369 1335 3427 Et
1347 3368 1429 3447 apud
1445 3367 1686 3441 Theodorctum,
1707 3366 1882 3441 «Plenum,

294 3459 382 3519 sitate
409 3457 544 3518 reddidit
569 3456 701 3536 parienti
726 3459 894 3537 unicuique
919 3459 1069 3520 similitu·¹
1112 3459 1225 3537 inquit,
1234 3457 1754 3538 assumpsithominem,utplenum
1765 3457 1881 3536 ipsum,

294 3550 401 3609 dinem
428 3566 527 3608 seram.
558 3548 737 3609 Secundum
764 3549 959 3611 divinitatem
979 3551 1063 3612 enim
1112 3555 1143 3610 et
1158 3547 1703 3629 cumipsomortnosvtvificarett.s
1743 3564 1751 3573 ·

293 3640 473 3701 homousios
494 3641 600 3700 Patri:
616 3640 787 3702 secundum
811 3660 936 3703 carnem
959 3649 1063 3704 aculem
1152 3642 1317 3720 Gregorius
1341 3642 1551 3702 Nazianzenus
1575 3641 1682 3701 creber
1700 3645 1747 3702 est
1767 3640 1801 3700 in
1823 3639 1884 3700 hoc

293 3731 473 3792 homousios
492 3731 584 3791 matri
602 3731 671 3792 tuit.
701 3732 771 3792 Nou
792 3733 876 3811 quod
896 3734 983 3806 alter,
1008 3736 1063 3814 qui
1111 3733 1388 3812 argumentationis
1401 3752 1514 3812 genere
1532 3732 1727 3793 inculcando.
1750 3732 1791 3793 Ut
1809 3750 1883 3792 cnm

294 3823 472 3884 homousios
482 3823 574 3894 Patri,
591 3822 680 3899 alter,
694 3824 748 3900 qui
761 3823 939 3884 homousios
952 3826 1061 3886 matri:
1113 3823 1252 3885 oratione
1266 3841 1315 3885 xlv
1328 3824 1541 3904 Apollinarem
1554 3823 1720 3899 incessens,
1740 3823 1884 3903 queritur

294 3914 348 3975 sed
367 3916 439 3994 quia
467 3915 551 3976 idem
577 3914 731 3975 Dominus
756 3916 844 3975 Jcsus
872 3916 1009 3977 Christus
1033 3923 1065 3978 et
1116 3935 1132 3973 σ
1154 3914 1236 3976 σίτοιο
1259 3921 1397 3977 mentem
1417 3917 1560 3977 homines
1583 3915 1699 3994 alioqui
1726 3915 1883 3995 sapientes

294 4006 389 4068 bomo
402 4012 494 4067 natus
509 4011 540 4067 et
550 4007 642 4081 Dens,
655 4006 816 4085 utriusque
830 4007 864 4067 in
879 4025 911 4067 se
925 4009 1064 4086 parentis
1112 4007 1300 4081 dementire,
1315 4014 1345 4068 et
1358 4007 1585 4069 humanitatem
1597 4006 1752 4081 dividere,
1767 4012 1883 4067 utnon

294 4096 405 4157 habuit
427 4097 669 4177 proprietatem:
692 4097 767 4157 dum
793 4103 824 4158 et
851 4098 884 4158 in
906 4116 953 4166 eo,
980 4100 1063 4177 quod
1112 4099 1365 4161 extotosalutem
1379 4117 1560 4179 consequar,
1573 4096 1834 4177 quitotuscecidl
1851 4102 1885 4156 et

294 4187 389 4249 homo
413 4195 469 4264 est,
490 4188 637 4248 humanae
650 4189 757 4249 matris
768 4189 902 4250 reddidit
917 4190 1062 4250 similitu·
1112 4190 1336 4253 condemnatus
1349 4209 1420 4252 sum
1442 4210 1481 4252 ex
1504 4190 1599 4269 primi
1621 4187 1760 4268 parentis
1776 4187 1885 4248 inobe-

295 4279 415 4353 dinem;
432 4280 507 4340 etin
521 4297 571 4356 eo,
584 4279 668 4358 qnod
679 4280 770 4349 Deris,
780 4280 834 4340 bei
846 4280 944 4340 Patris
954 4280 1065 4342 babuit
1113 4281 1244 4350 dientia,
1261 4286 1291 4342 et
1304 4282 1470 4343 adversarii
1487 4282 1597 4342 hande
1610 4301 1617 4341 :
1632 4286 1669 4341 ut
1685 4280 1729 4340 ita
1741 4285 1810 4340 tum
1825 4279 1884 4339 Ilei

294 4371 466 4431 veritatem.
490 4392 506 4427 n
523 4371 584 4432 Leo
605 4373 692 4450 Papa
716 4387 859 4431 sermone
871 4389 892 4430 x
905 4370 941 4431 de
954 4371 1065 4432 Natali
1112 4372 1311 4449 beneficium,
1321 4379 1392 4434 tum
1406 4378 1510 4433 nostra
1523 4373 1605 4434 saluis
1618 4371 1849 4432 imminuatur.
1864 4390 1880 4427 ο

330 4537 351 4578 a
369 4523 479 4578 Croton.
506 4522 644 4577 hossene.
659 4521 725 4579 dial.
745 4522 782 4579 de
803 4524 921 4578 incarn.
941 4522 989 4576 tto
1008 4524 1063 4577 θεοῦ
1148 4523 1227 4581 dld.
1247 4526 1320 4596 apud
1336 4524 1473 4582 Theodor.
1489 4524 1554 4579 dial.
1572 4523 1618 4579 ΙΙΙ.
1638 4524 1725 4595 Ιὶλήρη
1746 4522 1795 4595 γὰρ
1820 4521 1885 4575 het-

295 4605 411 4677 ρεσίτην,
434 4605 475 4658 καί
488 4605 631 4677 ἀνθρώπων,
647 4604 710 4659 κατὰ
732 4604 775 4667 τὰς
796 4605 899 4677 γραφὰς,
925 4605 1064 4677 amasset
1111 4607 1174 4679 ληφι
1191 4610 1234 4662 τὸν
1248 4609 1386 4681 ἄνθρωπον,
1400 4609 1443 4662 ἵνα
1456 4608 1497 4662 καί
1511 4608 1592 4679 πλήρη
1607 4606 1691 4671 atron
1706 4606 1802 4659 aaran
1815 4603 1885 4677 αι’ντῷ

293 4685 1446 4764 wwhmssmffifflhmfflmufflmwmcmmmmwmssp

293 4769 356 4823 κατὰ
366 4770 408 4822 τὸν
418 4768 481 4822 ἴδιον
491 4771 577 4841 λόγον,
592 4771 632 4822 καὶ
647 4767 673 4822 ἐκ
689 4774 731 4823 τοῦ
743 4771 878 4842 τιρηνότος
890 4767 916 4822 ἐκ
929 4769 984 4822 θεοῦ
999 4770 1063 4824 κατὰ
1147 4787 1163 4827 c
1180 4773 1305 4831 stttnz.
1328 4780 1397 4828 orat.
1415 4789 1472 4828 xrs.
1497 4771 1593 4844 Ἐχρῆν
1614 4769 1672 4844 γὰρ,
1694 4767 1777 4836 ἐπειδὴ
1799 4769 1886 4838 θεόν-ης

293 4852 363 4922 φύσιν
378 4845 441 4916 oieb,
455 4852 566 4906 τουτέστι
579 4845 623 4904 tou
639 4849 795 4923 μονογενοῦς.
1110 4853 1214 4920 ἥνωται,
1229 4857 1371 4927 διαιρεῖσθαι
1384 4855 1428 4922 τὴν
1445 4854 1631 4927 ἀνθρωττότητα,
1645 4852 1686 4906 τισὶ
1701 4851 1758 4923 περὶ
1772 4850 1814 4905 rhu
1827 4857 1885 4905 ναῦν

330 4934 438 4989 blusr.
456 4933 541 5006 Apol.
569 4933 670 5002 Ἐπειδὴ
685 4936 726 4987 καί
735 4933 767 4986 δι’
781 4934 845 5006 ἡμᾶς
858 4935 983 5007 ἅνθρωπος
992 4936 1064 5007 γέρα·
1111 4935 1263 5005 ἀνοηταίνειν
1279 4939 1334 5001 τοὺς
1347 4938 1427 4992 τᾶλλα
1450 4939 1548 5009 σοροίνς,
1570 4937 1612 4989 καί
1630 4935 1663 5007 μὴ
1682 4935 1742 4987 aton
1757 4954 1788 5004 ps
1805 4935 1886 4996 σῶζε·

292 5035 342 5081 νιν,
352 5019 417 5080 ὅπως
429 5019 470 5070 καὶ
480 5023 530 5071 τῶν
539 5016 623 5071 παθῶν
636 5022 687 5070 τῶν
700 5016 824 5087 ἡμετέρων
831 5018 986 5089 σαρρέτοχσς
994 5019 1063 5088 γενό-
1110 5020 1175 5089 σθαι,
1192 5021 1249 5073 ὅλον
1264 5016 1410 5083 πταίσαντα,
1425 5021 1466 5075 καί
1480 5020 1653 5091 καταιριθέντα
1666 5015 1693 5071 ἐκ
1702 5021 1745 5084 ιῆς
1757 5009 1802 5069 tos
1815 5034 1885 5087 τρω·

292 5118 374 5171 μενος,
385 5102 426 5153 καί
440 5099 507 5153 ἴασιν
517 5102 659 5167 ποιήσηται.
1111 5103 1251 5158 τοπλάστου
1269 5108 1405 5175 παρακοῆς,
1424 5105 1465 5156 καί
1479 5105 1571 5169 κλοπῆς
1591 5105 1635 5155 τοῦ
1656 5100 1834 5171 ἀντικειμένου·
1848 5097 1884 5159 ὣς

328 5184 463 5237 chrotta.
490 5181 558 5234 ’tlt’
576 5182 653 5243 ὄντως
673 5180 774 5251 ἀληθείᾳ
788 5179 915 5253 ἀνθρώπου
929 5183 1061 5254 γενομένου
1110 5185 1268 5241 ἐλαττοῦσθαι
1283 5193 1319 5258 τῷ
1335 5186 1378 5258 μὲν
1391 5188 1439 5259 θεῷ
1460 5186 1503 5255 τὴν
1523 5186 1605 5259 χάριν,
1619 5184 1679 5256 ἡμῖν
1692 5183 1720 5237 bl
1747 5175 1882 5253 σωτηρίαν,

291 5268 336 5318 τοῦ
358 5268 482 5335 σωτῆρος,
498 5264 558 5316 ὅλου
569 5268 613 5318 τοῦ
623 5264 752 5334 ἀνθρώπου
766 5264 876 5335 σωτηρία
886 5262 987 5334 ἐγίνετο.
1151 5274 1153 5277 ’

317 5393 327 5434 l
345 5390 390 5435 Llh.
401 5391 427 5434 Vt
439 5390 466 5433 dc
477 5391 521 5433 inc.
530 5402 550 5436 α,
561 5401 610 5437 τινι.
