3994 6164
361 300 422 363 wi
868 297 1199 367 musmuloouust
1221 295 1441 363 DOGMATUM

363 464 501 528 Nestorii
526 465 641 546 dsgmi'
663 472 805 529 secutum
831 465 936 544 fuisso,
964 472 1031 529 «st
1052 467 1129 531 dum
1182 483 1254 546 qum
1272 464 1412 529 consulto
1429 463 1480 545 hio
1494 481 1514 526 s
1530 462 1621 529 uobis
1634 463 1829 543 pretermisso
1840 476 1915 552 sint,

363 558 453 621 timet
465 558 696 637 permistionem
704 560 881 639 Eutyohstis
895 560 1133 639 innumerosor-
1181 560 1317 620 maximo
1330 557 1538 621 rsoontiorum
1550 555 1766 619 heretioorum
1776 556 1917 637 degimus

362 650 459 714 ruisse
471 651 505 711 in
519 650 703 719 divisionem
716 651 859 715 Nestorii.
874 673 889 711 s
1181 662 1326 731 portentu
1352 649 1466 723 verius,
1488 667 1583 729 quum
1605 650 1744 710 nomino.
1762 650 1916 733 Quonqssm

404 743 558 805 Hactenus
585 743 776 824 antiquiores
805 745 953 819 haereses,
989 763 1025 806 eo
1054 744 1133 807 snitu
1182 743 1422 824 insequentium
1433 742 1585 805 librorum
1598 741 1917 824 disputetiouihmspss

364 834 533 913 digniores,
558 853 628 915 quse
648 836 689 899 sd
710 837 960 901 Inoornstiouem
983 841 1132 918 speetont,
1181 836 1242 897 sim
1259 837 1408 916 pleraque
1425 834 1748 908 commemoravimus,
1767 835 1915 899 velutUbi·

364 944 556 1007 persensere,
583 933 676 1008 etque
698 946 843 990 ensurnrs
868 929 1035 991 voluimus.
1052 930 1132 1004 Quu-
1182 928 1299 1008 quietes
1312 928 1346 989 in
1359 927 1438 989 libro
1452 927 1573 989 dooimo
1590 947 1597 988 s
1613 932 1645 989 st
1663 928 1792 989 Nestorii
1809 926 1918 992 numios

364 1036 436 1080 rum
454 1019 621 1080 nonnullas
640 1021 868 1100 propemodum
894 1021 1042 1097 exoletas,
1065 1026 1134 1087 tum
1181 1021 1336 1083 redivivos
1346 1020 1380 1082 in
1393 1025 1480 1083 sexto
1497 1039 1505 1080 ι
1523 1024 1554 1081 et
1567 1020 1592 1080 si
1605 1037 1677 1099 quos
1691 1019 1817 1081 hmreses
1828 1020 1917 1084 elisio

364 1111 523 1191 superiore
533 1112 657 1185 smeulo,
670 1117 739 1175 tum
752 1114 813 1175 hoe
827 1120 945 1188 nostru,
960 1114 1135 1194 complures
1183 1114 1300 1193 stylum
1325 1120 1468 1176 nostrum
1492 1111 1679 1175 indiderunt.
1708 1113 1783 1175 Nem
1803 1112 1837 1173 de
1851 1115 1919 1176 novis

364 1201 539 1265 instaurare
564 1205 666 1266 ooneti
699 1211 792 1267 sunt:
829 1224 907 1285 quos
940 1206 1134 1268 numerando
1183 1207 1394 1283 Psenamosis,
1419 1203 1697 1281 sivePhotininnis‚
1712 1223 1779 1284 qum
1798 1204 1850 1267 hoo
1866 1204 1918 1269 loco

365 1295 661 1375 compleotimedum
673 1297 845 1359 ommatius
854 1298 980 1359 illorum
990 1299 1136 1377 dogmata
1183 1299 1313 1362 diemde
1332 1304 1431 1373 erent,
1453 1298 1614 1376 oueupssit
1629 1298 1741 1361 tertius
1752 1296 1786 1359 ds
1800 1296 1919 1359 Trisitsts

366 1389 521 1467 persequi,
544 1389 657 1450 infiniti
674 1390 714 1450 sit
735 1396 767 1451 et
790 1391 904 1467 ingrati
922 1390 1036 1452 loboris
1051 1389 1133 1453 :ior·
1182 1391 1272 1465 liber,
1288 1392 1436 1471 quitotus
1448 1390 1765 1453 inillosooniutundos
1774 1389 1919 1469 insumptus

365 1480 455 1541 tussis
464 1480 559 1541 etism
573 1483 810 1561 supervamnei3
833 1483 919 1562 qnod
938 1483 973 1544 in
987 1489 1135 1564 promptu
1183 1483 1762 1564 est.1tequeprmoipusrnm,qusshoe
1772 1482 1845 1543 libro
1854 1498 1919 1542 eom-

267 1630 270 1635 *
367 1571 430 1632 sint
456 1573 595 1635 virorum
625 1574 872 1637 doctissimorum
906 1576 1133 1655 commentarii,
1185 1577 1418 1655 prehendimus,
1432 1577 1588 1641 haeresum
1607 1576 1736 1637 historin
1749 1572 1918 1648 mutendnd

367 1664 421 1744 qui
436 1664 469 1723 in
482 1664 542 1726 hoo
552 1673 737 1744 argumento
751 1685 865 1746 magns
878 1685 951 1729 oum
961 1668 1051 1729 laude
1065 1686 1135 1729 ver·
1185 1669 1352 1732 evolvendo
1358 1668 1392 1731 in
1399 1668 1598 1749 sequentibus
1609 1669 1688 1733 ionii
1695 1667 1825 1749 mysterii
1833 1683 1919 1729 simus

368 1755 426 1823 ssti
439 1763 527 1831 sunt;
543 1760 626 1823 unde
639 1766 777 1843 repetere
789 1760 843 1822 ills
856 1760 986 1843 quisque
1009 1762 1133 1845 poterit,
1185 1763 1248 1823 Deo
1261 1761 1417 1844 aspirante
1430 1778 1608 1845 pergamus.
