4136 6178
289 226 326 284 10

285 404 561 479 suprapraestans,
569 416 661 481 noque
669 399 1053 483 omiltsmmspuscpmm

285 507 336 553 666
355 506 476 553 uocem
496 489 601 567 111166,
620 510 673 554 nec
693 492 758 556 alio
781 510 970 576 quecumque
987 504 1055 556 sect

283 580 418 663 ptocimi
429 581 478 643 tui
479 628 487 645 .
496 583 530 645 si
537 583 741 663 cupiditatem
750 585 855 648 tollite
864 586 979 663 medio,
988 605 1054 649 non

285 672 352 752 ejus
377 673 524 753 prebitor
548 682 594 739 est
616 675 832 740 dicendast.»
859 678 943 740 Num
966 679 1056 740 aliter

285 764 429 843 instaret,
445 784 480 827 ac
495 767 663 847 disputaret
689 768 894 849 Epiphanius.
915 771 943 831 si
962 771 1055 833 hodia

284 857 417 935 viveret,
437 876 473 919 aa
491 876 565 923 cum
586 860 730 921 redivivis
743 861 808 922 istis
821 861 897 941 legis
913 864 1054 927 1116661666

284 949 560 1029 reprehensoribus
594 970 651 1033 pro
693 953 801 1017 eadem
833 957 951 1017 tuenda
985 955 1054 1036 lege

284 1041 434 1105 certaret?

323 1134 389 1199 Hoo
409 1135 504 1214 igitur
529 1136 633 1215 ipsum
653 1137 870 1199 controversie
890 1147 993 1218 caput,
1022 1146 1054 1206 et

282 1227 377 1289 totius
389 1226 605 1307 disputationis
624 1228 710 1290 locus
729 1236 797 1290 erat
813 1231 1003 1311 praecipuus,
1019 1232 1053 1292 in

282 1337 345 1398 qua
356 1319 495 1397 haerere,
510 1338 546 1381 6ο
555 1322 665 1400 pedem
679 1322 818 1384 conferre
832 1323 935 1385 decuit
949 1323 1050 1399 illum,

281 1410 336 1490 qui
345 1411 571 1491 apologeticum
586 1413 720 1475 alterum
732 1414 906 1476 dedolavit:
922 1421 958 1477 ut
967 1416 1051 1495 quod

280 1507 370 1567 saetas
393 1520 458 1565 suta
472 1505 625 1567 conditori
647 1505 805 1584 objectum
827 1507 939 1585 luerat,
954 1509 993 1570 de
1013 1527 1050 1570 eo

280 1595 477 1675 potissimum
485 1599 1048 1682 ageret,responderetqua,siposset;

280 1692 311 1747 61
324 1688 383 1747 6161
396 1688 544 1767 cavillari,
558 1708 594 1753 ac
607 1690 714 1753 braum
722 1691 822 1754 faeere
835 1693 952 1755 mallet.

320 1779 529 1853 Quamobrem
568 1784 681 1862 nugari
721 1785 867 1865 deinceps
906 1786 1048 1864 desinat,

280 1872 420 1951 quisquis
432 1873 485 1937 1116
495 1882 552 1950 661,
569 1880 600 1936 61
613 1876 680 1937 16116
689 1876 739 1938 sit.
752 1877 864 1939 Doceat
877 1896 934 1938 nos
943 1897 1050 1959 quem-

280 1963 448 2027 admodum
472 1965 513 2028 ab
527 1966 604 2044 legis
617 1968 767 2047 antiquae,
791 1975 823 2030 61
836 1971 970 2031 auctoris
982 1971 1050 2051 ejus

279 2055 334 2119 Dei
355 2058 560 2134 contumelia,
578 2061 761 2139 patriarcha
780 2061 829 2122 sui
848 2061 968 2124 decreta
982 2065 1051 2125 vin-

277 2148 367 2211 dicet.
391 2151 538 2213 Ostendat
551 2151 601 2212 661
613 2170 679 2212 666
692 2171 757 2214 esse
771 2153 944 2233 flagitium,
966 2155 1050 2217 leno·

278 2240 376 2302 cinari
386 2241 480 2315 vitiis,
495 2260 531 2303 ac
548 2244 692 2322 peccatis,
716 2263 815 2324 eaque
837 2247 930 2306 variis
944 2248 1044 2310 illeoe·
1099 2306 1105 2319 ,

276 2331 341 2393 bris
359 2339 390 2394 61
410 2333 612 2396 irritamentis
634 2354 673 2397 ex
692 2336 829 2416 prolesso
856 2337 976 2401 foverer
998 2340 1048 2402 661

277 2443 342 2486 666
356 2425 439 2487 istud
452 2425 549 2505 egisse
564 2428 729 2489 Mosaieam
750 2429 863 2508 legem,
892 2449 931 2492 ex
957 2450 1047 2495 novae

276 2522 366 2578 sectae
393 2520 556 2596 sententia,
579 2525 610 2580 61
632 2521 765 2600 impurae
779 2522 913 2602 libidini,
928 2526 1046 2606 eupidi-

275 2609 392 2688 tatique
401 2610 506 2672 dedita
519 2629 614 2692 opera
623 2613 773 2674 serviisse.

316 2702 388 2763 Hoee
399 2703 433 2764 in
440 2702 586 2784 Apolopic
600 2722 657 2766 sua
668 2723 818 2786 purgam;
834 2713 889 2769 aut
902 2715 1046 2789 prestare

274 2799 371 2870 certe,
395 2814 431 2856 aa
457 2796 560 2875 pslpm
577 2798 659 2857 tueri
678 2803 847 2878 patronum
875 2800 958 2863 illius
979 2804 1047 2864 atti·

273 2885 388 2948 661616
404 2905 470 2948 666
487 2907 718 2966 supervacanea
731 2890 794 2967 1116,
808 2894 891 2954 etad
905 2912 972 2955 rem
985 2896 1045 2956 mi-

273 2977 358 3041 nime
393 2981 564 3057 spectantia
599 2999 862 3061 commemorare,
897 2989 1048 3065 quemad·

270 3071 398 3132 modum
420 3071 470 3132 lex
482 3073 600 3152 gratia
613 3074 692 3135 nihil
705 3094 744 3136 ex
768 3094 833 3138 sese
860 3079 1043 3156 contulerit3

268 3178 327 3223 666
355 3170 517 3241 peecatum
549 3169 723 3227 curaveritr
763 3169 817 3229 sed
855 3170 1047 3233 confirmarit

272 3254 391 3333 potius,
419 3274 455 3316 66
476 3255 558 3317 vires
577 3257 748 3335 suffecerit;
772 3260 1044 3342 6111366666116,

795 227 1122 295 ffimmdluofluut
1146 232 1362 299 mattarum

1313 646 1526 735 CAPUT
1576 649 1656 737 lV.

1106 946 1243 1027 116316
1276 950 1408 1030 entique
1448 948 1681 1030 vituperatores,
1715 945 1875 1033 eorumque

1137 1040 1308 1121 prr'netpem
1319 1049 1423 1103 contro
1434 1059 1464 1105 sc
1472 1041 1629 1118 66661666
1642 1060 1718 1105 uere
1727 1041 1874 1105 rittodum

1142 1133 1280 1215 opinioni
1312 1133 1485 1213 suffragari.
1518 1132 1661 1209 (16161611
1688 1153 1727 1196 er
1746 1134 1874 1216 proferro

1141 1223 1263 1305 aliquid
1272 1224 1382 1304 focae,
1397 1232 1471 1287 etse
1485 1223 1637 1287 accr'dectt.
1654 1227 1684 1289 t.
1695 1225 1874 1291 Declaratur

1142 1315 1320 1379 medicorum
1344 1316 1493 1398 exemplo,
1513 1315 1654 1397 qannodo
1672 1318 1723 1380 166
1743 1327 1874 1381 6616666

1140 1407 1286 1471 accidenti
1299 1417 1449 1490 perseum
1472 1410 1609 1488 erepebat.
1636 1409 1873 1490 3.]16161166166

1139 1520 1178 1563 66
1191 1494 1445 1582 Aupastr'ae'lepir
1463 1500 1677 1567 obtrectatores.
1693 1505 1725 1564 1.
1743 1501 1817 1564 Tum
1833 1520 1872 1565 er

1139 1593 1350 1655 6666666661
1363 1592 1508 1675 loquendi.
1529 1600 1559 1657 et
1574 1592 1709 1672 6166616,
1733 1592 1813 1677 quod
1832 1613 1871 1665 66

1141 1684 1266 1748 illorum
1280 1691 1420 1748 sententie
1431 1686 1577 1768 sequitur.

1137 1846 1162 1906 1.
1186 1845 1247 1907 Sed
1271 1844 1400 1924 quidad
1418 1844 1495 1926 legis
1522 1845 1742 1909 obtrectatores
1764 1851 1870 1908 66166-
1917 1847 2041 1904 Narem

1098 1937 1226 2014 dandos,
1256 1936 1382 1998 aliunde
1408 1938 1603 2014 testimonia,
1632 1943 1663 1998 ct
1682 1944 1870 2017 argumenta

1097 2028 1334 2110 conquirimus?
1352 2029 1438 2093 Dabo
1458 2030 1533 2090 istos
1546 2029 1629 2109 ipsos
1643 2036 1751 2092 contra
1765 2049 1797 2093 se
1811 2049 1869 2112 pro

1098 2122 1223 2195 eadem,
1261 2140 1355 2202 quam
1396 2122 1554 2184 criminari
1589 2122 1657 2183 ausi
1687 2128 1777 2201 sunt,
1801 2122 1869 2202 1636

1097 2220 1281 2295 pugnantes.
1298 2214 1462 2293 Augustini
1475 2213 1606 2275 remulus
1620 2214 1689 2291 iste,
1701 2214 1755 2295 qui
1768 2233 1870 2297 nuper

1096 2307 1238 2368 mscitam
1265 2306 1350 2369 illam
1375 2305 1513 2369 fabulam
1541 2306 1675 2381 recoxit,
1705 2313 1869 2387 postquam

1096 2397 1173 2477 16316
1190 2397 1307 2473 effecta,
1330 2403 1361 2459 et
1385 2398 1551 2478 importata
1564 2416 1620 2477 per
1633 2415 1702 2460 eam
1717 2397 1869 2462 maleficia

1097 2489 1298 2565 declamavit;
1314 2490 1441 2551 demum
1455 2488 1629 2569 «explicare
1644 2489 1772 2551 modam
1784 2490 1868 2551 insti-

1096 2580 1188 2659 tuit¹,
1212 2600 1274 2663 quo
1288 2581 1340 2643 lex
1363 2586 1524 2663 peceatum
1548 2581 1707 2643 abundare
1734 2581 1816 2660 fecit,
1837 2587 1868 2647 61

1097 2671 1176 2739 iram
1194 2679 1319 2755 operata
1341 2679 1395 2737 est.
1416 2673 1552 2737 »Verba
1577 2683 1651 2736 sunt
1675 2673 1742 2735 1666
1766 2673 1867 2737 illius:

1100 2766 1335 2847 «Quapropter,
1352 2772 1383 2827 61
1394 2766 1506 2831 modus
1520 2766 1718 2845 explicandus
1734 2772 1791 2842 661,
1806 2785 1868 2846 quo

1095 2857 1357 2938 prevaricationis
1376 2857 1492 2936 gratia,
1509 2877 1564 2920 seu
1582 2864 1710 2939 propter
1725 2857 1869 2939 praevari-

1096 2951 1259 3025 cationem,
1271 2950 1322 3012 len
1333 2952 1435 3032 posita
1447 2948 1505 3011 1611
1517 2970 1524 3011 :
1538 2957 1569 3011 61
1580 2969 1643 3030 quo
1657 2950 1784 3015 tandem
1798 2969 1870 3013 eon-

1096 3041 1164 3103 61116
1185 3041 1236 3106 lex
1257 3042 1326 3103 talis
1352 3040 1532 3105 hominibus
1545 3042 1678 3103 infirmis
1702 3043 1783 3119 data,
1808 3060 1870 3125 qua

1095 3134 1226 3214 pereatis
1246 3132 1352 3195 afflicti
1370 3133 1495 3213 gravius
1520 3132 1622 3195 adhue
1644 3133 1867 3213 affligerentur.

1095 3225 1161 3286 Hoc
1180 3225 1266 3288 enim
1279 3243 1297 3285 a
1311 3224 1417 3285 divim
1432 3224 1654 3301 misericordia,
1669 3230 1762 3307 atque
1778 3225 1866 3287 beni-

1894 1899 1907 1943 tl
1965 1904 2058 1949 ntlslet

1931 1967 1975 2010 666
1984 1958 2036 2022 sibl

1901 2018 2058 2057 matronas.

272 3362 343 3424 quae
361 3363 419 3407 nec
439 3347 580 3409 ,4115th
606 3350 741 3426 summu
766 3358 797 3412 et
817 3353 924 3432 ignota
948 3356 1045 3435 vulgo
1096 3318 1214 3397 gnitate
1240 3318 1342 3398 prima
1362 3316 1465 3378 fronte
1492 3317 1614 3379 videtur
1639 3317 1819 3381 abhorrere.
1848 3340 1863 3377 ν

1095 3410 1174 3471 11616
1185 3427 1259 3471 vero
1270 3408 1433 3488 quaestioni
1442 3410 1608 3487 respondet
1621 3409 1664 3469 sie
1678 3429 1684 3470 :
1705 3432 1721 3468 ιι
1734 3410 1799 3471 1166
1811 3429 1868 3491 per

1094 3500 1236 3563 accidens
1250 3500 1428 3578 contingere
1443 3517 1482 3561 ex
1501 3504 1590 3581 parte
1610 3502 1682 3565 Dei:
1707 3521 1763 3583 per
1783 3521 1815 3565 sc
1829 3521 1868 3565 ex

1094 3593 1221 3668 innato,
1249 3597 1280 3653 et
1305 3591 1527 3653 consuetudine
1559 3593 1704 3656 roborato
1730 3593 1867 3657 hominis

1094 3684 1182 3760 vitio,
1198 3690 1256 3749 616.
1275 3682 1353 3763 16316
1371 3702 1445 3763 ergo
1459 3702 1595 3746 accessus
1609 3703 1665 3764 per
1685 3703 1717 3747 se
1740 3685 1866 3767 quidem

1093 3776 1193 3841 tendit
1206 3775 1243 3839 ad
1254 3775 1505 3855 restringendum
1516 3775 1691 3858 cupiditatis
1700 3777 1864 3857 impetum,

1094 3873 1249 3950 quatows
1265 3867 1452 3929 benandum
1467 3886 1531 3929 esse
1545 3868 1652 3931 docet:
1673 3869 1726 3931 sed
1741 3874 1866 3950 propter

1093 3961 1220 4022 insitam
1233 3958 1401 4025 visceribus
1418 3960 1555 4022 hominis
1568 3960 1746 4038 libidinem,
1772 3960 1807 4022 111
1831 3967 1867 4029 61

1093 4052 1166 4115 inde
1174 4051 1332 4115 ardentius
1341 4052 1564 4127 inflammetur,
1576 4059 1633 4115 etc.
1645 4054 1708 4115 Lex
1716 4052 1800 4115 enirn
1810 4071 1866 4135 per

1093 4163 1125 4205 se
1135 4163 1201 4207 666
1213 4143 1324 4222 fomes,
1340 4145 1394 4205 sed
1408 4145 1498 4207 limes
1511 4145 1629 4207 ardoris
1644 4151 1705 4207 ost:
1722 4145 1865 4225 quamvis

1092 4243 1218 4318 propter
1241 4237 1367 4313 vitium,
1382 4255 1421 4299 ex
1433 4236 1531 4300 limite
1553 4238 1730 4301 exardescat
1744 4237 1863 4319 magis,

1094 4328 1279 4406 armagis.»

1042 4437 1045 4447 ·
1134 4421 1252 4483 Haecut
1264 4420 1423 4483 verissima
1442 4426 1532 4498 sunt,
1553 4421 1596 4481 sic
1615 4419 1654 4481 ab
1668 4421 1736 4482 aliis
1751 4422 1864 4485 disere·

1092 4519 1170 4593 pant
1193 4513 1331 4592 ejusdem
1354 4512 1528 4585 sententiis,
1552 4530 1629 4593 quas
1654 4513 1865 4593 superioribus

1095 4604 1246 4685 capitibus
1270 4604 1408 4684 exposui.
1434 4604 1481 4665 lbi
1503 4604 1587 4665 enim
1616 4604 1716 4681 legem
1741 4605 1861 4685 aiebat,

1091 4696 1234 4775 peccatis,
1250 4714 1286 4756 ac
1299 4694 1391 4769 vitiis,
1402 4695 1461 4757 boo
1470 4702 1516 4757 est
1526 4717 1542 4754 ιι
1552 4714 1659 4759 rerum
1668 4703 1863 4761 terrenarum

1091 4787 1266 4865 cupiditati,
1282 4806 1376 4869 quam
1393 4787 1550 4849 carnalem
1564 4806 1600 4851 66
1611 4790 1753 4851 vitiosam
1767 4812 1783 4848 ν
1797 4809 1863 4853 csse

272 3444 458 3517 nonerunt,
477 3441 570 3502 etiam
588 3448 755 3522 antequam
772 3444 929 3525 Theognis
943 3466 1046 3509 nasce-

271 3534 369 3590 retur.

304 4992 326 5032 a
344 4976 441 5033 Ertrn.
462 4976 528 5034 ibid.
545 4978 575 5033 El
586 4978 633 5053 γὰρ
647 4976 671 5044 ἔξ
685 4978 789 5050 meost
805 4979 917 5056 1616616
929 4987 970 5040 aul
990 4985 1041 5041 lat·
1089 4987 1174 5055 αὖτοῦ,
1187 4988 1247 5063 μηδὲ
1261 4988 1305 5058 τὴν
1316 4990 1446 5060 παιδίσκην
1459 4990 1543 5055 αὺτοῦ,
1560 4989 1619 5062 μηδὲ
1633 4990 1676 5045 rba
1691 4989 1764 5064 ἂγρδν
1775 4988 1860 5047 6ιῦτοῖ6ἳ

267 5060 354 5132 topice
369 5057 472 5132 ἐνεργεῖ,
487 5068 540 5125 πῶς
553 5062 604 5114 ἅνω
617 5064 658 5117 καὶ
672 5065 740 5118 κάτω
748 5065 812 5120 κατὰ
824 5065 949 5141 {artoptae
955 5071 1041 5144 γράφει
1091 5072 1152 5147 μηδὲ
1166 5072 1210 5141 τὴν
1225 5071 1424 5151 pertrutinat,
1435 5071 1495 5149 μηδὲ
1509 5075 1557 5128 ὅσα
1572 5071 1623 5128 test
1632 5079 1668 5147 τῷ
1684 5075 1789 5143 πλησίον
1805 5094 1859 5130 σου.

268 5141 340 5210 tris
355 5140 481 5215 ἐπιθυμίαν
497 5141 643 5216 trasenna
667 5146 681 5201 1
695 5146 786 5218 λέγων,
802 5147 835 5220 μὴ
851 5148 997 5225 ἐπιθυμήσῃς
1011 5152 1042 5207 τὰ
1091 5152 1113 5207 tl
1140 5154 1237 5228 ἀναιρεῖ
1246 5156 1290 5225 τὴν
1307 5154 1445 5228 laniogaiso,
1461 5154 1505 5209 οὖν
1519 5155 1593 5219 οὗτὸς
1616 5161 1659 5224 τῆς
1673 5155 1797 5230 16166166
1812 5156 1862 5213 ἔστι

267 5230 311 5278 τοῦ
322 5226 438 5295 πλησίον,
455 5229 517 5299 μήτε
536 5227 578 5282 τὸν
604 5223 661 5300 βοῦν
685 5229 770 5297 uitet,
792 5233 854 5304 μηδὲ
868 5233 897 5288 rb
911 5233 1042 5307 ὑποζύγιον
1090 5240 1208 5311 χορηγός.

297 5394 306 5437 1
322 5394 384 5438 1666.
397 5393 458 5443 111,1.
472 5394 490 5443 l,
502 5407 522 5439 6.
535 5406 556 5439 r.
