4136 6178
315 241 355 301 48
837 238 1164 302 insolenlentiam
1187 238 1410 301 DOGMATUM

313 405 401 485 loqui
417 404 592 467 voluntat
612 411 782 486 utrumque
795 404 968 467 'ridiculum
984 410 1041 480 est,
1053 410 1085 466 et
1131 405 1308 467 reconciliet
1317 407 1390 478 Deo,
1409 421 1544 486 eumque
1553 405 1673 484 justmn
1686 420 1725 465 ex
1743 399 1849 482 impio,
1866 406 1898 462 et

314 498 499 578 impeditum
507 499 595 568 adeo,
605 498 703 579 utipai
712 498 903 579 seexplioare
915 502 1081 577 nequeant.
1131 503 1289 576 peccatore
1302 497 1393 560 iaciat
1409 517 1416 558 :
1431 503 1513 559 certe
1526 496 1748 577 cumprimum
1761 492 1894 565 advenit,

314 591 394 651 Nam
408 591 435 651 si
448 591 585 671 priorem
598 597 717 673 optent,
732 592 808 671 qnid
826 591 972 668 ineptius,
988 607 1083 670 quam
1131 595 1163 650 et
1175 595 1360 671 torpentem,
1385 591 1450 652 imo
1472 608 1546 651 vero
1560 595 1719 651 mortuum
1737 587 1851 662 afflare,
1867 590 1898 647 et

314 682 423 744 dehoc
436 689 544 744 contra
559 684 762 745 Scholastieos
781 689 868 745 tanta
886 683 1083 745 contentione
1131 681 1309 744 illuminare
1318 684 1422 764 coepit,
1433 682 1557 744 nonnisi
1574 683 1614 743 ad
1638 680 1804 754 infidelem,
1820 683 1850 740 et
1862 677 1896 738 in

315 792 455 854 pugnare
478 776 617 855 profiteri
643 794 687 854 se,
710 776 794 856 quod
817 793 911 838 nemo
942 791 1082 854 unquam
1131 773 1291 854 deplorato
1304 775 1358 836 illo
1371 780 1453 837 statu
1458 776 1610 855 jacentem
1622 774 1781 835 hominem
1792 770 1893 845 renit3

313 866 444 928 istorum
468 885 509 929 ne
536 868 681 947 cogitavit
707 869 853 948 quidem;
880 885 982 947 neque
1007 885 1082 927 vero
1131 872 1299 947 antequam
1313 868 1352 929 ad
1367 867 1509 942 alterurn,
1525 867 1747 945 melioremque
1759 862 1896 924 111111111-

314 959 477 1040 quisquam
487 961 677 1037 mortalium,
688 960 748 1023 nisi
761 978 879 1036 amens,
892 965 922 1021 et
934 959 1080 1038 furiosus,
1131 964 1188 1020 set.
1203 961 1284 1020 Cum
1294 960 1389 1037 igitur
1402 961 1543 1021 nondum
1551 960 1591 1021 ad
1602 960 1758 1021 Christum
1770 973 1896 1018 conver·

314 1052 499 1131 persuadere
519 1053 577 1113 sibi
603 1051 726 1132 potest?
756 1050 903 1113 Etenim¹
930 1056 1083 1112 astatum
1130 1069 1204 1128 um,
1231 1058 1263 1113 et
1289 1053 1324 1113 in
1350 1054 1456 1133 priore
1494 1058 1576 1114 statu
1604 1052 1706 1113 adhuc
1726 1051 1897 1112 haerentem

314 1144 426 1205 veteris
465 1144 675 1222 Testamenti,
703 1150 739 1206 ut
765 1144 870 1221 talem,
898 1161 964 1204 uon
990 1143 1083 1205 fuisse
1131 1145 1274 1206 animum
1286 1146 1456 1226 occuparit,
1471 1164 1507 1208 ac
1519 1144 1703 1225 praevenerit
1719 1144 1818 1224 gratia
1832 1140 1895 1203 sul-

310 1235 450 1314 justitiae,
464 1242 495 1297 et
507 1237 625 1313 salutis,
641 1237 695 1298 sed
706 1238 809 1317 potius
820 1236 947 1317 peccati,
959 1240 990 1297 et
1002 1253 1084 1296 mor·
1131 1236 1250 1313 ficiens,
1264 1237 1354 1299 affuit
1369 1240 1477 1318 utique
1491 1237 1611 1299 homini
1633 1236 1771 1315 sublege
1784 1234 1894 1315 posito,

313 1328 353 1388 tis
377 1349 392 1386 r
421 1334 548 1390 censent
575 1329 752 1405 Armacani,
781 1329 890 1391 itidem
915 1333 951 1389 ut
973 1336 1083 1389 statum
1131 1330 1320 1392 velinlideli.

315 1417 503 1501 infidelitatis
520 1440 527 1482 :
543 1427 575 1483 et
587 1427 757 1502 utrumque
770 1423 805 1482 in
822 1441 911 1502 aequo
931 1426 1082 1497 statuunt,
1172 1423 1240 1483 Vll.
1270 1423 1314 1484 Ac
1337 1423 1465 1502 perinde
1497 1428 1682 1502 argutantur
1709 1418 1820 1501 nuperi
1844 1417 1896 1478 isti

314 1513 399 1593 quod
413 1513 452 1573 ad
469 1513 575 1591 gratiae
590 1515 754 1594 penuriam
775 1520 806 1576 et
824 1520 990 1603 egestatem
1009 1513 1083 1574 atti·
1132 1515 1323 1595 theologi,nt
1332 1517 1359 1576 si
1372 1515 1441 1596 quis
1453 1520 1509 1576 aut
1518 1516 1656 1577 viventes
1668 1513 1808 1575 homines
1817 1509 1896 1572 mori

314 1611 378 1667 net.
408 1606 617 1687 Quisquamne
635 1606 732 1687 igitur
758 1608 835 1669 adeo
858 1608 903 1687 ab,
924 1604 1084 1669 communi
1133 1613 1244 1687 neget;
1259 1614 1461 1669 autmortuos
1474 1608 1511 1669 ad
1526 1608 1697 1669 vitamesse
1708 1610 1896 1667 revocatosa

314 1717 407 1761 sensu
434 1699 599 1761 derelictus
620 1699 769 1767 hactenus
793 1701 864 1778 luit,
892 1702 947 1780 qui
969 1699 1085 1781 peceati
1133 1700 1268 1777 Christo,
1287 1701 1338 1761 vel
1354 1700 1389 1761 in
1408 1713 1547 1763 extremo
1564 1718 1670 1762 rerum
1683 1717 1790 1761 occasu
1811 1713 1898 1758 revo

313 1797 426 1853 statum
453 1792 555 1853 ullum
582 1811 637 1873 per
664 1811 696 1854 se
726 1793 833 1873 gratiae
861 1793 993 1855 feracem
1018 1810 1084 1853 esse
1133 1792 1265 1869 candos3
1284 1798 1315 1855 11
1335 1793 1376 1854 ita
1395 1793 1624 1854 ratiocinetur:
1648 1789 1898 1872 quandoquidem

314 1883 516 1947 detenderet?
535 1885 575 1945 Ut
587 1885 612 1946 si
626 1885 695 1965 quis
709 1885 919 1947 meretricium
931 1886 1003 1946 vitae
1021 1890 1082 1947 sta·
1133 1885 1243 1947 eodem
1260 1891 1376 1966 puncto
1391 1885 1551 1966 temporis,
1562 1902 1624 1964 quo
1643 1901 1728 1945 mors
1745 1882 1805 1943 illis
1821 1879 1899 1942 acci·

314 1983 432 2041 tumen
445 1977 654 2057 sesegratiam
668 1978 901 2040 subministrare
915 1978 1040 2046 diceret,
1052 1986 1084 2039 et
1133 1978 1189 2055 dit,
1218 1978 1355 2040 viventes
1377 1995 1443 2039 esse
1460 1978 1615 2053 desinunt,
1642 1995 1707 2037 uon
1725 1973 1898 2037 virentibus

313 2069 505 2149 idoneaejus
527 2069 644 2130 auxilia
663 2071 702 2131 ad
720 2075 882 2151 peecatum
901 2070 1082 2146 delendum,
1135 2072 1334 2151 supervenire
1361 2076 1494 2132 mortem
1524 2090 1531 2129 :
1563 2070 1617 2131 sed
1645 2087 1746 2149 neque
1769 2064 1899 2128 mortuis

313 2164 374 2225 hoc
385 2171 431 2225 est
444 2163 484 2224 ad
497 2162 547 2223 sui
559 2162 656 2242 ipsius
669 2162 841 2241 interitum,
856 2168 887 2226 et
899 2161 1083 2243 perniciem?
1134 2165 1229 2223 vitam
1257 2163 1390 2239 restitui,
1416 2163 1488 2242 quia
1512 2179 1584 2224 curn
1608 2160 1710 2222 virere
1735 2158 1895 2239 incipirmt,

314 2256 364 2317 An
411 2255 576 2335 quisquam
621 2255 801 2333 doctorum,
848 2261 879 2316 et
923 2254 1084 2334 theologo·
1133 2255 1250 2317 mortui
1264 2254 1398 2335 amplius
1410 2273 1476 2316 non
1487 2260 1570 2315 sunt.
1581 2253 1640 2315 Par
1653 2253 1738 2314 enim
1751 2258 1781 2312 et
1791 2250 1898 2312 eadem

314 2364 403 2415 rum,
432 2366 511 2428 quos
536 2352 627 2408 sectae
641 2347 767 2426 signiter
780 2347 948 2421 allatravit,
977 2347 1085 2426 gratiae
1134 2353 1181 2408 est
1201 2348 1328 2409 illorum
1349 2345 1594 2427 argumentatio,
1624 2346 1678 2426 qni
1703 2342 1895 2410 infidelibus,

314 2439 433 2501 iontem
453 2445 485 2500 et
506 2438 701 2500 efficientiam
743 2440 779 2499 in
813 2444 900 2499 tanta
933 2439 1084 2519 pravitate
1133 2445 1226 2520 atque
1239 2440 1273 2500 in
1286 2441 1447 2502 ludaismo
1456 2439 1662 2517 deprehensis,
1674 2435 1898 2516 negantadasse

315 2532 497 2593 mustiturtl
538 2532 635 2592 Nemo
678 2529 850 2609 utiquenec
884 2549 922 2591 ea
954 2532 1085 2611 proinde
1133 2533 1281 2610 gratiam3
1297 2532 1444 2612 quoniam
1462 2537 1530 2592 tum
1544 2531 1683 2605 demum,
1707 2546 1778 2590 cum
1794 2526 1899 2587 adesse

315 2642 404 2686 mens
437 2624 682 2685 Armacanorum
727 2623 761 2682 in
795 2622 999 2702 abjudicanda
1025 2624 1086 2684 sul·
1133 2623 1251 2705 incipit,
1277 2625 1412 2685 alterum
1437 2624 1471 2684 in
1498 2627 1613 2684 statum
1638 2619 1896 2682 transcribantur.

316 2717 439 2777 ficiente
472 2716 572 2795 gratia
598 2715 638 2776 ab
672 2721 806 2794 utroque
834 2715 888 2776 illo
915 2720 997 2776 statu
1019 2734 1085 2778 esse
1134 2717 1343 2791 Quamobrem
1375 2721 1412 2776 ut
1444 2721 1491 2777 est
1522 2714 1638 2775 insulsa
1672 2712 1757 2792 prior
1780 2711 1832 2771 illa
1859 2709 1898 2770 de

316 2815 426 2889 potest.
1133 2809 1263 2869 mortuis
1289 2809 1322 2870 in
1351 2809 1447 2868 vitam
1479 2807 1628 2867 restitutis
1660 2804 1825 2877 calumnia,
1855 2801 1899 2862 sie

354 2903 410 2962 Vl.
426 2903 534 2962 Restat
547 2900 801 2979 ergosecundum
811 2900 899 2969 illud,
909 2899 956 2960 uti
966 2899 1085 2961 nullam
1136 2902 1378 2962 armacanorum
1389 2899 1544 2960 ludicrum
1558 2903 1604 2959 est
1616 2901 1647 2958 et
1655 2896 1793 2975 joculare
1813 2912 1897 2956 com·

316 3013 355 3057 ex
382 2993 494 3055 merito
521 2992 633 3054 Christi
660 2992 793 3070 gratiam
826 2992 949 3053 affuisse
969 2992 1086 3053 ludaeis
1133 3004 1286 3055 mentum.

316 3087 402 3159 olim,
427 3104 486 3147 ner.
502 3084 607 3145 adesse
631 3083 724 3144 modo
744 3082 921 3145 infidelibus
942 3103 979 3146 1ο
992 3102 1085 3144 sensu
1174 3086 1255 3152 Quid
1270 3085 1353 3165 quod
1362 3084 1400 3146 ad
1414 3082 1552 3165 primurn
1560 3082 1669 3162 gratia
1685 3079 1899 3163 prevenientis

316 3178 487 3258 disputent.
495 3182 531 3237 ut
542 3176 694 3254 quamdiu
704 3175 738 3234 in
746 3194 801 3236 suo
812 3176 865 3236 illo
878 3175 1085 3237 statuJudais·
1134 3179 1310 3258 appulsum,
1330 3196 1394 3239 non
1416 3178 1519 3239 statim
1534 3176 1573 3237 ab
1595 3195 1644 3252 eo,
1668 3193 1731 3254 quo
1753 3173 1898 3251 sublege

316 3270 372 3347 mi,
385 3275 439 3330 aut
449 3267 638 3329 infidelitatis
649 3274 787 3341 manent,
798 3268 884 3329 nulla
894 3267 967 3348 ipsis
977 3269 1085 3347 gratiae
1135 3288 1199 3331 esse
1213 3271 1368 3345 dicuntur,
1382 3274 1464 3330 statu
1473 3268 1690 3348 peccatoresad
1699 3266 1899 3327 aliumtrans

316 3363 497 3442 adjumenta
522 3365 696 3440 suppetant.
717 3362 817 3439 Atque
836 3361 879 3421 ita
898 3362 1011 3423 sentire
1031 3362 1084 3423 de·
1134 3362 1287 3437 feruntur,
1317 3363 1371 3442 qui
1399 3361 1468 3422 novi
1496 3358 1684 3427 Testamenti,
1712 3358 1763 3419 vel
1793 3357 1897 3438 qratia

316 3472 405 3515 mum
418 3454 491 3514 istos
513 3472 552 3515 ex
574 3472 610 3515 eo
632 3453 837 3529 cognoscitur,
861 3454 1031 3533 quodcum
1048 3455 1086 3515 iis
1136 3455 1285 3516 vocatur?
1302 3453 1368 3516 Soli
1387 3456 1502 3533 quippe
1519 3452 1607 3531 justi,
1624 3470 1659 3512 ac
1673 3451 1770 3511 sancti
1786 3448 1898 3510 tamin

316 3546 473 3625 objectum
505 3550 565 3622 est;
609 3545 686 3605 adeo
715 3563 779 3605 non
809 3545 940 3607 defuisse
972 3546 1086 3607 ludaeis
1135 3547 1296 3608 ludaismo
1318 3545 1426 3621 veteri,
1450 3562 1544 3625 quam
1567 3545 1601 3604 in
1615 3542 1847 3604 Christianismo
1860 3540 1899 3601 ad

318 3637 453 3718 antiquis
472 3637 603 3715 gratiam
618 3636 741 3712 Christi,
757 3643 793 3697 ut
814 3637 896 3698 inter
909 3637 978 3698 illos
1000 3655 1085 3699 com·
1135 3639 1220 3699 huna
1233 3639 1388 3719 pertinent
1404 3658 1411 3698 :
1428 3643 1463 3698 ut
1476 3638 1665 3697 Armacanos
1678 3635 1791 3696 sentire
1808 3650 1898 3713 supe·

321 3730 427 3809 plures
466 3729 577 3790 eximia
613 3729 686 3788 vitae
720 3727 897 3802 sanctitate,
930 3730 1088 3809 integrita·
1135 3731 1200 3793 rius
1212 3732 1411 3792 ostendimus.
1431 3731 1511 3790 Nam
1523 3729 1574 3789 isti
1589 3747 1641 3790 eos
1654 3727 1900 3788 duntaxatinter·

324 3826 416 3902 teque
450 3821 597 3897 vixerint,
633 3820 717 3900 quod
749 3821 815 3881 sine
846 3822 946 3901 gratia
973 3822 1087 3884 Christi
1135 3829 1297 3903 pretantur
1309 3822 1432 3903 11111191
1444 3839 1511 3897 ease,
1524 3839 1562 3882 ex
1573 3819 1722 3899 Apostoli,
1736 3824 1768 3880 et
1784 3818 1900 3897 Augus

318 3914 439 3994 assequi
471 3913 700 3993 nequiverint:
739 3913 885 3975 adversus
917 3914 977 3975 hoc
1008 3915 1087 3976 exci-
1134 3915 1193 3976 tini
1208 3915 1370 3990 sententia,
1386 3914 1440 3993 qui
1467 3912 1599 3994 peccatis
1620 3911 1730 3973 irretiti
1750 3915 1824 3973 sunt
1839 3909 1899 3971 :de

318 4006 415 4087 piant,
445 4006 558 4067 ideirco
583 4005 663 4065 nihil
685 4010 867 4082 argumento
892 4005 949 4066 isto
979 4012 1086 4068 contra
1136 4007 1249 4087 quihus
1262 4007 1314 4068 hic
1338 4006 1427 4066 illum
1448 4005 1532 4085 loqui
1548 4004 1665 4066 asserit:
1689 4004 1737 4064 his
1747 4001 1897 4064 verbis¹z

320 4116 353 4158 se
367 4115 424 4158 nos
435 4097 576 4172 efficere3
592 4096 876 4176 quodjustiomnes
889 4098 989 4174 illi,eo
1006 4098 1085 4179 ipso,
1140 4121 1156 4157 a
1173 4100 1306 4160 Tamdiu
1317 4098 1402 4160 enirn
1416 4097 1489 4158 diait
1498 4093 1681 4178 (Apostolus)
1691 4096 1749 4157 suh
1761 4095 1827 4170 lege
1836 4112 1899 4156 esse

320 4190 404 4270 quod
417 4190 516 4270 gratia
530 4188 638 4249 donati
648 4187 773 4265 fuerint,
781 4197 812 4250 et
820 4188 973 4268 justitiam
984 4191 1087 4271 adepti
1134 4191 1318 4268 hominem,
1349 4189 1587 4270 quamdiu-vivit
1600 4194 1721 4269 peccato
1736 4207 1744 4248 :
1757 4186 1902 4267 quemad·

319 4281 456 4362 apriore
473 4282 526 4342 illo
541 4285 622 4342 statu
631 4281 819 4343 Testamenti
827 4282 950 4359 veteris,
960 4282 1000 4343 ad
1012 4283 1086 4343 novi
1135 4285 1263 4346 modum
1291 4282 1410 4346 tamdiu
1443 4282 1557 4344 mulier
1584 4281 1642 4342 suh
1671 4281 1738 4359 lege
1758 4278 1817 4340 viri
1842 4283 1898 4356 est,

320 4379 435 4436 statum
442 4374 593 4447 translati,
609 4377 640 4434 et
652 4373 835 4434 Christianis
857 4373 1000 4435 accensiti
1016 4374 1086 4435 fue·
1136 4376 1286 4457 quamdiu
1303 4376 1380 4437 vivit
1397 4374 1484 4436 vir.»
1505 4373 1659 4449 Quoniam
1672 4372 1779 4452 igitur,
1794 4390 1833 4434 ex
1847 4375 1901 4431 lr-

320 4464 393 4527 rint.
410 4466 539 4526 Prorsrn
559 4465 662 4544 itaque
679 4465 722 4526 sio
738 4465 903 4542 disserunt,
925 4466 1037 4528 idcirco
1055 4485 1087 4529 se
1135 4485 1335 4531 macariorum
1350 4467 1505 4548 opinione,
1522 4466 1627 4527 nullus
1640 4468 1742 4526 estote
1752 4463 1835 4545 legis,
1846 4460 1900 4542 qui

320 4556 401 4618 nihil
414 4558 520 4636 gratia
533 4557 567 4617 in
587 4557 754 4619 Judaieum
768 4563 892 4637 statum,
908 4558 1086 4621 1111111111-
1136 4567 1182 4623 est
1201 4561 1316 4641 petrau
1333 4567 1437 4636 status,
1464 4559 1504 4619 ad
1530 4557 1598 4619 aovi
1626 4555 1813 4628 Testamenti,
1837 4554 1901 4616 sive

320 4648 398 4711 lium
411 4647 600 4711 transfusum
614 4666 759 4726 asserere,
780 4651 864 4729 quod
878 4667 915 4710 eo
928 4656 1087 4712 momento
1136 4657 1246 4732 qratia
1254 4660 1376 4730 statum,
1387 4650 1534 4731 quamdiu
1544 4656 1591 4711 est
1603 4646 1788 4729 imprecato,
1799 4646 1901 4708 tradu-

320 4740 352 4802 in
374 4740 491 4801 utrovis
508 4758 573 4802 esse
592 4745 673 4802 statu
696 4740 852 4819 desierint,
881 4760 944 4822 quo
969 4742 1088 4822 primus
1137 4744 1216 4805 citur
1233 4764 1240 4804 :
1256 4762 1349 4805 nemo
1364 4749 1469 4805 autem
1485 4746 1650 4823 apeerato,
1674 4740 1734 4800 nisi
1751 4757 1806 4819 per
1819 4739 1902 4800 inlu·

320 4832 390 4894 illos
412 4833 517 4913 gratie
541 4841 643 4896 motus
667 4833 798 4913 excitare
829 4835 930 4914 coepit.
960 4836 1002 4894 At
1028 4835 1087 4895 hoc
1138 4837 1257 4897 sionem
1276 4836 1412 4915 justitie,
1437 4842 1467 4896 et
1484 4835 1592 4915 gratie
1609 4830 1825 4893 sanctificantis
1838 4831 1902 4892 cxi-

320 4924 423 5006 ipsum
437 4944 502 4987 nou
516 4925 617 4988 solum
630 4925 752 5004 falsum,
775 4932 806 4987 et
819 4925 1003 4988 hereticum
1021 4931 1086 5002 est;
1136 4927 1252 5002 mitur;
1279 4926 1413 5007 proiecto
1439 4926 1494 5007 qui
1517 4926 1599 4986 hanc
1617 4922 1771 4985 antecedit
1793 4927 1900 5000 status,

319 5019 374 5079 sed
395 5017 489 5080 etiam
509 5018 733 5080 inextricabile.
754 5018 932 5098 Fingamus,
953 5018 1088 5098 primum
1137 5018 1212 5080 dum
1226 5018 1429 5097 adjustitiam
1451 5015 1635 5097 opportunis
1657 5014 1777 5077 auxiliis
1798 5014 1903 5093 paula·

320 5111 428 5190 3111111
442 5109 594 5191 impetum
604 5128 672 5171 eam
684 5110 799 5172 habere
811 5110 888 5186 vim,
905 5116 1087 5191 utpeccato-
1136 5111 1193 5172 tim
1207 5116 1350 5191 peccator
1362 5110 1549 5185 adducitur3
1572 5108 1645 5190 lepis
1676 5112 1729 5182 eat,
1744 5112 1775 5168 et
1791 5106 1905 5188 11111111

319 5220 392 5265 rum
403 5203 545 5266 omnium
557 5201 694 5264 abstersa
705 5201 787 5280 labe,
802 5202 905 5269 statim
925 5202 1087 5266 hominem
1137 5207 1241 5267 status.
1277 5205 1324 5265 Ex
1357 5221 1420 5284 quo
1449 5218 1641 5283 consequens
1668 5205 1725 5278 est,
1748 5198 1824 5261 falso
1845 5197 1905 5261 dici

346 5403 357 5450 1
372 5405 433 5452 'lom
446 5403 486 5459 111,
498 5404 539 5451 lib.
550 5403 590 5458 m,
600 5416 621 5450 e.
635 5415 693 5450 ra·
705 5403 720 5448 11
734 5405 792 5461 aug.
805 5402 846 5450 tlh.
860 5403 1022 5465 1111111111,
1035 5417 1093 5453 1111.
