4078 6162
170 1800 266 1845 Electus

171 1853 268 1899 tornatio

144 1907 292 1952 „mm
316 1877 526 1955 exposuimus.
541 1875 792 1953 nnito’onisillim,
810 1874 1084 1955 quaeincarnatio·
1133 1896 1210 1955 esse,
1241 1877 1398 1940 Christum
1423 1878 1595 1953 hominem,
1623 1883 1656 1941 et
1680 1876 1823 1941 Verbum
1850 1875 1907 1938 Dei
2030 1900 2031 1967 μ

804 332 1128 401 tunctufflcouuu
1149 330 1368 399 DOGMATUM

1130 517 1169 560 ex
1184 497 1329 581 Ephesini
1344 493 1466 563 concilii
1475 492 1651 561 autontate,
1661 490 1694 555 id
1706 488 1897 569 astejusdem

1130 590 1259 672 epistola
1268 588 1378 669 Cyriili
1396 584 1435 651 od
1454 584 1636 652 Nestorium,
1656 583 1691 645 in
1712 581 1765 643 illa
1777 580 1897 661 synodo

526 700 555 787 C
564 701 598 785 Α
609 703 639 787 p
652 700 724 788 UT
779 700 856 782 XL
1130 682 1271 760 probata,
1286 687 1317 742 et
1330 680 1364 741 in
1373 680 1450 741 Acta
1462 680 1561 740 relata
1571 676 1706 739 declarat
1717 673 1771 741 sic.
1791 672 1899 747 «Quia

1130 775 1259 839 diversas
1273 773 1401 854 quidem
1414 772 1454 833 ad
1469 770 1624 835 unitatem
1645 785 1753 831 veram
1770 784 1900 829 concur·

1130 885 1199 931 rere
1214 876 1345 941 naturae
1361 882 1444 925 unus
1458 867 1563 927 autem
1576 879 1617 922 ex
1633 859 1784 927 ambabus
1798 858 1900 923 Chris-

315 968 516 1031 Constituitcr
541 966 702 1041 unitionis,
732 983 799 1048 quc
820 965 852 1027 iu
873 962 1082 1025 lucornattone
1131 964 1182 1021 tus
1196 958 1252 1018 liei
1264 957 1346 1019 filius
1363 977 1370 1017 ι
1386 974 1452 1017 non
1465 960 1615 1034 tauquam
1636 959 1822 1014 naturarum
1842 950 1900 1013 dii·

351 1061 398 1145 pu,
412 1060 566 1143 proprius,
587 1069 613 1119 ot
630 1057 772 1141 formalia
785 1056 915 1139 effectus,
932 1059 960 1118 l.
977 1053 1031 1136 qui
1041 1063 1083 1119 cat
1132 1049 1264 1111 ferentia
1280 1051 1319 1111 sit
1341 1052 1503 1130 perempta
1521 1052 1647 1127 propter
1659 1046 1832 1121 unitatem3
1848 1044 1902 1107 sed

353 1173 412 1214 cco
428 1152 546 1215 Christi
557 1170 679 1237 persono
693 1145 1080 1223 coturisoonstoncduodus,
1133 1141 1237 1222 potius
1251 1140 1487 1207 edoceritnohis
1496 1158 1596 1207 unum
1608 1138 1778 1205 Dominum
1792 1138 1902 1201 iesum

353 1264 483 1331 unusque
500 1244 564 1321 oet,
574 1252 602 1305 et
613 1243 740 1304 hominio
747 1242 839 1323 filius.
856 1246 885 1307 3.
902 1239 965 1303 lde
979 1238 1083 1320 Scrup-
1133 1234 1303 1303 Christum,
1320 1232 1464 1295 etlilium
1477 1231 1500 1294 l.
1515 1252 1531 1291 a

353 1342 429 1398 turis
447 1337 595 1421 prodatur
613 1336 761 1416 puniam.
777 1339 807 1397 t.
823 1343 886 1397 tucn
907 1330 1081 1409 ecocciiiis,
1173 1328 1213 1388 ll.
1240 1325 1430 1389 Athanasius
1455 1324 1491 1389 iu
1517 1321 1646 1405 epistola
1667 1321 1710 1385 ud
1729 1319 1904 1402 Epictetum

353 1426 666 1511 corumqocspciiolis,
683 1430 712 1488 8.
730 1427 800 1488 Post
814 1433 941 1488 ceterum
955 1423 1084 1487 Petrum
1136 1416 1278 1489 Corinthi
1302 1418 1470 1498 episcopum
1496 1432 1611 1495 magno
1645 1431 1718 1477 cum
1742 1413 1904 1479 stomacho

354 1521 515 1583 sententiis.
532 1522 581 1585 it.
605 1539 639 1581 oo
653 1518 777 1605 donique
801 1516 970 1598 theoloqiois
992 1534 1084 1597 orou-
1132 1527 1247 1573 novam
1260 1510 1294 1570 in
1318 1509 1464 1573 haeresim
1486 1507 1655 1583 invehitur,
1681 1523 1783 1585 aqum
1797 1506 1904 1567 Chris·

355 1614 468 1677 meotis.
1132 1607 1201 1663 tum
1211 1602 1245 1665 in
1259 1619 1351 1664 carna
1364 1619 1501 1681 passum,
1517 1607 1548 1661 et
1566 1600 1696 1663 affixum
1708 1599 1793 1663 cruci
1805 1617 1904 1678 nega·

1132 1694 1186 1757 hat
1203 1712 1269 1757 esse
1283 1694 1452 1755 Dominum
1470 1699 1501 1757 et
1520 1693 1724 1769 Salvatorem,
1739 1693 1903 1767 aeneum,

357 1786 381 1847 l.
397 1786 561 1861 Quoniam,
572 1782 654 1845 utin
670 1781 922 1845 antecedentibus
935 1781 1085 1862 capitibus
1133 1786 1292 1867 Patrisque
1315 1785 1485 1849 filiumm)
1513 1786 1559 1849 lta
1585 1786 1663 1849 duos
1688 1782 1907 1849 amevmahum

144 1972 191 2006 υννι
209 1959 292 2004 consu
317 1988 402 2048 nem,
417 1969 526 2031 formae
540 1970 647 2043 mator,
664 1968 768 2046 efficit,
783 1969 911 2045 nucius,
931 1985 967 2028 ac
980 1966 1084 2027 termi-
1134 1971 1245 2035 filium.
1261 1972 1345 2045 Quos
1357 1973 1416 2032 hoo
1431 1989 1495 2035 uno
1518 1970 1661 2055 perbrevi
1684 1986 1834 2049 responso
1849 1967 1906 2033 ab·

170 2024 264 2112 tut:

168 2127 272 2184 οοιωινρι

170 2180 267 2219 uniunt.

316 2081 382 2140 nus,
404 2069 440 2125 ut
459 2062 546 2145 loqui
568 2065 798 2125 consueverunt
815 2059 938 2135 scholae,
966 2077 1031 2120 non
1050 2059 1084 2119 in
1132 2063 1295 2133 solvendos
1308 2063 1375 2125 ait:
1400 2085 1415 2123 o
1436 2064 1543 2145 Neque
1559 2063 1641 2127 hunc
1663 2079 1729 2125 esse
1746 2060 1908 2123 catholice
2030 2066 2031 2069 ’

316 2162 428 2217 natura
441 2154 509 2235 ipsa
521 2154 675 2217 consistit:
690 2153 862 2215 necemario
876 2150 951 2211 alihi
963 2170 983 2210 a
993 2150 1083 2211 nobis
1134 2155 1277 2218 Ecclesiae
1291 2155 1402 2217 fidem:
1413 2173 1515 2239 neque
1533 2171 1659 2223 sensum
1672 2154 1757 2216 hunc
1775 2154 1908 2217 Panum
2031 2226 2032 2247 χ

316 2247 522 2327 inquirendus
542 2252 597 2308 est.
619 2248 664 2308 Ac
685 2245 762 2306 mihi
784 2251 860 2329 puto
884 2261 1083 2306 concessuros
1135 2247 1283 2311 exstitisse
1294 2245 1349 2309 l.»
1380 2249 1455 2323 Quas
1478 2249 1541 2315 duo
1568 2247 1608 2309 ab
1631 2246 1799 2311 Athanasio
1823 2263 1907 2325 pras-
2031 2250 2032 2277 ³

318 2358 436 2417 omnes,
459 2340 493 2400 in
516 2356 553 2400 ec
583 2338 834 2401 constituendum
852 2354 917 2397 asse
942 2334 1085 2397 unitionis
1136 2339 1247 2419 scripta
1269 2339 1460 2419 probationis
1482 2340 1582 2420 capita
1603 2339 1739 2403 breviter
1755 2337 1818 2399 hoc
1835 2336 1908 2399 laco
2031 2300 2032 2353 3

316 2432 472 2507 effectum,
488 2437 519 2493 et
530 2431 698 2506 cerenicum,
710 2431 794 2511 quod
816 2447 917 2491 unum
930 2428 1033 2490 existit
1046 2446 1085 2491 ex
1135 2449 1368 2512 persequemur,
1379 2451 1414 2497 ao
1427 2430 1565 2517 primum
1575 2430 1775 2511 eScripturlc,
1788 2435 1821 2491 et
1833 2447 1908 2492 cuna

316 2529 502 2585 naturarum
510 2522 685 2605 junctione.
701 2524 765 2583 Hoc
775 2529 882 2584 autem
894 2540 960 2583 non
974 2527 1085 2581 natura
1136 2524 1223 2601 ciliis,
1238 2531 1307 2586 tum
1327 2543 1367 2586 ex
1386 2524 1520 2605 antiquis
1534 2523 1686 2601 Patribus,
1709 2522 1798 2598 illud,
1820 2524 1909 2603 quod
2032 2538 2033 2591 ι

316 2622 363 2678 est
372 2616 477 2699 aliqua
487 2616 587 2690 tertia,
603 2614 687 2693 quod
695 2614 762 2693 jam
781 2613 994 2675 ostendimus:
1010 2612 1085 2693 qnia
1135 2616 1299 2678 statuimus
1312 2618 1456 2683 effectum
1468 2616 1621 2693 coitionis,
1638 2620 1670 2676 ot
1682 2615 1910 2679 iucarnationis

316 2709 403 2770 nulla
415 2725 542 2789 prorsus
553 2706 732 2786 hujusmodi
745 2706 780 2767 iu
797 2706 917 2767 Christo
934 2706 1082 2769 cernitur,
1135 2709 1342 2777 adstruamus,
1357 2710 1418 2771 Sed
1429 2709 1506 2771 illud
1520 2708 1617 2788 prius,
1631 2708 1715 2788 quod
1734 2706 1905 2783 exciderat,

316 2801 354 2862 Et
366 2806 474 2863 tamen
486 2818 552 2865 non
561 2803 648 2860 extra
657 2798 744 2859 huno
755 2797 869 2879 ipsum,
877 2815 972 2877 quem
986 2797 1084 2859 nomi·
1134 2801 1538 2881 adnotandumputamus:
1567 2806 1705 2867 veterem
1727 2799 1811 2861 hanc
1839 2817 1908 2861 ease

316 2894 470 2972 ravimus,
487 2892 655 2967 Christum,
667 2907 767 2950 unum
777 2888 854 2949 illud
867 2888 1085 2969 quodcumque
1133 2892 1235 2955 lahem
1249 2893 1416 2972 opinionis,
1431 2912 1502 2973 qum
1516 2894 1548 2955 in
1568 2892 1687 2955 Christo
1701 2891 1779 2954 duos
1792 2909 1908 2969 agnos-

315 2987 442 3048 taudcm
456 2984 614 3060 consurgit
627 2982 767 3059 tertium,
783 2980 962 3056 investigari
973 2987 1083 3061 potest.
1134 2984 1222 3046 cahat
1235 3003 1253 3045 a
1267 3003 1299 3047 se
1313 2985 1483 3061 distinctos,
1504 2990 1597 3064 atque
1615 2985 1738 3047 divisos.
1764 2985 1849 3063 Quos
1873 2984 1907 3047 iu

316 3079 436 3161 Quippe
449 3077 528 3138 nihil
549 3080 663 3159 praeter
682 3074 838 3134 Christum
864 3080 992 3134 naturas
1005 3074 1039 3135 iu
1053 3093 1085 3136 se
1135 3077 1215 3139 calce
1229 3076 1302 3139 libri
1316 3078 1352 3139 de
1364 3096 1452 3140 corne
1479 3076 1598 3139 Christi
1609 3075 1818 3138 Tertullianus
1830 3093 1908 3137 exa-

316 3169 552 3244 continetduas,
567 3175 735 3227 autunum
754 3184 793 3227 ex
814 3165 932 3227 duabus
952 3171 1081 3228 constet.
1134 3169 1233 3245 gitat:
1252 3170 1369 3230 «Sicut
1389 3176 1420 3230 ct
1443 3168 1607 3242 definiens,
1624 3169 1678 3245 ait,
1699 3169 1802 3248 ipsum
1823 3185 1906 3247 quo·

316 3261 444 3324 Necesse
458 3261 608 3341 estigitnr
622 3258 795 3338 proprium,
816 3263 847 3319 et
865 3257 1035 3338 formalem,
1051 3263 1086 3319 ui
1135 3279 1195 3341 que
1229 3261 1385 3323 Christum
1419 3278 1531 3336 uuum,
1563 3260 1762 3325 multitormis
1793 3259 1907 3321 Chr‘nti

213 3380 217 3390 ·
250 3378 276 3424 ·,
315 3359 437 3431 vocant,
457 3364 500 3430 τῆς
514 3360 623 3422 teucro<
646 3352 792 3413 effectum
819 3368 882 3413 non
906 3350 1083 3424 aliudesse,
1134 3359 1403 3432 argumentatores
1432 3353 1543 3433 quatit,
1574 3353 1630 3437 qui
1662 3352 1758 3415 alium
1787 3352 1908 3414 facium

316 3466 411 3528 quam
451 3446 534 3526 quod
571 3444 705 3525 Gyrillus
729 3444 763 3504 in
790 3443 921 3522 epistola
957 3444 996 3503 ad
1017 3462 1086 3504 mo-
1135 3446 1301 3522 Christum,
1316 3445 1414 3509 alium
1433 3446 1552 3524 iesum,
1575 3445 1675 3511 alium
1699 3445 1842 3525 elapsum
1867 3445 1908 3508 da

315 3541 432 3601 naahas
444 3537 604 3619 AEgyptios
616 3535 968 3599 sternumentum
979 3535 1082 3612 rebus,
1135 3538 1244 3599 mediis
1257 3537 1367 3615 turbis,
1382 3537 1479 3601 alium
1492 3539 1664 3612 detentum,
1676 3563 1690 3592 ν
1712 3542 1772 3599 etc.
1786 3537 1907 3603 veum

315 3632 427 3712 inquit,
438 3630 596 3691 divinitate
611 3627 737 3704 scilicet,
752 3633 783 3689 et
795 3628 999 3704 humanitate,
1015 3647 1083 3689 ccr-
1134 3630 1186 3691 isti
1211 3630 1346 3691 Christos
1371 3630 1468 3706 duos;
1493 3629 1558 3691 sive
1585 3629 1744 3693 Christum
1762 3629 1802 3691 ah
1830 3631 1906 3691 ison

314 3725 430 3786 tissime
444 3726 564 3785 constat
584 3720 791 3782 Emmanuel:
813 3720 896 3781 idem
915 3739 988 3781 vero
1003 3738 1085 3787 unus
1135 3721 1328 3805 separabant.
1364 3722 1524 3785 Nestorius
1558 3739 1643 3798 vero,
1672 3740 1768 3801 quem
1796 3727 1907 3785 conus

315 3817 466 3878 Dominus
479 3816 497 3877 J
500 3832 570 3876 esus
584 3813 732 3886 Christus,
746 3831 829 3873 unus
843 3819 875 3873 et
885 3832 976 3874 verus
989 3814 1083 3890 filius,
1134 3814 1330 3893 potissimum
1339 3813 1391 3877 hic
1403 3813 1609 3895 disputamus,
1617 3815 1716 3876 ueum
1724 3815 1764 3875 ah
1776 3813 1905 3877 homine

315 3912 395 3972 Deus
406 3908 509 3981 simul,
530 3913 561 3968 et
570 3908 676 3983 homo,
692 3925 757 3966 non
771 3907 852 3966 Deus
866 3905 963 3966 factus
975 3924 1084 3967 eorum
1133 3906 1291 3987 hypostasi
1306 3905 1481 3983 divellebat,
1494 3906 1572 3967 duos
1580 3908 1681 3987 reipsa
1693 3906 1903 3981 constiturum

314 4021 412 4080 more,
427 4001 481 4081 qui
496 4001 528 4061 id
536 3999 636 4078 gratia
658 4004 891 4078 consequuntur
907 4018 914 4057 z
931 3999 984 4060 sed
1004 3999 1084 4060 Deus
1133 3997 1258 4060 tametsi
1266 3998 1361 4059 verbo
1374 4015 1474 4063 uuum
1483 3999 1634 4063 duntaxat
1641 3998 1905 4061 asserebutGhris

313 4096 426 4174 potius,
450 4092 505 4172 qui
528 4091 656 4153 veroin
682 4091 822 4152 humana
840 4089 940 4151 torma
957 4096 1084 4171 propter
1132 4096 1305 4171 tumutque
1322 4090 1441 4169 iiiium3
1461 4095 1498 4150 ut
1515 4108 1572 4153 suo
1590 4090 1658 4155 loco
1679 4090 1904 4155 demonstravi·

313 4205 371 4248 nos
383 4185 528 4266 apparuit
538 4194 551 4221 ⁶
570 4204 577 4244 :
597 4205 609 4242 ι
623 4183 725 4262 Atque
753 4183 811 4243 hoc
824 4182 989 4243 Flavianus
1001 4184 1084 4243 Con·
1133 4202 1204 4249 mus
1219 4183 1240 4245 ¹.
1252 4183 1458 4247 Ostendemus
1468 4183 1573 4258 moda,
1584 4182 1615 4244 id
1630 4183 1713 4263 quud
1727 4182 1821 4247 nohis
1835 4200 1905 4262 pro-

270 4365 274 4375 .
311 4276 788 4357 stantinopolitanusepiscopus‚
801 4274 933 4337 eximius
951 4282 1082 4357 martyr,
1134 4278 1271 4357 positum
1284 4281 1341 4357 est,
1357 4274 1529 4353 unitionem,
1552 4279 1584 4337 et
1603 4274 1901 4345 intonationem

346 4499 368 4539 c
386 4484 452 4540 Cra.
470 4498 513 4553 cp.
529 4495 550 4535 ιι
564 4476 607 4536 od
620 4475 777 4535 Mococios
792 4477 860 4548 Eph.
878 4479 963 4534 Ceno.
982 4493 1041 4548 par.
1057 4477 1078 4532 l.
1131 4477 1192 4544 νιος,
1208 4477 1256 4552 οὐχ
1269 4478 1302 4541 ὡς
1319 4480 1362 4545 τῆς
1385 4482 1435 4531 τῶν
1457 4476 1552 4548 pisana
1566 4478 1684 4549 διαφορᾶς
1697 4477 1852 4551 ἀνῃρημένης
1865 4476 1903 4533 ut

309 4565 403 4620 (λλκοῦν
418 4564 445 4619 ἐκ
455 4567 523 4618 δυοῖν
541 4562 584 4635 μὲν
600 4562 750 4635 πραγμάτων
765 4559 978 4635 ὁμολογουμένως,
998 4561 1082 4629 θεότη-
1131 4560 1175 4629 τὴν
1204 4561 1300 4615 ἕνωσιν·
1327 4560 1533 4614 ἀποοτελεσαυῶν
1556 4560 1698 4633 δὲμᾶλλον
1723 4561 1784 4636 ημῖν
1800 4563 1845 4621 τὸν
1863 4563 1902 4621 ἕνα

309 4651 353 4711 τός
375 4666 419 4717 τι,
445 4648 485 4701 καλ
499 4644 731 4719 ἀνθρωπότητος,ὀ
758 4642 933 4717 Ἐμμανουήλ.
957 4643 1021 4710 πλὴν
1047 4637 1082 4705 εἷς
1130 4645 1210 4717 κύριον
1229 4642 1329 4713 Ἰησοῦν
1343 4642 1584 4716 Χριοτδνμιαλυῐόν.

310 4733 390 4805 κύριος
408 4731 507 4801 Ἰησοῦς
521 4731 535 4783 d
549 4729 661 4800 Χριστος,
677 4720 764 4803 εἴς-τι,
783 4726 824 4779 καλ
838 4725 934 4794 ἀληθῶς
953 4725 1014 4791 υἱὸς,
1029 4727 1081 4788 θεός
1167 4728 1303 4784 curnis.
1321 4726 1364 4783 ud
1383 4729 1481 4799 Epioe.
1502 4727 1570 4789 Τίνες
1589 4725 1615 4781 δὲ
1632 4726 1680 4800 ἅμα
1693 4726 1759 4782 οὕτω
1781 4726 1901 4803 τολμηροὶ

309 4835 337 4871 τι
351 4817 425 4887 ὁμοῦ,
439 4815 480 4867 cul
501 4812 627 4883 ἅνθρωπος
640 4808 669 4865 οὗ
688 4807 836 4877 θιοτοιηθνλς
852 4807 877 4861 ἓν
891 4806 940 4882 ἴσῳ
953 4812 1006 4873 τοῖς
1018 4808 1082 4863 κατὰ
1130 4813 1269 4884 γεγόνασιν,
1281 4811 1347 4865 ὥστε
1362 4808 1448 4874 εἰπεῖν,
1460 4809 1502 4863 τὸν
1523 4809 1627 4883 Χριστὸν
1641 4810 1682 4863 τὸν
1696 4809 1767 4883 σαρκὶ
1780 4812 1900 4874 παθόντα,

310 4900 395 4973 χάριν,
420 4898 473 4960 θεὸς
493 4894 519 4948 oi
546 4894 641 4966 μᾶλλον
665 4891 786 4960 ἀληθινῶς
800 4889 824 4944 ἔν
839 4890 977 4965 ἀνθρωττίᾳ
999 4896 1080 4966 μορφῇ
1129 4894 1169 4948 καὶ
1182 4893 1376 4968 ἐσταυρωμένον,
1385 4892 1418 4966 μὴ
1434 4887 1599 4966 ιῖναιίιύριον,
1609 4895 1649 4949 καὶ
1663 4897 1773 4971 σωτῆρα,
1783 4895 1827 4951 καλ
1838 4894 1900 4959 tots,

310 4983 423 5055 πομηνὼς
436 4981 469 5033 δι’
480 4977 555 5051 ἡμᾶς.
1129 4977 1170 5032 cai
1182 4978 1233 5033 aihu
1244 4971 1288 5031 τοῦ
1298 4979 1403 5051 πατρός;

346 5066 570 5132 distruuep.
587 5057 630 5115 ud
643 5062 726 5114 Leon.
746 5057 873 5115 Chalced.
890 5075 1079 5131 syncopis,
1165 5060 1187 5116 d
1219 5061 1288 5117 ibid.
1323 5059 1362 5112 'ii
1384 5053 1458 5114 τοῦτο
1480 5060 1555 5133 μόνον
1584 5057 1757 5137 ἀποκρίνασθαι
1781 5058 1843 5135 προς
1870 5058 1899 5115 ri

311 5164 344 5206 an
365 5149 430 5220 Οτι.
446 5163 489 5218 ep.
506 5160 526 5200 tt
545 5142 588 5199 ud
603 5145 716 5198 Nestor.
734 5140 763 5196 in
779 5142 847 5212 Eph.
863 5158 1001 5214 syncop.
1018 5158 1077 5197 vnr.
1130 5149 1242 5209 τοιαῦτα,
1257 5145 1298 5198 καὶ
1308 5141 1383 5198 εἰπεῖν
1398 5142 1475 5217 ἀρκεῖ,
1495 5143 1532 5196 ὅτι
1547 5140 1592 5197 ουν
1611 5142 1663 5197 icc
1679 5136 1755 5197 ccicc
1768 5146 1814 5211 τῆς
1825 5144 1897 5199 κανν-

311 5231 359 5284 llud
380 5233 418 5286 liu
438 5232 550 5303 διάφοροι
568 5225 611 5300 μὲν
635 5224 660 5278 al
687 5224 747 5296 πρὸς
772 5222 873 5293 ἑνότητα
896 5225 940 5293 τὴν
963 5224 1079 5294 ἀληθινὴν
1130 5229 1199 5296 itaq<
1214 5226 1351 5297 ἐκκλησίας.
1362 5225 1418 5282 otti
1432 5230 1508 5285 ταῦτα
1517 5225 1541 5280 oi
1550 5226 1651 5303 πατέρες
1664 5223 1809 5299 ἐφρόνησαν.

310 5316 467 5388 συναχθεῖσαι
480 5314 569 5385 φύσεις·
590 5304 626 5372 sis
643 5307 670 5362 di
698 5307 722 5372 ἐξ
749 5306 893 5381 ἀμφοτέρων
908 5308 1078 5381 Χριοτδςρκαὶ

336 5500 346 5544 ι
363 5501 410 5546 uu.
424 5501 442 5555 t,
456 5510 476 5551 e.
486 5512 516 5556 tt,
530 5501 578 5558 ss.
