4072 6164
342 307 403 369 5³0
848 305 1175 371 susoloeleoftun
1196 306 1416 370 beaulieu

342 474 538 547 sententiam,
553 492 616 554 qua
627 479 700 535 aute
714 471 900 549 unitionem,
919 473 997 534 duas
1015 473 1109 533 fuisse
1158 472 1198 533 sit
1206 478 1354 552 tanquam
1362 472 1493 552 simplex
1508 473 1554 534 rei
1569 473 1727 553 perceptio.
1744 475 1833 537 llltera
1843 485 1889 553 est,

343 565 623 641 naturasaiebant3
637 570 706 646 post
726 564 903 626 unitionem
921 582 1007 641 vero,
1029 582 1109 625 non·
1159 582 1229 643 quae
1257 565 1303 625 rei
1327 565 1473 643 subjectae
1501 570 1655 641 naturam,
1687 566 1891 648 affectionesque

343 656 404 716 nisi
427 675 543 734 unam;
565 657 685 719 erudite
707 656 807 736 pergit
829 657 987 719 confutare
1005 655 1111 717 Rusti·
1158 661 1359 718 nontantum
1373 657 1568 718 considerat:
1585 658 1638 717 sed
1662 659 1892 737 quemadmodum

343 747 416 809 cus¹
430 768 438 823 ;
454 748 514 810 hoo
525 750 660 811 maxime
674 755 871 828 argumento,
888 748 972 828 quod
986 748 1058 809 inde
1071 750 1111 809 sit
1159 748 1241 808 inter
1254 754 1417 823 scateam
1431 748 1567 828 sanccto
1573 749 1715 822 habeant,
1727 750 1893 829 dijudicando

343 858 546 920 consequens,
569 841 779 905 «unitionem
806 841 967 902 unitarum
987 845 1112 901 natura·
1159 841 1353 921 pronuntiat.
1375 840 1422 903 ld
1450 841 1588 920 primum
1612 858 1708 921 genus
1729 848 1832 922 spectat
1852 843 1895 905 illa

343 949 415 993 rum
429 933 678 1013 peremptionem
692 951 795 995 esse.»
813 934 870 994 Cui
884 932 1111 1012 Acephalores
1160 937 1345 994 naturarum
1357 938 1429 993 anle
1443 933 1618 995 unitionem
1632 933 1748 1010 divisio,
1762 953 1823 1014 qua
1834 934 1896 995 nihil
1985 936 1986 939 ’

343 1023 510 1103 pendente,
532 1044 626 1086 enon
639 1031 835 1101 nateuarum,
870 1025 925 1086 sed
956 1023 1112 1086 dualitatis
1160 1023 1245 1085 aliud
1259 1029 1316 1098 est,
1332 1041 1427 1103 quam
1439 1024 1566 1085 alterius
1579 1025 1645 1087 sine
1660 1026 1751 1087 altera
1763 1026 1895 1106 cognitio:
1986 1062 1987 1097 ς

342 1119 589 1197 peremptionem
617 1136 681 1179 esse
701 1118 896 1192 unitionem;
925 1116 968 1176 ita
980 1120 1017 1176 ut
1042 1115 1112 1176 duas
1161 1133 1200 1177 ex
1213 1133 1274 1195 qua
1289 1115 1415 1176 nihilin
1435 1118 1564 1177 naturas
1586 1117 1743 1179 divisionis
1758 1118 1896 1180 redundat.

338 1208 405 1288 jam
418 1227 483 1270 non
496 1209 558 1270 sint
568 1210 652 1286 duae,
667 1211 721 1272 sed
735 1227 836 1271 rmum
845 1209 993 1289 quiddam
1006 1225 1113 1268 secun
1161 1208 1201 1269 At
1215 1207 1401 1286 Eutychiani
1419 1208 1619 1287 quantumvis
1642 1208 1897 1286 dissimuhrent,in
1987 1224 1988 1259 ³

343 1301 419 1361 dum
433 1301 626 1362 unitionem:
641 1322 657 1359 u
681 1301 814 1362 vicissim
827 1301 981 1370 Rusticus,
997 1299 1041 1361 ita
1054 1299 1114 1360 dis
1161 1300 1313 1378 posterius
1334 1298 1513 1360 incidebant
1536 1300 1750 1363 intellectionis
1764 1319 1859 1381 gcnns3
1872 1320 1899 1363 ac

343 1397 455 1471 putat:
475 1393 538 1454 «Si
551 1393 683 1454 dualitas
696 1393 884 1471 interemptu
898 1397 954 1468 est,
965 1397 1112 1471 eratergo
1162 1395 1290 1452 naturas
1307 1391 1390 1470 ipsas
1411 1390 1456 1453 its
1482 1393 1780 1472 contemplabantur,
1805 1399 1836 1455 at
1860 1412 1899 1458 ess

343 1491 416 1546 ante
428 1485 711 1565 interemptionem,
734 1490 766 1546 et
786 1494 858 1546 ante
876 1484 1051 1545 unitionem
1069 1501 1109 1545 :u
1160 1483 1264 1563 reipsa
1274 1482 1362 1559 duas,
1382 1488 1414 1544 et
1431 1483 1588 1546 distinnm
1607 1491 1711 1563 soma,
1725 1486 1897 1557 conemrissc,

344 1577 482 1657 adeoque
500 1583 622 1638 natura
644 1577 715 1638 duoe
734 1595 769 1638 re
784 1583 814 1638 et
827 1584 896 1637 actu
916 1582 1006 1639 erant
1017 1595 1024 1636 :
1036 1592 1113 1656 quas
1162 1580 1193 1636 et
1207 1580 1276 1654 post
1287 1575 1542 1653 conjunctionem
1549 1577 1584 1638 in
1596 1595 1695 1639 unam
1705 1578 1899 1653 coiisse,sioon

344 1669 394 1729 vel
414 1668 531 1746 ambas,
554 1669 603 1731 vel
628 1669 810 1730 alterutram
833 1669 954 1745 saltem,
973 1667 1114 1729 emitiona
1161 1667 1264 1728 verbis
1289 1675 1474 1745 assererent,
1502 1670 1534 1731 vi
1561 1670 1720 1732 rationum
1738 1675 1901 1747 suarum,et

344 1759 411 1839 ipsa
425 1760 559 1822 deletam
577 1765 709 1842 oportet,
725 1767 819 1840 utrque
832 1761 1009 1822 extinctam.
1032 1759 1113 1834 Quid
1163 1761 1387 1839 consequentia
1405 1761 1495 1822 lateri
1516 1768 1713 1842 cogerentur.
1734 1765 1775 1825 De
1794 1772 1901 1844 utruque

344 1856 451 1915 autem
464 1858 512 1914 est
531 1853 566 1913 in
588 1853 717 1933 singulis
731 1853 850 1914 naturis
862 1852 1064 1913 imminutum
1078 1869 1114 1912 ae
1163 1851 1380 1914 intellectionis
1394 1854 1504 1933 specie,
1521 1855 1661 1916 etsirmli
1674 1862 1901 1936 argumentoque

344 1944 529 2020 detractum,
542 1945 792 2024 quodjamduas
805 1963 882 2021 esse,
906 1963 942 2006 ae
954 1942 1115 2006 numerari
1163 1944 1353 2005 Eunomiaui
1373 1946 1602 2026 proprietatum
1630 1949 1665 2009 in
1685 1949 1747 2010 Deo
1766 1947 1901 2010 ᾱίτοτὶωετ

344 2037 533 2117 prohibeat?
550 2038 689 2117 lienique
716 2037 848 2100 stultum
870 2037 929 2098 hoe
949 2036 1116 2117 rlcephalo-
1163 2036 1378 2110 amnestiam
1398 2044 1563 2114 τῆςῖπινοῖας
1584 2040 1814 2121 impugnabant,
1833 2039 1902 2120 plura
1991 2050 1992 2065 ¹

343 2148 415 2191 rum
441 2135 654 2191 commentum
677 2131 784 2192 irridet
811 2129 956 2191 Rusticus
975 2128 998 2202 ¹,
1030 2127 1114 2209 quod
1162 2127 1292 2207 legesin
1305 2137 1391 2190 mmo
1414 2130 1527 2209 primo,
1555 2131 1610 2211 qui
1633 2137 1680 2193 est
1696 2130 1798 2193 deliro
1815 2129 1902 2212 uqa

343 2223 507 2284 catholicos
527 2228 703 2302 arguerent,
729 2222 833 2301 «quia
847 2240 913 2283 non
935 2227 1005 2300 post
1024 2222 1111 2296 duas,
1162 2220 1406 2301 proprietatibus,
1425 2223 1598 2302 praeserlim
1620 2225 1719 2305 capite
1738 2240 1778 2297 xl,
1796 2222 1902 2304 quam
1992 2242 1993 2291 t

344 2314 538 2375 unitionem:
554 2315 609 2375 sed
627 2318 696 2393 post
721 2314 906 2385 unitionem,
934 2312 1011 2373 duas
1035 2313 1116 2374 dice·
1163 2313 1247 2373 hune
1261 2312 1366 2373 locum
1380 2314 1508 2375 omnino
1519 2315 1689 2395 pertinent.

344 2407 415 2464 rent
441 2410 590 2464 naturas:
617 2419 691 2463 eum
708 2400 857 2463 deberent
876 2400 963 2481 prius
987 2401 1115 2479 quidam
1204 2404 1260 2466 Hie
1280 2423 1354 2466 vero
1382 2405 1423 2466 ad
1436 2412 1612 2469 extremum
1629 2409 1707 2470 illud
1722 2407 1902 2488 adjungimus,
1993 2446 1994 2495 ,

345 2493 485 2556 confiteri
506 2496 584 2556 duas
607 2500 747 2571 naturas,
769 2500 876 2574 postea
898 2511 972 2555 vero
1001 2494 1116 2554 unitio·
1164 2496 1446 2558 Chalcedonensem
1458 2500 1614 2578 synodum
1624 2500 1658 2562 in
1672 2500 1742 2562 fidei
1755 2500 1903 2562 delinitione
1993 2540 1994 2547 .

345 2605 431 2663 nem,
457 2592 488 2648 et
510 2605 607 2648 unam
630 2592 776 2647 naturam
803 2586 841 2647 de
867 2584 1029 2666 reliquo.»
1054 2586 1116 2647 Sed
1164 2588 1323 2650 damnasse
1337 2590 1406 2650 illos
1420 2607 1540 2668 omnes,
1555 2592 1612 2671 qui
1627 2615 1643 2652 o
1657 2593 1807 2655 duasanle
1815 2591 1905 2653 unitio

345 2680 430 2741 enim
457 2683 540 2740 reete
566 2677 639 2739 huie
662 2679 810 2738 Rusticus
838 2677 983 2755 occurrit,
1002 2678 1058 2738 esi
1085 2684 1117 2740 et
1164 2697 1237 2742 nem
1250 2686 1378 2742 naturas
1396 2681 1507 2743 Christi
1523 2683 1654 2745 Domini
1667 2685 1904 2746 comminiscamu-

345 2771 416 2833 duae
442 2777 563 2833 naturae
589 2769 775 2832 confitendae
802 2774 877 2829 sunt
902 2775 975 2830 ante
1000 2769 1115 2831 unitio·
1164 2774 1906 2853 lunonemautempostunitioncm‘.»t]aodahso

345 2883 461 2941 nem,u
499 2869 531 2925 et
550 2864 650 2925 unitio
676 2861 876 2942 postmodum
900 2861 1077 2922 adlnhanda
1106 2881 1114 2924 t
1163 2864 1532 2944 luteitapronuntialum
1545 2866 1674 2928 adeum
1687 2868 1807 2929 modom
1819 2862 1905 2928 retuli
1995 2854 1996 2865 ¹

345 2974 470 3037 prorsus
493 2974 532 3018 en
551 2955 663 3017 duobos
682 2962 709 3016 et
724 2955 757 3015 in
771 2953 885 3015 duabus
906 2957 1023 3015 naturis
1042 2971 1116 3016 vere
1164 2956 1265 3030 dehet,
1290 2975 1354 3036 quo
1368 2958 1577 3038 Eutychianos
1599 2959 1632 3021 id
1648 2978 1814 3042 usurpasse,
1832 2956 1904 3020 intel·

346 3050 407 3110 dici
438 3067 504 3111 esse
526 3048 691 3109 Christum.
727 3048 801 3107 llaec
837 3046 978 3107 Rusticus
1004 3047 1118 3108 etalio
1164 3046 1493 3128 lexissequediximus.
1892 3034 1894 3039 ’

346 3141 493 3221 pleraque
518 3144 625 3202 contra
652 3138 863 3218 Eutychianos
888 3136 943 3199 illo
969 3138 1004 3198 in
1036 3138 1115 3201 libro

346 3232 479 3295 disserit.

385 3326 424 3386 X.
439 3326 486 3386 Ex
497 3323 719 3404 quihusunum
734 3321 812 3383 illud
829 3321 936 3401 paucis
957 3322 1115 3402 explican-

346 3418 422 3480 dum
442 3424 499 3494 est,
529 3415 613 3496 quod
639 3415 732 3495 paulo
759 3421 830 3475 ante
853 3414 1002 3493 scriptum
1020 3414 1060 3475 ab
1077 3432 1116 3476 eo
1385 3383 1581 3468 CAPUT
1634 3386 1716 3470 XI.

346 3508 598 3583 commemoravi,
615 3513 646 3569 et
666 3506 797 3567 subinde
811 3505 849 3564 iis
866 3505 970 3567 verbis
993 3506 1114 3586 repetit,

346 3603 494 3664 adversus
502 3597 731 3681 speculationem
752 3597 850 3671 illem,
871 3615 933 3676 qua
954 3598 1031 3659 duas
1044 3603 1117 3659 ante

346 3695 522 3756 unitionem
544 3698 746 3753 naturasesse
773 3689 894 3750 dixerat
915 3689 1113 3769 Acephalus:
1164 3681 1214 3745 Au
1236 3682 1372 3761 tempores
1400 3680 1554 3744 interuallo
1582 3681 1697 3763 aliquo,
1728 3681 1772 3743 oet
1789 3682 1907 3740 mommio

350 3788 414 3848 «Si
434 3804 529 3847 verax
556 3788 602 3845 est
628 3782 807 3863 speculatio,
829 3781 878 3844 hro
898 3781 969 3842 duas
996 3786 1117 3843 naturae
1203 3774 1321 3847 saltem,
1336 3773 1466 3835 humana
1488 3782 1595 3835 natura
1612 3772 1731 3836 Ckrt'tlt'
1747 3766 1908 3855 immi

345 3884 418 3941 sunt
431 3883 463 3940 et
484 3877 566 3939 eirca
592 3875 691 3955 ipsam
704 3893 773 3936 ram
784 3873 808 3934 ⁸:
833 3873 859 3934 si
876 3890 950 3934 vero
965 3873 1037 3934 dieis
1051 3892 1115 3934 non
1203 3871 1253 3940 tit,
1270 3885 1358 3947 quom
1370 3884 1437 3927 eom
1462 3864 1551 3927 Verbo
1564 3864 1759 3948 junqeretur.
1774 3868 1800 3927 l.
1817 3862 1908 3926 Contra

345 3990 410 4033 esse
427 3987 549 4044 veram3
565 3986 635 4030 ecee
648 3967 768 4046 negasti
776 3965 927 4026 duasmse
943 3970 1111 4026 naturas.»
1204 3958 1415 4021 Nestorionam
1441 3957 1580 4021 heresim
1613 3958 1793 4040 disputantes
1822 3954 1908 4016 Petra

346 4059 697 4125 ExistisRustlciverbis
710 4056 1037 4139 plancscquividctur3
1050 4075 1115 4117 non
1203 4057 1366 4113 scrutanter
1388 4059 1506 4132 negent,
1535 4068 1663 4131 quornm
1687 4050 1821 4131 pleraque
1844 4044 1908 4107 test·

242 4158 247 4163 '
345 4173 434 4236 posse
449 4158 660 4216 naturasante
681 4150 856 4214 unitionem
879 4150 1066 4228 cogitatione
1080 4168 1116 4211 ac
1204 4144 1303 4206 mmsis
1325 4142 1528 4224 proteruntur
1553 4135 1909 4219 &accommodatio

345 4248 467 4310 ratione
489 4245 638 4324 distingui
664 4245 764 4305 duas:
791 4242 876 4322 quod
894 4247 1000 4303 tamen
1023 4241 1116 4303 licere
1204 4254 1272 4297 rum
1286 4234 1534 4315 theologorum.
1553 4233 1676 4297 Accedit
1686 4242 1715 4296 et
1731 4234 1908 4314 mutuatu
1961 4284 1969 4295 .

346 4358 402 4420 per
419 4339 580 4419 cyrillum,
600 4342 788 4414 caemrosque
807 4333 974 4395 catholicos
994 4331 1114 4393 theolo·
1206 4326 1336 4389 ooli'dum
1348 4345 1406 4408 quo
1419 4325 1499 4388 illud
1509 4325 1690 4388 adstruitur.
1705 4326 1780 4389 Item
1797 4318 1909 4384 elioda

345 4449 412 4511 gos,
441 4449 535 4515 supra
557 4427 849 4491 demonstravimus.
877 4425 938 4487 Sed
963 4424 1116 4486 nimirum
1205 4418 1391 4501 Epiphanio.

207 4578 265 4622 nu,
347 4524 463 4602 duplex
475 4521 640 4584 intellectio
655 4526 712 4597 est,
734 4525 765 4581 et
786 4516 1029 4596 contemplatio:
1050 4534 1116 4577 una

176 4589 256 4677 muni
266 4588 322 4688 ἷξο-
347 4616 489 4695 simplex,
505 4632 576 4694 quoe
597 4613 636 4675 de
655 4630 691 4674 re
708 4610 841 4689 cognita,
864 4613 936 4672 utut
956 4614 1013 4681 est,
1035 4607 1116 4668 nihil
1203 4606 1227 4665 l.
1242 4603 1287 4664 la
1302 4600 1445 4677 Nestorii,
1461 4606 1493 4663 el
1511 4605 1584 4662 ante
1595 4600 1692 4676 hune,
1711 4595 1799 4659 Pauli
1816 4595 1908 4657 smo-

202 4687 294 4732 ⁰¹¹¹·‘¹⁰·
342 4707 479 4787 quosue
499 4722 640 4767 neceam
661 4701 831 4784 componit,
846 4707 900 4762 aaa
917 4698 1038 4771 urinae,
1061 4698 1114 4761 aes
1164 4695 1273 4771 uuna,
1289 4693 1428 4770 aucun,
1444 4711 1479 4754 ac
1492 4692 1640 4754 smmum
1654 4682 1908 4769 assumptoque

346 4801 380 4861 in
394 4799 504 4861 eodem
512 4797 649 4876 subjecto
656 4795 860 4877 proprietates
867 4792 1002 4855 habente
1012 4790 1114 4851 varias
1163 4792 1281 4869 spectat
1309 4786 1368 4846 ista
1385 4785 1535 4865 quaestio:
1561 4784 1616 4864 qui
1634 4799 1744 4845 omnes
1764 4778 1908 4879 perfeetum

345 4910 442 4954 unam
461 4890 577 4970 absque
602 4889 663 4950 alia
680 4886 852 4967 cognoscit;
868 4904 925 4947 nee
947 4890 1057 4946 ulrum
1075 4884 1113 4943 ab
1162 4879 1325 4942 hominem
1340 4877 1426 4957 prius
1445 4876 1595 4938 exsutimc
1616 4874 1770 4949 dicebant,
1790 4880 1909 4952 quamm

345 4985 412 5046 aliis
425 5002 534 5046 revera
544 4985 715 5063 separetur,
732 4979 866 5040 affirmat
878 4981 933 5039 aut
945 4981 1039 5056 negat
1054 4995 1061 5036 ε
1077 4980 1113 5035 ut
1163 4989 1236 5034 cum
1247 4970 1305 5030 Dei
1313 4969 1395 5030 filius
1406 4968 1594 5042 illaberetur,
1606 4961 1908 5045 eumdemqaehcent

381 5224 402 5265 a
420 5207 513 5266 Chalc.
531 5222 610 5264 eone.
626 5210 680 5261 aet.
697 5222 736 5261 lv.
756 5203 803 5257 list
820 5205 877 5266 robe
890 5194 933 5257 oio
943 5196 986 5274 pits
1007 5200 1111 5273 πρὸτῆς
1161 5196 1271 5257 isdum<
1285 5193 1365 5266 φύσεις
1375 5198 1419 5248 τοῦ
1432 5192 1515 5267 aspice
1528 5186 1684 5266 ψιθῖῦοντας,
1698 5190 1755 5264 pias
1769 5186 1794 5242 bi
1807 5180 1905 5258 positi·

1110 5300 1112 5303 ’
1161 5281 1247 5334 ἕνωσιν
1257 5277 1458 5340 ἀναπλάττοντας
1471 5276 1690 5350 ἂναθεματῖζομεν.

369 5465 381 5509 l
396 5463 454 5510 Tem.
465 5461 501 5516 ll,
514 5471 562 5518 par.
572 5458 653 5506 u.-s
666 5456 724 5503 lb.-
737 5456 823 5504 8Rutt
834 5457 882 5503 8⁴8.
