4078 6168
312 332 353 393 92
886 329 1086 392 ELENGHUS
1106 329 1326 393 THERIACAE

313 514 386 559 oum
404 495 539 571 Pelagio,
568 502 661 576 atque
687 496 815 558 iuliano
850 495 951 576 plenis
975 495 1079 558 buccis
1129 495 1214 575 quod
1240 495 1324 557 illius
1349 497 1447 559 errori
1469 497 1659 576 mntradioit,
1687 496 1748 560 hoc
1771 500 1899 563 Petusio

312 607 384 651 eam
399 595 544 669 crepante
558 589 705 651 damnata
725 595 814 651 est.»
1128 589 1288 665 monitori,
1320 608 1357 650 ac
1390 589 1503 669 pudori
1536 608 1609 665 suo,
1640 591 1898 672 mnseientiieqne

351 682 560 743 Armacanum
588 699 752 760 arguerem
777 680 888 760 iniqui,
917 684 948 742 et
973 685 1080 743 matra
1128 678 1239 751 dehct;
1255 680 1503 760 quodauctorem
1512 681 1635 761 erroris,
1646 682 1688 743 oh
1698 683 1783 744 hunc
1791 683 1899 764 ipsum

311 774 463 835 rationem
486 773 675 855 promulgati
698 773 779 834 illius
801 772 930 848 decreti3
950 772 1076 852 quippe,
1128 769 1246 845 laudat,
1261 776 1421 848 actuctur,
1436 772 1895 835 cavillantisestminimeludi-

311 867 444 945 seposita
457 883 515 945 ope
529 883 565 925 ac
584 865 763 925 necessitate
784 864 901 943 gratiae,
917 882 1012 943 quam
1035 863 1079 924 di·
1129 880 1181 923 ora
1193 863 1227 923 iii
1240 880 1285 940 re,
1314 881 1415 943 neque
1438 865 1518 926 serio
1536 865 1758 946 resipiscentisl
1771 868 1898 928 Desinat

310 957 418 1019 vinare
442 975 506 1018 non
528 957 629 1037 potuit
642 956 830 1026 Aristoteles,
850 955 993 1035 Pelagius
1005 974 1079 1017 vero
1127 953 1232 1033 itaque
1246 954 1430 1035 replantator
1443 956 1500 1018 iste
1512 958 1686 1018 restitutam
1698 977 1718 1019 a
1737 958 1897 1037 rejectare

310 1049 426 1111 nefarie
441 1049 579 1124 sustulit;
596 1067 661 1109 non
674 1048 755 1110 male
772 1049 810 1109 de
829 1047 928 1109 libero
952 1047 1078 1108 arbitrio
1127 1051 1276 1122 veterem,
1292 1066 1328 1109 ac
1338 1066 1445 1110 veram
1458 1049 1701 1130 philosophiam;
1716 1067 1774 1112 nec
1791 1069 1823 1112 se
1837 1050 1898 1112 Dri

310 1141 418 1204 ambos
434 1142 633 1217 existimasse,
649 1142 675 1202 si
694 1141 761 1202 sola
772 1140 855 1202 illius
868 1144 978 1202 natura
992 1158 1078 1220 speo-
1130 1138 1205 1215 ture,
1232 1159 1267 1201 aa
1288 1138 1361 1201 dure
1370 1140 1553 1221 profundius
1568 1150 1735 1223 penetrasse
1747 1142 1828 1203 dicat
1843 1141 1898 1224 (sic

309 1240 403 1297 tetur.
417 1236 497 1297 Nam
509 1233 593 1315 quod
604 1234 644 1294 ad
657 1233 854 1295 Aristotelem
866 1234 985 1307 attinet,
995 1232 1079 1293 haud
1129 1230 1212 1291 enim
1235 1231 1395 1293 hominem
1420 1235 1514 1293 istum
1527 1234 1634 1294 Latine
1652 1234 1740 1313 loqui
1752 1234 1894 1311 delectat,

309 1327 399 1389 aliter
421 1332 601 1407 conceptam
622 1326 662 1386 ah
684 1343 721 1387 eo
735 1326 827 1386 docui
841 1324 942 1386 liberii
962 1324 1078 1385 arbitrii
1129 1323 1213 1402 quod
1234 1341 1327 1385 nemo
1340 1343 1466 1404 prorsus
1488 1323 1656 1405 intelligit).
1681 1326 1751 1387 Noii
1764 1333 1896 1405 estpro-

310 1419 542 1495 definitionem,
569 1435 664 1498 quam
689 1417 729 1478 ab
762 1417 940 1478 Christianis
973 1422 1081 1497 postea
1129 1413 1226 1491 fecto,
1254 1435 1318 1477 nori
1343 1422 1390 1478 est
1407 1415 1559 1478 desursum
1571 1415 1736 1479 descenderis
1749 1418 1896 1498 sapientia

310 1509 485 1591 Theologis,
500 1510 654 1586 Nemesio,
670 1508 804 1577 Maximo
818 1514 966 1589 martyre,
984 1511 1080 1570 Anas
1130 1506 1187 1568 illa
1194 1513 1258 1568 tam
1267 1507 1408 1588 insulam,
1419 1515 1449 1571 at
1458 1510 1665 1570 tumultuosa:
1680 1508 1729 1571 sed
1739 1518 1854 1571 temera
1867 1518 1896 1571 et

309 1604 399 1679 tasio,
426 1600 545 1664 launna
575 1604 774 1677 Damascena,
806 1620 842 1662 ac
868 1619 932 1681 pree
960 1601 1079 1662 caeteris
1128 1599 1276 1661 animalis.
1309 1599 1366 1663 Ubi
1387 1602 1465 1663 euim
1496 1600 1584 1678 selus,
1610 1609 1637 1662 et
1659 1602 1818 1663 cmtentio:
1849 1601 1899 1663 ihi

311 1696 343 1757 S.
359 1696 499 1756 Thoma:
516 1713 594 1775 quos
608 1712 716 1755 omnes
735 1693 854 1755 ostendi
871 1694 911 1753 de
930 1693 1013 1754 illius
1027 1713 1080 1755 iia·
1129 1690 1333 1761 incendentia.
1348 1702 1376 1754 et
1385 1712 1468 1755 omne
1479 1713 1551 1775 opus
1562 1712 1700 1774 pravum.
1717 1694 1897 1770 &dautem

310 1792 381 1847 tura
398 1787 589 1860 disserentes,
613 1805 682 1848 eam
704 1786 836 1864 sumptis
854 1804 893 1847 ex
917 1786 1079 1848 Aristotele
1128 1780 1278 1845 desursum
1293 1790 1336 1844 est
1346 1785 1506 1865 sapimtia,
1516 1786 1650 1866 primum
1657 1784 1772 1867 quidm
1783 1785 1899 1866 pudiea

310 1881 424 1960 partim
432 1880 545 1958 verbis,
561 1879 674 1960 partim
687 1878 848 1940 sententiis
862 1878 1037 1959 explicasse.
1128 1881 1180 1950 est,
1199 1874 1302 1937 deinde
1311 1876 1451 1959 pacifica,
1475 1876 1611 1954 modesta,
1625 1875 1782 1940 suadibilis
1791 1894 1806 1955 ,‘
1815 1877 1899 1939 boun

352 1974 405 2033 ΙΙΙ.
431 1972 472 2034 At
481 1971 663 2033 Vincentius
680 1976 788 2032 contra
812 1971 951 2048 magistri
963 1970 1080 2048 sui¹,et
1127 1967 1316 2031 samarticas.

311 2064 457 2125 antistitis
471 2064 608 2125 edictum
626 2063 730 2124 statim
745 2063 832 2124 initio
846 2063 999 2144 professus
1021 2070 1077 2142 eat,
1167 2061 1249 2122 Talis
1273 2079 1338 2122 non
1356 2068 1402 2123 est
1418 2062 1638 2123 vincentiana:
1658 2063 1712 2125 sed
1725 2080 1851 2143 pugnax
1863 2068 1900 2123 et

311 2155 349 2216 de
363 2156 461 2217 lihero
475 2156 602 2218 arbitrio
614 2156 697 2216 idem
716 2173 748 2216 se
761 2157 885 2235 penitiis
904 2174 976 2218 cum
999 2158 1080 2218 Aris·
1127 2152 1271 2231 litigiosa,
1298 2172 1355 2215 neo
1368 2155 1473 2215 minus
1485 2155 1553 2234 ipsa
1571 2173 1688 2233 secum,
1702 2173 1797 2235 qimm
1819 2173 1897 2216 curii

311 2248 420 2324 totelc,
443 2267 479 2310 ac
499 2248 700 2328 Peripatetico
720 2248 916 2328 philosophia
950 2249 1076 2324 sentire,
1128 2244 1282 2323 sanatide,
1296 2246 1484 2307 etoatholiea
1496 2248 1625 2309 veritate
1640 2266 1797 2329 pugnans3
1812 2247 1898 2326 quod

184 2354 246 2397 rim
312 2338 450 2420 falsoque
472 2340 530 2400 sibi
551 2340 752 2421 exprobrasse
775 2340 945 2415 Petavium‚
962 2360 999 2402 ac
1022 2343 1078 2403 Ri-
1129 2336 1272 2418 deinceps
1285 2336 1417 2418 probare
1432 2356 1573 2419 pergam.

142 2406 287 2517 ,millio
312 2432 458 2508 cardum,
487 2432 571 2512 quod
589 2431 650 2492 illis
672 2431 845 2494 auscultare
869 2432 956 2493 nolit.
983 2434 1032 2494 Sic
1046 2436 1080 2495 in

311 2523 383 2584 libri
395 2524 489 2604 primi
501 2523 678 2602 praelatione
691 2523 871 2602 gloriatnr¹,
888 2543 920 2585 se
934 2526 1080 2589 adversus

312 2616 420 2678 ambos
439 2617 508 2678 illos
528 2638 543 2675 a
563 2616 789 2696 philosophiam
812 2635 884 2678 vere
905 2618 1081 2698 Peripateti-

312 2725 380 2769 cam
397 2709 585 2789 replantasse
611 2728 619 2769 ι
643 2707 784 2788 factoque
812 2708 879 2789 ipso
899 2712 1078 2790 ostendisse,
1349 2665 1544 2752 CAPUT
1596 2668 1682 2752 m·

311 2818 537 2879 quamverum
554 2801 594 2862 sit
618 2801 712 2876 istud,
741 2801 824 2880 quod
849 2820 869 2861 a
888 2803 1025 2881 Petavio,
1049 2812 1080 2867 ct

311 2892 446 2956 Rieaido
460 2893 519 2955 sibi
542 2893 709 2973 opponitur
731 2914 739 2954 ι
761 2894 955 2957 Aristotelem
972 2897 1079 2960 audire

311 2985 433 3047 nolunt.
449 2987 485 3046 ln
498 3004 532 3046 re
546 2987 632 3046 enim
640 2990 706 3046 tota
718 2991 849 3061 animae,
863 2988 974 3067 etipsa
989 2989 1080 3051 liberi

311 3077 442 3153 arbitrii,
457 3096 493 3138 ac
502 3078 651 3138 humane
663 3077 812 3139 libertatis
825 3079 953 3141 notione
964 3086 1079 3145 abente

297 3170 465 3245 ,audimus
477 3174 509 3231 et
525 3170 682 3248 aliquanto
701 3188 797 3249 quam
815 3170 874 3251 ipsi
895 3172 1080 3252 profundius

312 3261 367 3321 Dei
376 3261 444 3322 luce
458 3267 489 3323 et
500 3261 577 3323 duce
589 3262 827 3342 penetravimus.
841 3284 856 3321 i

351 3354 390 3414 m
411 3353 446 3413 in
459 3352 640 3433 prefatione
654 3354 782 3416 secundi
794 3354 877 3432 libri,
891 3356 1000 3418 eadem
1009 3358 1078 3438 jac-

310 3445 408 3506 tantia
421 3445 577 3525 praedicat,
600 3467 616 3504 a
632 3464 664 3507 se
677 3464 717 3507 ex
729 3447 841 3508 veteris
855 3448 1076 3529 Peripateticae,
1425 3508 1428 3515 .

312 3542 531 3598 etsanctorum
551 3539 891 3620 Patrumphilosophiae
913 3547 1076 3620 sauram,
1169 3552 1194 3611 1.
1218 3552 1315 3630 Ergo,
1349 3550 1396 3612 nti
1422 3551 1564 3632 proxime
1595 3572 1691 3633 snpra
1715 3554 1896 3633 loquentem

312 3647 406 3709 quain
419 3629 499 3690 libro
512 3631 626 3710 primo,
652 3631 766 3710 inquit,
791 3632 845 3693 Dei
870 3637 1077 3714 operestitni-
1128 3643 1326 3704 vincentium
1346 3644 1536 3722 audirimus,
1551 3646 1650 3727 proba
1675 3652 1733 3723 est,
1757 3651 1789 3706 et
1813 3645 1895 3706 cliri-

312 3739 393 3795 mus,
409 3724 507 3783 totam
518 3722 982 3800 Petavii,etRicardidelihero
995 3729 1078 3790 arbi·
1128 3735 1236 3796 shanoe
1269 3735 1384 3811 regne
1419 3744 1625 3800 consentanea
1657 3739 1747 3800 liberi
1777 3738 1898 3800 arbitrii

311 3813 373 3874 trio
398 3813 571 3875 doctrinam
597 3836 614 3873 n
645 3814 810 3877 subruisse.
839 3817 898 3890 Qut
925 3837 957 3880 se
985 3822 1081 3899 igitur
1129 3826 1277 3904 definitio,
1294 3846 1388 3906 quam
1402 3836 1491 3891 vetus
1512 3832 1786 3909 Peripateticorum
1805 3830 1896 3891 disei-

313 3905 550 3985 Peripateticam
569 3905 795 3987 philosophiam
822 3908 1024 3988 replantare:
1051 3919 1080 3974 et
1129 3917 1213 3997 plina
1236 3920 1404 3982 constituit.
1422 3921 1486 3982 Hac
1498 3940 1563 3983 una
1585 3922 1788 3995 confessione,
1801 3941 1896 4003 quam

311 3996 346 4056 in
368 3996 456 4058 liberi
468 3996 605 4073 arbitrii,
621 4017 657 4059 ac
666 3998 802 4061 dumanas
814 3999 958 4062 libertatis
965 4006 1080 4068 notione
1130 4028 1168 4071 ex
1182 4028 1235 4071 ore
1254 4010 1415 4092 falsiloquo
1436 4014 1483 4075 vis
1497 4016 1635 4077 veritatis
1647 4016 1806 4095 expressit,
1819 4033 1895 4075 coii-

313 4091 515 4151 eoiisectanda
538 4090 721 4170 profundius
734 4092 843 4171 quovis
856 4093 915 4154 alio
930 4095 989 4156 Dei
1006 4097 1079 4177 lure,
1129 4100 1270 4164 lecturis
1284 4109 1340 4179 est,
1360 4111 1391 4166 et
1416 4106 1517 4167 omnis
1542 4110 1607 4169 haec
1630 4107 1750 4169 sublata
1772 4113 1895 4169 contro·

312 4179 430 4279 aeduae
441 4188 605 4262 penetrasse
628 4183 719 4244 dicit:
749 4185 803 4263 qui
832 4187 973 4249 eamdem
995 4189 1081 4252 illam
1129 4195 1240 4256 versia.
1255 4195 1339 4257 Nihil
1347 4197 1432 4258 enim
1446 4200 1565 4260 causari
1573 4202 1639 4278 jam
1649 4205 1749 4281 potest
1764 4200 1895 4261 Vincen-

313 4274 480 4335 restituisse
494 4292 527 4335 se
541 4280 675 4353 veterem
686 4295 722 4337 ac
735 4278 968 4357 Peripateticum
977 4281 1051 4361 pail
1067 4318 1079 4329 -
1128 4286 1201 4360 tius,
1212 4287 1289 4365 quin
1298 4293 1329 4348 et
1340 4307 1450 4351 verum
1461 4291 1510 4359 sit,
1522 4291 1606 4370 quod
1615 4291 1653 4353 de
1664 4291 1897 4354 liheroarhitrio

281 4430 291 4442 ‚
312 4364 443 4446 sophiam
457 4366 600 4441 affirmat,
616 4386 686 4429 eam
703 4369 810 4449 utique
830 4379 1003 4451 suspectam
1016 4393 1080 4437 noii
1130 4379 1248 4459 seripsi,
1278 4387 1309 4440 et
1321 4379 1434 4443 falsum
1448 4383 1532 4461 quod
1545 4384 1748 4460 Armacanus,
1776 4389 1809 4445 et
1831 4390 1897 4445 tota

313 4456 418 4532 habet,
433 4476 490 4520 iiee
498 4465 649 4538 tanquam
658 4461 815 4522 eathohcae
823 4462 984 4525 adversam
995 4465 1080 4544 fidei,
1129 4472 1197 4547 ista,
1213 4472 1300 4555 cujus
1313 4472 1397 4535 idem
1410 4475 1594 4555 suffragator
1615 4481 1661 4538 est
1686 4477 1786 4555 lenis,
1814 4481 1897 4538 secta

313 4565 386 4608 cnm
398 4549 565 4629 Pelagiano
579 4569 683 4613 errore
692 4553 1013 4633 damnatamjudicat:
1027 4559 1081 4620 sed
1130 4562 1276 4626 defendit.

315 4640 474 4748 iprensem
503 4643 605 4747 potius
633 4644 812 4722 doctorem,
840 4651 871 4708 et
897 4649 1081 4728 magistrum
1169 4656 1234 4717 Hoc
1262 4664 1298 4718 ut
1330 4659 1454 4738 penitus
1488 4666 1624 4739 constet,
1656 4661 1894 4742 inquirendum,
1941 4718 1989 4764 Μ
2018 4722 2036 4756 a

314 4749 407 4792 suum
436 4751 468 4793 iii
492 4751 698 4816 suspicionem
726 4743 815 4798 vocat
840 4739 987 4801 haeresis:
1016 4743 1081 4803 imo
1129 4747 1251 4826 opinor,
1267 4756 1324 4824 eat,
1339 4768 1410 4829 qum
1425 4751 1465 4813 sit
1478 4753 1686 4833 Peripateticae
1699 4753 1782 4815 illius
1793 4753 1894 4834 philo·
1920 4774 1974 4819 ιιω
1991 4726 2036 4831 'iiiii

314 4829 419 4903 aperte
439 4824 637 4930 eruderans,
654 4827 737 4907 quoa
758 4829 1006 4910 peripateticam,
1022 4833 1081 4894 iou
1129 4838 1247 4917 sophie
1259 4840 1298 4901 ae
1311 4841 1410 4903 libero
1428 4844 1556 4905 aaran
1569 4845 1715 4907 iumine
1728 4846 1896 4907 voluntatis
1935 4825 2036 4924 ,ffttt

315 4921 371 4992 est,
383 4922 419 4978 ut
429 4916 585 4979 vicentius
596 4918 961 5002 ipsemetinterpratatur‚
970 4932 1082 4988 samto-
1129 4930 1246 5009 opinio.
1259 4933 1338 4993 Cum
1353 4940 1457 4995 autem
1472 4937 1675 5018 Peripatetico
1684 4938 1822 5000 dochini
1830 4957 1895 5000 non
1920 4927 2036 5029 ᾱἻξΜξ

315 5027 383 5069 rum
393 5007 1081 5093 Petrumpltilosoplii'am,stylosuoacdeoreto
1130 5020 1190 5082 alia
1204 5023 1254 5099 sit,
1270 5042 1365 5103 quam
1383 5045 1452 5106 quae
1465 5028 1505 5088 ah
1527 5030 1689 5099 Aristotele
1715 5032 1837 5109 tradita,
1865 5037 1897 5093 et
1938 4992 2031 5098 ωτιιῗ·

315 5102 445 5164 notavit.
471 5102 563 5182 Cujus
577 5121 651 5183 ergo
664 5105 836 5184 gravimb,
864 5113 896 5167 et
909 5108 1081 5187 prudentia
1130 5113 1329 5176 Aristotelicis
1345 5116 1432 5179 libris
1452 5119 1686 5201 comprehensa,
1711 5123 1896 5203 vulgataque
1935 5092 2036 5147 “pm''

315 5200 371 5267 est,
388 5195 471 5256 idem
484 5194 517 5256 iii
539 5214 576 5257 ea
590 5214 683 5258 causa
701 5198 898 5277 patrocinari,
920 5200 961 5260 oh
986 5218 1081 5279 quain
1130 5203 1264 5283 legitur3
1293 5225 1358 5269 non
1384 5211 1508 5291 longius
1531 5212 1709 5276 abeundum
1734 5216 1824 5277 nobis
1837 5224 1893 5278 cst.

311 5284 383 5364 jure
396 5286 500 5367 ipsum
525 5288 739 5351 damnandum
765 5289 951 5354 arbitretur?
971 5292 1081 5354 Nonne
1134 5295 1196 5357 Sed
1216 5298 1389 5377 cujusmodi
1417 5304 1451 5365 ia
1469 5304 1529 5365 illis
1553 5305 1641 5369 libris
1655 5308 1823 5387 invenitur,
1840 5329 1896 5389 pro

1128 3018 1230 3082 Liberi
1241 3019 1368 3081 arbitrii
1373 3021 1459 3083 'ratio
1469 3021 1626 3083 constituta
1639 3040 1677 3084 ea
1687 3021 1897 3104 Peripateticae

1163 3110 1361 3194 philosophiae
1370 3113 1515 3176 dearcti'sa
1524 3133 1603 3177 sanc.
1616 3114 1724 3176 Tharria
1729 3117 1896 3196 proesatim

1167 3205 1325 3285 explicatis
1345 3206 1376 3267 iri
1401 3226 1515 3268 samma
1540 3204 1714 3289 theolopr'ca.
1737 3206 1898 3288 ‘Precipue

1167 3296 1300 3359 notanda
1313 3303 1415 3379 capita
1430 3300 1561 3382 quiaque
1574 3297 1609 3361 de
1624 3299 1759 3362 libertate
1771 3298 1897 3362 bominis

1168 3409 1206 3452 ess
1219 3389 1328 3452 eodan.

345 5498 356 5541 l
373 5497 458 5544 Prasiai.
471 5495 486 5538 l.
498 5491 567 5545 l,-2
580 5493 642 5538 Vino.
655 5494 679 5539 ln
693 5492 804 5537 Pristi-8
816 5495 862 5538 dac.
872 5502 904 5544 tit,
916 5493 948 5538 ll.
