4122 6248
587 383 637 443 DE
656 381 960 448 INCARNthONE.
984 382 1055 443 hta.
1080 383 1117 457 V,
1140 383 1226 443 CAP.
1251 381 1302 442 lX.
1672 382 1730 441 ott

149 554 250 610 tentes
267 553 389 609 nature
412 546 585 625 conjunctae
605 549 822 610 fateant'l'um
837 549 920 610 onim
972 553 1060 622 tnm3
1088 549 1140 609 sed
1169 567 1207 609 ex
1230 540 1524 622 accidente'solum,
1551 564 1590 607 ex
1616 545 1738 607 duabus

149 640 276 702 nonnisi
290 648 408 721 συναρείᾳ
424 641 490 716 illa,
504 641 593 702 idest
617 641 813 723 copulatione,
842 660 920 720 qua·
970 640 1198 720 hypostasibus,
1221 642 1281 701 hoc
1303 645 1349 701 est
1370 639 1523 719 perfectis,
1544 638 1738 719 perfecteque

148 732 214 794 lem
240 733 407 794 inducebat
434 733 602 808 Nestorius
618 752 718 794 unum
747 732 838 808 ellici,
858 732 920 793 solo
971 731 1207 793 subsistentibus
1218 733 1339 795 naturis
1350 732 1431 794 effici
1444 737 1554 812 potest.

146 825 388 905 propinquitate,
402 825 453 885 vel
475 825 729 906 oppositione,aut
740 822 918 897 habitudine,
1011 825 1049 885 V.
1065 826 1147 886 Bene
1159 826 1220 886 hon
1234 825 1387 886 intellexit
1404 823 1590 886 Athanasius
1611 820 1656 901 (ut
1668 823 1737 903 qui-

149 934 246 997 quam
268 926 354 997 σμισυ
378 917 566 1000 nominant:
592 923 628 978 ut
650 918 796 977 adversus
816 918 922 977 Nesto
971 916 1042 977 dem
1057 917 1233 978 inscribitur
1246 917 1354 997 arrigo,
1376 935 1451 977 nam
1469 933 1577 977 revera
1590 913 1736 997 aliusest)

148 1010 233 1070 dum
243 1010 402 1070 contendit
415 996 664 1089 Cyrill11s“.l⁷ido
676 1028 746 1088 quae
759 1011 798 1070 de
812 1010 920 1070 Nesto·
971 1008 1005 1068 in
1019 1008 1123 1069 libello
1139 1011 1175 1070 tle
1190 1028 1246 1069 nno
1268 1007 1387 1071 Christo
1401 1029 1407 1069 :
1426 1008 1481 1068 uhi
1500 1008 1646 1068 adversus
1660 1007 1739 1067 Pau-

148 1103 249 1163 rinnae
274 1101 423 1164 unitionis
445 1102 539 1163 modo
558 1102 637 1163 libro
661 1102 750 1163 tertio
779 1102 922 1163 disserui·
970 1099 1038 1161 lum
1067 1100 1315 1176 Samosntennm,
1335 1110 1367 1162 et
1385 1100 1577 1177 Marcellum,
1600 1100 1739 1177 adeoque

53 1222 57 1231 ·
103 1254 109 1264 ,
148 1211 221 1256 ntus
240 1194 262 1268 ¹,
290 1213 326 1256 ac
349 1195 522 1273 generatim
549 1195 588 1255 de
620 1195 712 1255 variis
745 1207 788 1270 τῆς
811 1202 921 1265 horem
971 1198 1078 1253 contra
1097 1193 1309 1253 Nestorianam
1322 1192 1739 1253 haeresimdemonstratnou

147 1286 319 1364 generibus
332 1286 356 1348 ¹.
371 1289 419 1347 Ex
443 1287 557 1367 quihus
574 1304 723 1364 agnosces
741 1287 922 1367 hypostases
972 1302 1038 1345 esse
1056 1289 1200 1345 naturam
1222 1285 1359 1345 hominis
1379 1290 1568 1364 assumptam
1591 1283 1736 1358 aVcrho,

69 1380 72 1385 ’
149 1378 228 1439 duas
244 1397 310 1439 non
321 1396 409 1458 posse
423 1379 592 1440 coalescere
602 1379 635 1438 in
650 1378 717 1456 ejus
730 1377 920 1455 compositio·
972 1386 1188 1458 superponite,
1207 1377 1327 1437 honest
1353 1376 1556 1457 conpletiunm
1577 1374 1741 1455 hypostasis

148 1488 236 1546 nem,
259 1470 344 1549 quod
362 1470 401 1530 sit
420 1488 521 1531 unum
532 1489 588 1550 per
601 1488 676 1543 sese,
692 1469 752 1530 nisi
773 1471 922 1531 alterutra
973 1466 1086 1530 divina
1100 1470 1238 1547 ejusdcm
1250 1469 1344 1530 Verbi
1360 1489 1368 1545 ;
1383 1475 1534 1547 tanquam
1552 1466 1666 1546 absque
1687 1466 1741 1527 illa

149 1568 313 1641 pereunte,
330 1562 380 1623 vel
391 1562 529 1639 couiusa,
545 1569 638 1641 atque
654 1563 801 1641 permista
816 1585 824 1637 ς
840 1569 921 1623 corte
973 1579 1083 1622 manca
1097 1568 1174 1623 esset
1200 1563 1278 1638 lraec,
1307 1562 1498 1639 minimeque
1510 1557 1674 1638 persecat.
1696 1561 1740 1619 lta

1791 844 1881 907 Necnon

1773 904 1904 941 υυυιοιιιειο

1774 949 1900 994 Athanasii.

149 1660 283 1731 mutata,
299 1653 379 1715 etah
401 1660 493 1731 statu,
515 1654 753 1733 integritateque
773 1672 830 1715 sua
849 1655 921 1716 deii·
972 1655 1057 1714 enim
1072 1654 1255 1725 Nestorium,
1268 1659 1298 1714 et
1311 1653 1425 1714 similes
1438 1653 1587 1727 haeretiei,
1610 1649 1740 1711 catholi-
1822 1721 1827 1730 Ι

148 1747 262 1807 ciente.
973 1764 1024 1806 cos
1033 1745 1167 1806 duarum
1182 1747 1216 1806 in
1230 1746 1373 1807 eamdem
1385 1762 1550 1825 personam
1560 1743 1740 1804 coeuntium
1854 1754 1860 1766 ·

194 1839 246 1898 tv,
262 1838 357 1917 Cujus
371 1838 451 1899 ratio
466 1856 505 1899 ex
518 1839 720 1918 hypostaseos
734 1839 875 1914 essentia,
891 1844 922 1899 et
971 1842 1154 1897 naturarum
1168 1837 1342 1899 defensores
1353 1837 1387 1897 in
1406 1837 1555 1898 invidiam
1575 1835 1740 1910 vocabant,

14 1922 126 1975 ¹⁰t⁰⁸¹⁶³¹⁶
148 1931 329 1991 conditione
346 1930 449 2010 colligi
464 1936 575 2011 potest,
587 1930 740 2009 siquidem
750 1932 922 2011 proprietas
971 1928 1058 2008 quasi
1072 1930 1208 1990 divinam
1227 1931 1327 2009 ipsam
1339 1929 1438 1990 Verbi
1450 1946 1614 2009 personam
1634 1945 1672 1987 ex
1686 1926 1740 1987 ad-

14 1983 121 2021 milhm-

46 2036 77 2091 lh?

25 2089 100 2125 ranae

148 2021 215 2098 illa,
233 2040 304 2100 quta
324 2023 364 2083 ad
386 2029 531 2084 naturam
551 2024 711 2097 accedens,
733 2023 921 2103 hypostasim
969 2022 1076 2100 juncta
1101 2022 1291 2082 humanitate
1308 2020 1412 2100 perfici
1437 2022 1592 2088 docerent,
1614 2020 1674 2079 hoc
1696 2022 1742 2079 est

148 2131 220 2175 eam
234 2115 404 2188 constituit,
421 2116 573 2194 ejusmodi
584 2120 639 2188 est,
657 2121 693 2175 ut
703 2114 859 2187 antedixi,
874 2115 921 2175 uti
972 2113 1086 2191 aliquid
1102 2114 1185 2192 quod
1196 2113 1256 2192 ipsi
1270 2114 1398 2189 deesset,
1420 2114 1573 2192 accipere,
1594 2111 1676 2191 quod
1691 2111 1741 2178 his

148 2205 290 2286 perficiat
311 2206 408 2279 illam,
438 2213 469 2268 et
487 2206 652 2285 compleat,
676 2207 736 2267 hoc
749 2211 796 2267 est
809 2206 920 2266 ultima
971 2203 1073 2265 verbis
1086 2204 1557 2283 rel'ellit.nConfitemur,inquit,
1572 2212 1741 2283 utrumque

147 2297 187 2358 sit
202 2297 270 2375 ejus
285 2298 512 2373 determinatio,
526 2316 589 2377 qua
602 2316 658 2377 per
674 2316 718 2375 se,
740 2316 776 2358 ac
797 2316 920 2377 separa-
972 2314 1037 2357 esse
1050 2314 1147 2356 ttuam
1159 2296 1360 2376 hypostasim,
1377 2313 1535 2374 lanamque
1551 2313 1715 2375 personam
1731 2295 1750 2356 :¹

146 2389 207 2449 tim
217 2389 364 2449 consistat
380 2410 387 2450 :
402 2390 462 2450 hoc
476 2396 522 2450 est
534 2390 572 2450 nd
592 2390 714 2451 nullum
734 2391 922 2451 adhaerescat
971 2406 1035 2448 non
1051 2394 1086 2448 ut
1100 2407 1211 2467 corpus
1233 2388 1423 2467 hypostasim
1448 2387 1656 2467 compleverit.
1674 2388 1742 2448 Hoc

146 2480 285 2557 aliud,a
311 2500 373 2560 quo
396 2485 539 2561 pendeat,
559 2487 590 2543 et
612 2482 699 2561 quasi
721 2483 918 2544 terminetur.
972 2481 1055 2541 enim
1070 2479 1202 2560 impium
1222 2486 1291 2540 est:
1315 2480 1566 2559 quandoquidem
1590 2479 1742 2560 perfectus

147 2573 232 2633 Cum
256 2574 342 2634 enim
367 2574 483 2653 absque
507 2574 694 2654 proprietate
718 2574 772 2635 illa
784 2592 839 2654 per
856 2593 921 2635 sese
971 2577 1016 2632 est
1030 2573 1121 2647 Deus,
1137 2591 1194 2633 nec
1217 2572 1445 2632 imminutionis
1466 2590 1573 2652 capax,
1599 2572 1739 2652 simplex,

146 2666 339 2741 cohaerendi,
353 2672 464 2727 natura
472 2666 656 2746 perfecte,et
666 2673 700 2726 ut
709 2666 776 2745 ejus
785 2666 920 2727 conditio
971 2668 1003 2724 et
1018 2663 1212 2738 uniusmodi3
1238 2664 1428 2742 minimoque
1449 2664 1661 2743 compositus:
1684 2681 1743 2726 nec

146 2758 288 2839 postulat
301 2758 442 2819 nondum
456 2759 576 2831 existat,
593 2776 717 2820 neeesse
730 2765 776 2819 cst
789 2776 858 2820 eam
873 2760 921 2820 vel
973 2755 1004 2814 in
1013 2762 1115 2834 partes
1129 2755 1277 2815 dividitur
1294 2775 1301 2815 ε
1318 2774 1431 2834 nempe
1446 2774 1508 2834 qua
1518 2757 1652 2818 Deusest
1666 2757 1743 2816 Ver·

146 2869 217 2925 stra,
241 2849 291 2911 vel
314 2850 415 2912 aliena
441 2851 662 2912 terminatione
692 2851 851 2930 compleri,
887 2869 923 2912 ac
972 2847 1059 2921 bum,
1075 2846 1310 2921 etuninsmodi‚
1326 2847 1584 2908 subdivisionem
1604 2849 1742 2927 partium

145 2941 268 3023 perfici.
285 2944 372 3017 Quod
387 2942 441 3003 ubi
455 2949 501 3005 est
514 2949 663 3018 assecuta,
675 2943 742 3021 jam
752 2943 831 3003 nihil
843 2961 922 3022 pre·
971 2957 1139 3019 rerumque
1153 2959 1218 2999 non
1232 2940 1312 3000 cadit
1329 2960 1336 3000 t
1358 2940 1421 3000 sive
1440 2958 1571 3019 corpora
1594 2940 1656 3001 sint
1667 2940 1739 3020 illae,

146 3040 235 3095 terea
246 3034 354 3111 exigit,
366 3054 467 3115 neque
479 3035 703 3096 communicari
712 3034 801 3096 alteri
809 3041 919 3114 potest,
972 3032 1036 3093 sive
1058 3032 1198 3111 corporis
1223 3037 1363 3111 expertos
1381 3042 1404 3092 ⁶.
1431 3054 1447 3091 υ
1481 3033 1634 3106 Quoniam
1667 3051 1740 3113 orgo

147 3144 256 3205 aquo,
273 3133 312 3188 ut
332 3128 406 3203 dixi,
428 3127 576 3207 compleri
598 3127 822 3205 terminarique
835 3127 921 3187 illam
972 3122 1076 3184 diviua
1091 3123 1185 3184 Verbi
1201 3142 1333 3202 persona
1339 3123 1417 3185 nihil
1427 3124 1460 3185 in
1474 3143 1506 3186 se
1520 3142 1629 3204 capere
1644 3124 1742 3186 inere

147 3227 302 3297 oporteat.
318 3218 413 3297 Atqui
425 3236 490 3279 nou
504 3223 604 3297 potest
626 3235 665 3278 ex
679 3217 802 3278 duobus
821 3235 921 3279 unum
971 3216 1070 3276 menti
1093 3220 1204 3294 potest,
1232 3235 1268 3275 uc
1294 3215 1411 3277 nullins
1439 3222 1508 3295 eget
1532 3217 1679 3292 omnino;
1704 3237 1741 3278 eo

149 3326 207 3388 per
220 3327 252 3370 se
266 3309 379 3377 herisi
389 3309 542 3370 nmboilla
553 3309 689 3388 idipsum
698 3310 759 3369 siut
770 3316 919 3391 ἐντελεχείᾳ,
971 3307 1055 3385 quod
1067 3314 1199 3383 αὐτοτελής
1210 3325 1264 3386 per
1277 3308 1474 3389 anteperfecta
1486 3317 1543 3376 est,
1558 3313 1627 3369 tum
1642 3327 1743 3370 essen-

147 3400 179 3462 in
192 3406 240 3462 est
254 3407 335 3475 notu,
363 3402 397 3462 in
419 3402 504 3480 quod
523 3402 699 3478 convenire,
721 3401 920 3480 copularique
970 3398 1024 3472 tia,
1053 3405 1121 3460 tum
1145 3399 1317 3475 existendi,
1344 3419 1379 3459 ac
1413 3399 1596 3460 subsistendi
1630 3400 1738 3477 modo;

75 3502 100 3543 '-
146 3492 310 3570 dicuntur,
324 3494 378 3555 sed
392 3494 523 3554 alterum
539 3511 603 3554 esse
617 3503 718 3575 δυνάμει
738 3493 797 3553 hoc
818 3493 920 3573 ipsum
970 3490 1083 3551 idcireo
1093 3508 1151 3550 noo
1165 3489 1267 3550 aliena
1286 3490 1405 3569 indiget
1423 3491 1598 3570 hypostasi;
1614 3509 1671 3551 nec
1686 3511 1739 3552 ex-

147 3602 275 3647 necesse
289 3592 344 3660 est,
365 3585 447 3664 quod
462 3592 530 3645 actu
544 3604 582 3645 ex
591 3586 812 3646 communione
823 3604 922 3647 acces
970 3582 1119 3643 trinsecus
1132 3582 1277 3660 adjuncta
1288 3583 1352 3643 ulla
1370 3601 1403 3644 re
1426 3584 1741 3663 complanatorem

147 3694 248 3755 suque
276 3677 332 3737 fiat
357 3677 495 3738 alterius.
521 3678 619 3737 Porro
647 3682 767 3737 naturae
796 3678 865 3738 duta
886 3679 920 3738 in
971 3675 1156 3735 econtrario
1177 3680 1289 3735 natura
1307 3675 1457 3751 humana,
1477 3695 1547 3756 quae
1565 3677 1741 3756 propriori

146 3787 313 3848 unumper
322 3786 354 3829 se
363 3768 519 3849 componi,
531 3779 562 3829 ct
571 3768 917 3847 coalescerenequeuut,
970 3785 1034 3828 nou
1059 3766 1258 3842 subsistebat,
1272 3767 1374 3828 fulciri
1394 3769 1433 3829 ab
1454 3769 1614 3848 hypostasi
1632 3768 1737 3843 Verbi,

145 3861 208 3921 nisi
222 3860 306 3939 quod
318 3859 368 3920 vel
376 3865 500 3936 natura,
515 3859 564 3920 vel
582 3860 740 3941 hypostasi
753 3860 793 3920 sit
807 3878 917 3920 tinum.
970 3859 1136 3938 perficique
1149 3878 1226 3938 opus
1239 3859 1360 3935 habuit,
1376 3861 1460 3939 quod
1475 3861 1558 3921 idem
1569 3867 1676 3921 auctor
1689 3878 1740 3921 ex·

145 3952 266 4014 Neutro
280 3970 354 4014 vero
377 3953 471 4014 modo
494 3971 533 4013 ex
557 3952 677 4013 duabus
690 3953 842 4032 perfectis,
864 3971 920 4032 per
969 3950 1060 4030 plicat
1081 3952 1136 4013 sic.
1166 3975 1180 4003 ι
1194 3952 1265 4014 Νοιι
1288 3951 1383 4030 igitur
1409 3969 1521 4030 corpus
1546 3952 1739 4032 complendae

145 4062 242 4124 seque
255 4044 491 4106 subsistentibus
505 4045 625 4106 naturis
636 4063 736 4106 unum
750 4049 849 4121 potest
859 4045 920 4105 eri·
969 4042 1081 4103 divinae
1095 4042 1295 4122 hypostaseos
1308 4044 1372 4103 rim
1390 4043 1511 4120 habuit,
1529 4043 1585 4104 sed
1600 4045 1654 4123 qui
1667 4061 1740 4104 vere

144 4144 253 4198 sterc:
280 4137 429 4216 quoniam
456 4145 488 4199 et
513 4142 633 4198 naturae
659 4138 746 4217 ipsae,
767 4141 920 4215 quatenns
969 4133 1122 4214 perlectus
1136 4139 1193 4208 est,
1220 4134 1304 4212 quod
1326 4134 1543 4214 imperfectum
1560 4134 1739 4214 eratperfe-

144 4228 289 4308 pertenire
304 4235 388 4302 suut,
405 4238 518 4308 δύναμιν,
533 4228 565 4288 id
579 4235 624 4288 est
633 4228 799 4307 potentium
814 4229 918 4289 exclu·
969 4227 1031 4287 cit:
1060 4225 1113 4304 qui
1136 4225 1253 4286 nullius
1277 4231 1343 4286 crat
1368 4226 1522 4305 indigens,
1544 4245 1616 4289 cum
1641 4244 1740 4307 egena

144 4319 244 4394 dunt;
260 4337 332 4380 cum
353 4338 405 4381 eus
423 4322 490 4398 jam
505 4321 628 4399 ponitus
642 4326 724 4380 nctus
735 4318 893 4399 ooctrparit
909 4340 916 4380 :
970 4319 1125 4394 conuenit,
1141 4324 1171 4378 et
1185 4318 1345 4397 copulatus
1358 4325 1403 4380 est
1418 4338 1510 4381 carne
1527 4341 1535 4381 ι
1550 4320 1599 4380 cui
1609 4320 1740 4381 uullere

144 4417 175 4472 et
211 4430 274 4491 qua
306 4412 439 4491 perfecte
473 4412 621 4472 dicuntur
652 4413 804 4484 existere,
839 4412 919 4472 nihil
969 4429 1049 4491 opus
1063 4415 1138 4487 erat,
1151 4412 1286 4489 seipsum
1300 4411 1404 4487 egenti
1417 4411 1503 4472 dedit
1516 4412 1650 4492 corpori.
1666 4415 1739 4473 Ete-

144 4504 276 4582 perinde
286 4504 433 4583 potentin
447 4505 486 4564 ad
505 4503 735 4564 subsistendum
750 4503 915 4564 retineant.
971 4504 1037 4564 nim
1051 4521 1145 4564 nemo
1162 4509 1207 4563 est
1221 4520 1330 4564 eorum
1356 4503 1411 4580 qui
1435 4511 1517 4565 recte
1537 4505 1671 4585 sapiunt,
1685 4513 1741 4568 aut

146 4595 193 4658 lta
206 4596 286 4656 nihil
299 4596 428 4656 omnino
437 4613 492 4675 per
506 4614 538 4657 se
548 4613 648 4656 unum
657 4595 844 4675 proprieque
856 4596 920 4657 dic·
970 4596 1026 4675 qui
1047 4594 1167 4656 sobrius
1194 4600 1249 4670 est,
1279 4599 1311 4655 et
1336 4595 1540 4675 intelligentia
1556 4596 1668 4677 valeat,
1684 4597 1740 4680 qui

180 4792 203 4831 tt
223 4777 291 4831 Clu.
304 4774 352 4830 lib.
371 4775 394 4831 ll
410 4781 486 4830 cont.
501 4777 581 4832 Neai.
598 4775 725 4831 tomvl.
739 4773 797 4828 Ὅτι
806 4776 832 4828 δε
845 4775 919 4829 συνά-
1003 4772 1105 4830 elbid.
1130 4766 1320 4846 Ὃμολογοῧμεν
1342 4774 1372 4829 τὸ
1394 4778 1577 4849 συναμφότερον
1602 4776 1659 4850 μίαν
1679 4777 1740 4831 όπό·

143 4878 213 4930 ρειαν
223 4858 363 4931 ὀνομάζων,
378 4859 444 4932 τάχα
455 4878 503 4912 που
517 4858 561 4926 τὴν
575 4857 630 4912 κατ’
645 4856 766 4930 ἐγγύτητα
781 4859 867 4930 μόνην,
878 4858 918 4910 καλ
966 4876 1061 4921 στασιν,
1076 4856 1116 4909 καί
1137 4857 1162 4909 ἓν
1181 4859 1324 4929 πρόσωπον,
1340 4857 1389 4931 οὐχ
1407 4859 1451 4912 ἵνα
1473 4860 1679 4932 συμπληρωτικὸν
1698 4865 1741 4928 τῆς

143 4942 207 4995 κατὸι
219 4942 360 5013 παράθεσιν,
383 4944 458 5014 ἤγουν
481 4940 595 5014 σχετικὴν
616 4942 761 5013 νοουμένην,
784 4940 856 5002 αὐτὸς
866 4942 918 5003 τοῖς
964 4940 1122 5001 όπυστάσεως
1135 4938 1165 4992 τὸ
1178 4946 1252 5011 σῶμα
1262 4941 1372 5011 γίνηται·
1389 4940 1472 5005 ἆσεόὲς
1483 4942 1541 5013 γὰρ,
1551 4940 1631 5009 ἐπειδὴ
1646 4942 1739 4996 τέλειον

145 5023 215 5087 ίὸίοις
228 5024 400 5079 ἀντανίσταται
414 5025 508 5096 λόγοις,
524 5032 577 5080 elo.
966 5025 994 5078 τὸ
1008 5025 1083 5088 θεῖον,
1095 5019 1247 5076 ἀνεπίδεκτον
1256 5021 1426 5090 ἐλαττώσεως,
1438 5024 1543 5089 ἁπλοῦν,
1555 5025 1595 5077 καλ
1606 5024 1738 5095 μονοειδὲς,

181 5108 322 5163 britann.
334 5107 363 5163 in
373 5113 443 5163 orat.
454 5106 511 5162 Ὅτι
524 5102 706 5180 εἷςόΧριστὸς.
727 5108 775 5160 Καὶ
786 5113 916 5180 πειρῶνται
964 5108 1004 5160 καλ
1019 5106 1158 5173 ἀσύνθετον,
1184 5105 1216 5167 είς
1241 5106 1302 5177 μέρη
1330 5105 1358 5159 oh
1382 5108 1521 5178 διαιρεῖται·
1548 5107 1659 5160 τουτέστι
1679 5106 1740 5161 καθὸ

145 5190 198 5262 ἅμα
210 5190 362 5262 πανταχόθεν
377 5188 409 5252 εἰς
423 5191 449 5244 ἓν
465 5197 516 5245 τῶν
538 5190 637 5245 ἀτόπων
651 5191 773 5262 περιάγειν
787 5191 842 5254 τοὺς
854 5190 917 5262 ipre·
965 5189 1017 5251 θεὸς
1031 5190 1106 5261 λόγος
1120 5187 1181 5253 ἐστὶ,
1197 5188 1237 5241 καλ
1252 5188 1389 5260 μονοειδὴς,
1402 5188 1434 5250 είς
1444 5187 1561 5261 διαρορὸιν
1574 5189 1736 5261 μελῶν(Ιορ,

146 5274 230 5345 πόρους
252 5273 352 5344 λόγους,
375 5274 579 5345 συμπληρωτικὸν
602 5272 677 5327 εἰπεῖν
693 5277 736 5341 τῆς
759 5274 917 5335 θποστάσεως
966 5278 1061 5345 μερῶν)
1075 5273 1115 5325 καλ
1130 5273 1280 5344 πραγμάτων
1299 5271 1328 5325 uit
1341 5272 1422 5326 πίπτει
1440 5269 1502 5324 εἴτε
1523 5278 1596 5344 σῶμα
1611 5270 1662 5340 τίη,
1676 5272 1738 5327 εἴτε

146 5351 191 5410 τοῦ
204 5357 282 5427 λόγου
297 5356 327 5409 τό
339 5361 424 5428 σῶμα.
967 5355 1099 5427 ἀσώματα.

177 5530 188 5569 1
200 5525 253 5580 cap.
268 5522 354 5567 arn-h
365 5523 417 5579 cap.
429 5534 435 5565 ι
445 5529 466 5567 et
478 5535 502 5567 ιι.
