4036 6162
611 313 661 375 DE
680 302 983 391 incastraturis,
1003 304 1074 376 trs.
1097 306 1136 390 u,
1159 308 1243 380 Chi’.
1266 318 1319 381 XI.
1691 316 1749 383 831

166 476 198 537 lu
225 473 354 567 spiritu,
372 478 404 540 et
433 470 564 541 sauhte
597 489 655 541 uas
671 479 774 560 ipsum
807 466 936 540 adorere
989 476 1228 559 «Mamurium
1246 484 1384 563 quidem,
1404 492 1440 546 ut
1456 502 1493 547 ea
1517 498 1588 565 qus
1609 484 1661 547 hic
1681 488 1753 545 enta

165 569 357 648 studeamus,
372 575 403 633 et
413 573 515 634 colere
524 578 550 634 ⁰.
566 588 581 631 ν
986 572 1068 633 diota
1079 578 1153 634 sunt
1162 574 1278 637 utiliter
1286 592 1369 651 vara,
1377 592 1441 639 non
1451 578 1552 639 solum
1561 596 1581 639 s
1591 576 1753 657 Prophetis

191 654 260 723 'Sic
283 658 370 724 iliam
395 663 595 743 nasama&
610 663 670 725 hoo
697 666 743 725 est
768 663 808 725 ed
831 668 938 724 sancta
986 665 1108 741 mactis,
1121 662 1174 744 qul
1185 668 1372 730 omniavcra
1381 670 1539 747 dixerunt,
1549 668 1753 730 verumetiam

165 756 357 830 mnotomm,
372 756 452 817 uiam
466 754 594 818 noudum
610 754 801 838 propalatam
816 756 937 834 speruit
986 756 1219 838 aphilcsopbis,
1235 764 1327 839 atque
1340 762 1413 842 ipsis
1430 760 1541 842 poetis,
1561 765 1593 822 et
1611 759 1753 839 hujusce

166 844 307 908 Christus
323 867 330 908 :
347 846 461 929 quippe
478 854 656 911 sanatorum
672 845 822 910 vocabulo
842 848 937 926 signi·
985 848 1071 908 modi
1084 852 1260 912 unctoribus
1271 853 1455 931 litterarum,
1470 868 1549 934 qttos
1565 852 1665 915 multis
1678 870 1753 913 veru

165 936 252 1001 ficari
279 941 404 1015 mlum,
433 943 655 1022 iuterpretatur
688 941 933 1022 chrysostomus,
984 938 1067 1000 falsis
1081 942 1237 1004 miscuisse
1250 946 1319 1023 quis
1334 945 1592 1024 ambigat?illius
1605 944 1701 1007 etiam
1717 946 1752 1008 in

166 1032 452 1112 Graeciquccoeteri.
985 1050 1077 1094 earne
1115 1041 1299 1112 presentata
1339 1040 1537 1099 coniirmsret
1574 1038 1749 1109 aircmritas,

19 1144 143 1242 afflat
204 1128 258 1192 111.
276 1128 352 1204 Quoe
378 1128 428 1190 via
443 1127 592 1233 inusitata
607 1128 767 1232 terratenus3
788 1132 819 1188 et
838 1124 933 1204 invit,
984 1133 1112 1210 propter
1126 1129 1752 1210 eosquiillauonpcssentluipsuintima

779 1237 792 1277 s
931 1239 933 1245 ·
1106 1267 1111 1278 .
1465 1224 1470 1237 ’
1643 1242 1650 1284 r

30 1264 132 1347 ‘'²''
165 1218 932 1395 tutibittit{inuitauit
983 1223 1751 1397 iiiut{itiirmiiiuitiitiaiit

166 1406 257 1468 Hunc
277 1407 364 1468 euim
381 1422 585 1466 asermonem
600 1402 744 1464 omnibus
761 1403 933 1482 praecptis,
984 1409 1091 1468 aderat
1105 1408 1323 1487 omnibus,qui
1337 1408 1403 1486 ejus
1412 1407 1574 1487 participes
1586 1426 1652 1468 esse
1663 1414 1752 1488 potu-

164 1498 279 1579 qm‘bus
293 1494 467 1559 Christiana
484 1497 548 1557 vita
565 1494 761 1568 informatur,
781 1512 846 1555 esse
863 1512 934 1575 per·
984 1506 1077 1560 erunt
1090 1524 1120 1561 s.
1134 1501 1223 1573 Nam,
1245 1506 1281 1560 ut
1293 1500 1502 1561 Tertullianus
1522 1499 1602 1560 libro
1616 1500 1654 1560 de
1666 1519 1752 1562 carae

164 1588 283 1652 tectum
298 1611 329 1666 r,
346 1592 390 1651 ait
409 1588 600 1669 Augustinus
620 1589 652 1648 in
672 1586 753 1647 libro
772 1588 874 1667 primo
895 1588 935 1648 ud
986 1590 1206 1672 Clrr'sticapitc
1217 1594 1352 1654 seeundo
1364 1590 1482 1667 scribit,
1495 1591 1750 1654 «Christoserve-

165 1680 345 1745 eumdem’.
363 1681 460 1761 Cujus
473 1700 509 1743 eo
520 1681 638 1742 irtrotus
647 1680 791 1760 pertinet,
802 1681 836 1739 in
850 1680 933 1759 quod
983 1682 1075 1744 batur
1093 1686 1199 1745 omnia
1220 1690 1303 1746 retro
1323 1686 1446 1746 occulta·
1463 1685 1592 1753 nudare,
1613 1684 1750 1747 dubitata

165 1774 305 1839 intentus
325 1774 379 1836 Dei
396 1774 490 1850 tillus,
510 1793 524 1832 a
539 1771 629 1834 diruit
646 1772 727 1833 banc
754 1770 850 1832 vitam
875 1778 935 1834 :ut
983 1775 1294 1856 dirigere,praelibaia
1308 1778 1751 1858 supplerepraedieatareprm

165 1865 219 1929 tibi
232 1867 422 1943 ostenduet
438 1866 584 1946 quamsit
599 1864 825 1925 contemnenda
838 1880 934 1944 quam
983 1870 1104 1929 sentare
1121 1886 1148 1928 ν.

164 1960 324 2041 diligebas,
350 1964 381 2022 et
402 1959 554 2039 quamsit
573 1957 734 2037 sperande,
760 1974 856 2035 quam
869 1972 934 2018 non
1024 1961 1075 2022 IV.
1093 1960 1250 2022 Arnobius
1267 1979 1341 2022 vero
1355 1962 1446 2023 latius
1468 1960 1579 2022 Christi
1601 1962 1749 2042 scholam,

164 2054 310 2118 credebas
324 2070 355 2129 t,
370 2058 406 2114 ut
439 2051 482 2113 ait
502 2051 692 2131 Augustinus
705 2047 729 2110 ⁸.
746 2048 825 2109 Hinc
849 2052 937 2129 rapui
983 2070 1018 2113 ec
1032 2054 1205 2114 doctrinam
1218 2054 1350 2134 porrigit
1366 2072 1373 2113 :
1389 2059 1425 2114 ut
1437 2052 1622 2133 prmterillu,
1633 2058 1751 2134 quam

165 2146 317 2222 calmum,
332 2144 392 2207 hoc
405 2144 534 2207 cattinis
547 2143 661 2216 ultimi,
681 2158 825 2221 ueraeque
838 2142 934 2202 felici·
981 2146 1139 2218 virtutem,
1155 2152 1185 2207 et
1198 2147 1328 2207 salutem
1341 2147 1482 2227 proxima
1495 2147 1637 2224 attinent,
1656 2149 1750 2209 etiem

164 2242 248 2314 tatis,
272 2238 361 2318 cnjus
386 2242 495 2318 gustus
507 2235 764 2316 paucissimorum
785 2234 934 2296 hacteuus
981 2229 1172 2297 naturalium
1198 2254 1305 2298 rerum
1339 2255 1456 2310 causas,
1491 2243 1584 2317 atquc
1617 2238 1751 2315 origines

165 2332 270 2413 puleio
292 2329 439 2411 saplebat,
465 2328 571 2390 erebro
594 2327 739 2388 meminit
758 2325 792 2386 in
812 2344 849 2388 eo
868 2345 932 2389 ser-
981 2329 1132 2391 docuerit.
1145 2331 1225 2390 Nam
1239 2326 1352 2391 Christi
1366 2330 1526 2404 beneficia,
1544 2335 1575 2391 ct
1590 2331 1624 2391 in
1637 2332 1748 2393 huma-

162 2442 259 2486 mone
290 2423 428 2485 Chrisim
460 2420 524 2482 sive
549 2420 582 2481 id
614 2419 739 2499 proprio
774 2419 932 2499 appellans
981 2435 1059 2481 uum
1081 2438 1179 2500 genus
1201 2421 1286 2483 illata
1309 2422 1392 2484 bona
1417 2438 1591 2497 recensens,
1616 2422 1656 2483 ob
1679 2442 1750 2504 qum

161 2518 302 2592 nomine,
325 2516 388 2577 sive
408 2512 546 2590 figuratis
566 2510 722 2573 vocabulis
744 2511 930 2590 significans.
980 2512 1102 2573 divinos
1114 2513 1153 2573 ab
1165 2514 1226 2575 illis
1238 2515 1373 2575 bonores
1386 2514 1484 2576 multo
1494 2515 1612 2593 justius
1625 2531 1749 2594 promo·

162 2608 255 2669 Viam
290 2612 407 2682 auum,
441 2624 504 2686 qua
536 2603 576 2666 ad
608 2603 687 2664 illud
721 2604 928 2679 contenditur,
980 2605 1058 2666 ritus
1070 2606 1175 2681 fuerit,
1201 2623 1296 2686 quam
1319 2607 1359 2668 ob
1381 2608 1459 2685 uini,
1482 2607 1532 2669 uel
1554 2606 1691 2686 bargum,
1713 2626 1750 2670 ac

160 2714 308 2781 peraeque
329 2698 509 2761 mortalibus
524 2696 706 2772 inauditam,
729 2698 760 2755 et
780 2695 928 2773 ignotam,
979 2704 1157 2760 ceterarum
1195 2700 1449 2762 commoditatum
1487 2716 1561 2760 usus
1598 2706 1747 2781 repertos,

161 2800 382 2873 praeterquam,
403 2790 428 2851 si
448 2791 536 2865 forte,
558 2788 663 2868 paucis
683 2787 880 2867 quibusdam,
900 2795 931 2849 et
980 2792 1126 2867 &cobrin
1151 2808 1187 2852 ao
1203 2793 1308 2866 Ceras,
1331 2791 1445 2871 aliique
1463 2791 1609 2852 mortales
1625 2810 1632 2852 ε
1648 2793 1692 2852 ita
1711 2793 1749 2853 ale

159 2884 294 2961 eximiis,
315 2883 423 2945 eadem
444 2881 477 2943 iu
498 2881 601 2943 ecbola
618 2880 769 2960 pateiecit,
790 2880 930 2941 voiunta-
980 2884 1101 2945 Christo
1128 2900 1255 2944 narrare
1268 2885 1369 2963 pergit
1383 2881 1406 2942 ⁸:
1427 2883 1514 2956 aQui
1541 2883 1626 2943 velut
1651 2901 1749 2944 caecos

158 2978 238 3039 riam
256 2978 484 3057 paupertatem,
506 2974 636 3049 lachim,
662 2971 868 3040 vexationem,
898 2977 929 3034 et
978 2975 1108 3054 passim,
1141 2994 1176 3037 ae
1196 2977 1262 3037 sine
1285 2975 1350 3036 ullo
1372 2980 1492 3036 rectore
1505 2974 1690 3053 gradientes,
1708 2975 1747 3036 ab

157 3070 316 3133 malorum
336 3064 488 3144 omnium,
509 3066 772 3143 acerbitatemque
788 3063 928 3125 toleruu-
978 3066 1125 3146 deruptis,
1140 3067 1180 3128 ab
1194 3067 1301 3139 deviis,
1315 3066 1390 3128 locis
1399 3066 1591 3146 planioribus
1600 3066 1744 3129 reddidit.

157 3164 255 3238 tiam;
273 3167 310 3223 ut
328 3161 366 3222 de
384 3160 423 3221 iis
441 3160 560 3235 sileam,
581 3170 650 3238 quae
668 3170 761 3236 supra
784 3156 929 3236 precepti
978 3161 1047 3234 Qui,
1064 3159 1148 3239 quod
1170 3159 1353 3238 frugiferum
1376 3160 1477 3239 primo
1496 3172 1590 3239 amus
1607 3160 1748 3220 humano

158 3250 374 3317 neeemitatem
400 3256 509 3332 sponte
537 3250 720 3330 capessenda
746 3248 926 3327 proposuit;
979 3250 1326 3331 generisaiutare‚Deus
1337 3250 1746 3330 monstravitquidsit,quis,

158 3362 229 3428 quet
262 3342 446 3425 Euangeliou
480 3342 602 3404 consilia
637 3340 863 3414 nominantur3
893 3356 929 3400 ac
978 3347 1123 3422 quantus,
1143 3349 1174 3404 et
1186 3341 1297 3423 qualis,
1313 3343 1368 3422 qui
1382 3342 1553 3423 profundas
1566 3343 1642 3421 ejus,
1655 3348 1748 3422 atque

155 3456 259 3520 neque
272 3436 424 3511 incilibus,
438 3450 540 3515 neque
554 3431 761 3495 mediocribus
776 3431 928 3492 virtutum
977 3435 1201 3496 inenarrabiles
1233 3434 1414 3496 altitudines
1451 3434 1614 3514 (quantum
1643 3440 1749 3495 nostra

155 3528 266 3593 officiis
299 3534 443 3592 coustant
466 3547 474 3589 t
495 3534 526 3589 et
559 3525 693 3606 antiquis
727 3526 838 3584 sanctis
869 3524 928 3584 sub
977 3528 1077 3606 quivit
1090 3527 1285 3588 mediocritas
1300 3524 1420 3606 capere)
1441 3531 1472 3588 et
1489 3527 1661 3605 intelligere
1676 3542 1747 3607 pcr-

155 3630 290 3699 naturae,
321 3622 370 3683 vel
401 3619 534 3682 Moesica
555 3620 623 3697 lege
649 3616 833 3697 degentibus
857 3616 928 3677 usui
977 3619 1070 3693 misit,
1089 3620 1246 3681 etdocuit.
1264 3618 1325 3686 Qui
1339 3636 1401 3698 quo
1415 3624 1551 3696 auctore,
1577 3636 1639 3698 quo
1661 3625 1748 3698 patre

154 3714 286 3779 minime
314 3714 452 3774 feserunt.
977 3711 1113 3772 mundns
1133 3712 1189 3773 iste
1201 3712 1241 3773 sit
1259 3711 1453 3779 constitutus,
1474 3716 1505 3773 et
1519 3710 1750 3787 conditus,fecit

194 3808 235 3870 ut
248 3824 316 3868 nou
329 3803 381 3867 illa
396 3805 545 3865 duntaxat
559 3820 640 3862 novo
665 3806 695 3861 et
708 3800 807 3861 ardua
833 3801 927 3861 docu-
977 3800 1199 3881 benignissime
1237 3804 1334 3865 scire.
1371 3802 1430 3877 Qui
1471 3801 1640 3863 naucitatis
1681 3803 1748 3880 ejus

154 3902 263 3963 menta
274 3895 415 3960 Christus
426 3893 603 3974 magisterio
617 3910 674 3953 suo
684 3892 925 3972 complexusest:
977 3896 1167 3974 exprompsit
1175 3908 1285 3974 genus,
1295 3900 1326 3955 et
1335 3893 1452 3953 nullius
1462 3888 1627 3971 aliquando
1637 3906 1748 3967 cogna-

154 3995 206 4056 sed
223 4012 262 4054 ea
279 3993 408 4070 insuper
432 3988 551 4063 omnia,
580 3984 725 4064 querci
753 3982 928 4063 aprotanis
975 3987 1061 4046 tione
1093 3991 1317 4065 presumptum
1348 3985 1479 4045 materia
1515 3980 1627 4044 illiusi.
1658 3984 1747 4046 Unde

154 4082 356 4166 sapientibus,
380 4097 416 4141 uc
438 4077 631 4159 pbilosophis
653 4072 771 4137 ruiltter
786 4074 820 4136 in
839 4094 927 4137 eom·
975 4077 1099 4153 ignibus
1113 4079 1184 4138 sotis
1197 4078 1339 4157 genitalis
1354 4077 1458 4139 femor
1471 4076 1649 4137 adsciscitur
1667 4095 1674 4137 :
1691 4094 1747 4139 eur

154 4194 250 4239 muna
258 4172 500 4255 positsbumauo
512 4167 619 4249 generi
627 4167 925 4248 praecepteiuerent.
976 4171 1062 4230 Luna
1076 4186 1199 4249 semper
1208 4171 1242 4230 in
1251 4174 1350 4243 motu,
1369 4174 1429 4230 etc.
1440 4166 1633 4229 Animelium
1656 4170 1745 4251 origo

156 4268 205 4331 Its
220 4270 326 4329 censet
338 4262 531 4342 Augustinus
544 4261 578 4321 in
589 4259 817 4339 epistoletcrtls
838 4279 845 4319 :
871 4258 925 4320 uhi
976 4278 1046 4341 quae
1059 4261 1098 4323 sit
1111 4281 1118 4322 ε
1132 4263 1267 4322 rationes
1278 4278 1355 4340 quas
1369 4260 1505 4322 babeant
1514 4261 1632 4321 semina
1649 4280 1656 4322 ε
1675 4264 1746 4342 quis

154 4364 319 4442 postquam
332 4357 396 4417 duo
408 4355 473 4429 ills,
482 4372 553 4433 quae
567 4366 661 4432 supra
671 4354 924 4428 commemoravi,
975 4353 1078 4434 ipsum
1092 4353 1216 4414 tinxerit
1229 4353 1401 4428 hominem,
1413 4352 1483 4431 quis
1496 4351 1681 4432 informarit,
1695 4356 1745 4416 val

153 4448 378 4514 iucarnationis
391 4447 503 4508 Christi
518 4444 681 4506 commoda
692 4444 810 4520 retulit,
819 4448 928 4525 mapu-
975 4462 1013 4506 ex
1027 4446 1163 4506 materia
1177 4462 1240 4526 quo
1252 4460 1365 4523 genere
1374 4444 1743 4525 constructionemipsam

156 4546 275 4622 resen,
288 4536 524 4622 atadjutoriam,
538 4537 577 4598 de
591 4537 694 4617 priora
712 4537 755 4598 ita
776 4536 925 4616 loquitur,
977 4537 1214 4599 coniormeverit
1236 4554 1425 4617 corporum:
1441 4536 1517 4616 quid
1550 4538 1591 4598 sit
1622 4554 1742 4618 musas,

190 4767 211 4807 a
228 4751 295 4806 Ciu.
312 4744 549 4803 distinerent.
567 4738 924 4817 ’Υιιέδυχρησνμωςτὴνπρνς
974 4759 1031 4805 roo<
1052 4744 1139 4815 νόμον.
1160 4736 1217 4795 ἀλλ’
1242 4741 1286 4808 u’,
1315 4740 1412 4815 ἐπείπερ
1434 4740 1485 4797 lati
1505 4736 1600 4817 πνεῦμα
1614 4740 1742 4816 ὁθεδς,ἕν

156 4830 219 4905 ἡμᾶς
234 4828 371 4904 ὁμοιότητα
385 4824 400 4881 t
415 4826 558 4900 μονογενὴς,
573 4826 607 4888 ὡς
621 4826 650 4879 ἂν
668 4824 712 4893 ris
727 4823 865 4896 ἀπόῤῥητον
880 4829 923 4877 τοῦ
973 4825 1099 4899 πνεύματι.
1111 4826 1151 4879 nei
1162 4825 1262 4898 ἀληθείᾳ
1272 4827 1312 4879 καὶ
1326 4825 1395 4899 tusi<
1405 4825 1474 4882 «troi
1488 4827 1632 4900 προσκυνεῖν
1646 4828 1741 4900 ratpot,

155 4917 220 4982 teet,
233 4916 273 4968 aui
299 4913 388 4984 πατρὸς
408 4910 588 4964 tumultuetur
617 4909 728 4977 ὓίληοιν,
746 4904 922 4979 πνενματικῶς
971 4906 1146 4982 καὶλατρσῦινν
1161 4902 1321 4981 ἔπνιγῶμνθα.

157 4996 267 5072 tethttp
283 4993 460 5069 κρωνννητὰς,
476 4991 792 5064 tumultuosissime
806 5008 919 5062 προσκει·
1006 4993 1023 5049 b
1054 4996 1141 5050 Forte
1154 4992 1325 5063 cogitatione
1349 4999 1563 5066 presumptum,
1591 4993 1741 5050 materiam

158 5084 239 5155 μένω(
251 5082 299 5145 ἔτι,
316 5080 357 5135 καὶ
374 5078 416 5133 τὸν
431 5077 499 5130 totu
520 5076 627 5131 τελειοῦν
651 5074 768 5149 ἰσχύοντα
787 5075 919 5147 specupi-
968 5074 1053 5133 ithus.

192 5280 270 5334 ’liius
281 5283 370 5331 turres
383 5275 504 5331 mamni
527 5277 551 5328 iu
573 5270 729 5343 &ruopbsgis
745 5275 794 5328 suis
810 5272 924 5329 thusum
973 5276 997 5327 in
1020 5274 1095 5328 naute
1122 5275 1243 5343 spasmos
1264 5276 1382 5328 domnion
1399 5288 1468 5341 quan
1488 5272 1612 5340 sepissime
1625 5272 1738 5327 amitant.

975 5351 1031 5403 tide
1044 5351 1155 5416 ansgisii,
1171 5357 1194 5403 et
1207 5350 1299 5403 Battum
1312 5351 1408 5403 Romam
1417 5348 1593 5402 subterraneam.
1630 5349 1657 5404 it,
1671 5352 1699 5402 Α.
1711 5350 1737 5402 Ζ.

186 5490 197 5534 t
212 5490 275 5536 ttatr.
288 5500 317 5544 n,
328 5486 380 5533 8.-
392 5482 408 5529 t
420 5481 483 5532 tan.
494 5476 578 5533 n.-e
592 5483 648 5543 teg.
658 5486 681 5532 tn
693 5484 730 5535 ΡΙ.
743 5484 876 5534 esunt-i
888 5484 945 5536 bru.
957 5484 972 5537 Ι.
985 5484 1057 5534 ltine
1069 5490 1090 5535 st
1104 5490 1121 5535 t.
1131 5485 1151 5534 n
1162 5486 1210 5536 sab.
1223 5488 1275 5537 init.
