4078 6162
591 294 640 357 DE
662 293 964 370 INCARNATIONE,
986 295 1061 355 LlB.
1083 294 1140 366 ΙΙΙ,
1163 292 1247 356 CAP.
1270 297 1335 356 Vll.
1697 300 1758 359 tlt

175 461 246 541 quia
267 477 325 520 nec
337 459 432 520 homo
451 458 612 539 negandus
635 463 690 528 est,
716 476 787 520 cum
805 458 940 540 propriae
990 476 1076 520 mera
1102 464 1271 539 suppetunt
1298 459 1364 538 ejus
1384 460 1462 535 loca,
1477 459 1591 539 quibus
1607 459 1757 523 catholico

175 550 941 631 divinitatisnaturalemeneritpotestatemaccepta
991 551 1128 630 dogmati
1142 551 1341 628 suffragatur:
1351 569 1368 612 e
1379 550 1492 630 quibus
1507 570 1604 631 pauca
1617 553 1755 631 seligam.

175 644 207 705 in
219 662 251 705 se
264 644 363 705 lorma
377 643 491 705 servili.
508 666 520 702 i
991 643 1026 703 ln
1043 643 1173 722 epistola
1187 645 1276 704 tertia
1290 642 1330 704 ud
1348 642 1537 705 Volusianum
1554 664 1561 704 ε
1576 666 1593 702 u
1606 645 1755 717 Verbum,

104 733 109 744 '
136 764 142 774 ·
213 736 268 797 Vl.
286 735 512 797 Ambrosiusin
525 733 604 796 libro
617 734 654 795 de
667 732 886 809 Iuraruotioue,
902 733 941 796 de
989 735 1044 808 ait,
1069 735 1103 795 in
1131 736 1294 815 principio,
1309 754 1363 814 per
1384 736 1468 816 quod
1493 735 1661 796 factasunt
1681 742 1760 801 tem·

173 828 232 890 hoc
258 833 443 907 argumento
467 828 570 907 plene,
606 832 771 906 aperteque
805 827 941 906 disputat
989 845 1077 906 pora,
1094 833 1218 907 tempus
1238 828 1340 906 elegit,
1359 845 1422 907 quo
1440 827 1608 906 susciperet
1620 846 1756 906 carnem,

172 922 320 983 adversus
331 919 562 999 Apollinarem
580 924 610 979 et
627 918 707 980 inter
730 916 828 980 alia¹:
848 920 940 997 «Ego
992 937 1057 980 nou
1074 918 1207 999 tempori
1221 920 1320 991 cessit,
1335 923 1372 980 ut
1385 924 1555 981 verteretur
1573 919 1607 980 in
1620 938 1757 981 carnem.

172 1013 257 1094 quod
270 1012 441 1087 eratillius,
460 1030 525 1072 non
548 1009 713 1087 habebam,
738 1016 769 1072 et
785 1010 837 1072 ille
856 1009 940 1089 quod
994 1011 1095 1072 Homo
1123 1012 1238 1091 quippe
1265 1012 1331 1072 Deo
1354 1011 1488 1088 accessit,
1509 1030 1574 1072 non
1587 1014 1671 1073 Deus
1689 1031 1707 1073 a
1727 1030 1760 1074 se

173 1123 279 1167 meum
304 1110 373 1181 est,
409 1122 474 1165 non
498 1103 643 1164 habebat.
683 1102 824 1182 Suscepit
856 1102 940 1180 quod
992 1102 1166 1179 recessit,u
1183 1109 1242 1165 etc.
1270 1103 1310 1163 Et
1330 1121 1404 1163 mox
1425 1123 1432 1163 z
1451 1104 1559 1163 «Cum
1585 1104 1668 1165 enim
1683 1105 1762 1164 Ver-

173 1215 280 1259 meum
303 1204 360 1269 est,
389 1205 426 1256 ut
451 1196 624 1275 impertiret
644 1194 727 1275 quod
750 1211 843 1255 suum
870 1200 939 1255 est:
992 1194 1070 1257 bum
1081 1196 1139 1256 Dei
1152 1195 1343 1276 permixtum
1358 1201 1403 1256 est
1422 1195 1535 1257 animae
1552 1195 1678 1256 habenti
1692 1214 1760 1256 eor-

172 1289 316 1369 suscepit,
332 1307 396 1350 non
410 1295 446 1348 ut
456 1288 668 1360 coufunderet,
679 1287 733 1347 sed
746 1291 782 1347 ut
795 1286 938 1366 repleret.
993 1304 1063 1365 pus,
1075 1288 1169 1348 simul
1191 1293 1222 1348 et
1245 1287 1383 1348 animam
1404 1288 1539 1368 suscepit
1561 1293 1592 1348 et
1604 1306 1726 1367 corpus.
1745 1310 1757 1346 ι

171 1382 203 1442 si
226 1381 334 1442 eredas
364 1380 601 1459 susceptionem,
629 1378 759 1458 affingas
785 1377 941 1440 conlusio·
994 1380 1076 1440 Tum
1089 1385 1217 1460 postea:
1238 1380 1402 1441 «verbum
1418 1378 1513 1459 igitur
1527 1380 1592 1459 Dei,
1617 1380 1763 1461 idemque

171 1490 258 1549 nem,
286 1471 475 1533 Manichacus
497 1490 563 1533 esse
596 1470 716 1544 desisti,
748 1488 805 1531 nec
837 1474 943 1531 tamen
993 1471 1152 1540 Deifilius,
1167 1471 1250 1532 Patri
1266 1477 1451 1545 coaternus,
1468 1473 1638 1553 eademque
1651 1474 1760 1550 virtus,

172 1564 316 1626 Ecclesiae
324 1564 408 1625 filius
417 1581 482 1625 esse
497 1563 625 1644 eoepisti,
641 1583 656 1621 n
671 1567 729 1623 etc.
752 1563 789 1622 Et
802 1560 943 1641 sequenti
992 1570 1024 1624 et
1036 1563 1323 1642 sapientiaDei,etc.
1335 1563 1430 1644 longe
1440 1565 1501 1626 alio
1511 1566 1603 1626 modo
1614 1566 1761 1645 quodam,

171 1656 271 1737 capite
286 1676 294 1716 :
315 1656 519 1717 uAdversum
536 1671 645 1716 omnes
662 1659 770 1715 tamen
791 1647 941 1734 (haereses)
992 1673 1088 1734 mam
1102 1674 1150 1732 eo,
1165 1673 1228 1736 quo
1243 1657 1391 1717 creaturis
1406 1657 1528 1738 caeteris
1541 1657 1638 1731 adest,
1667 1675 1766 1719 susce·

171 1748 327 1829 generalis
335 1754 381 1808 est
400 1747 459 1808 istu
480 1746 569 1823 fides,
589 1746 701 1826 inquit,
722 1745 795 1823 quia
805 1744 944 1805 Christus
993 1747 1038 1827 pit
1060 1748 1240 1824 hominem,
1270 1766 1363 1828 seque
1390 1753 1421 1809 et
1447 1749 1536 1808 illum
1560 1747 1632 1810 iecit
1665 1766 1766 1810 unum

171 1845 217 1903 est
242 1839 302 1900 Dei
327 1838 421 1915 tilius,
447 1843 478 1898 et
501 1838 707 1918 sempiternus
729 1855 768 1898 ex
791 1836 891 1911 Patre,
914 1839 945 1895 et
993 1841 1100 1902 lesum
1113 1841 1279 1915 Christum,
1299 1840 1503 1903 mediatorem
1525 1840 1591 1914 Dei,
1614 1847 1645 1901 et
1658 1841 1763 1903 homi·

171 1938 264 1993 natus
277 1949 318 1992 ex
331 1930 573 2008 Virgine.Quem
583 1930 673 2009 quasi
684 1929 843 2009 gigantem
856 1944 944 1999 sanc·
994 1950 1083 2006 num,
1095 1931 1247 2011 aequalem
1259 1932 1345 1992 Patri
1366 1933 1538 1993 secundum
1559 1932 1763 2004 divinitatem,

171 2030 221 2086 tus
235 2023 333 2085 David
350 2022 501 2102 propheta
521 2021 674 2098 describit,
690 2039 727 2082 eo
748 2021 831 2100 quod
846 2018 944 2080 bifor·
994 2025 1150 2085 minorem
1170 2026 1263 2085 Patre
1281 2025 1457 2085 secundum
1480 2041 1617 2100 carnem,
1641 2025 1700 2085 hoc
1720 2029 1767 2085 est

172 2117 243 2189 mis,
273 2114 469 2194 geminaque
483 2120 605 2174 nature
635 2130 717 2173 unus
737 2112 796 2187 sit,
822 2126 946 2170 consors
995 2118 1166 2178 secundum
1177 2116 1352 2177 bominem.
1368 2138 1380 2173 ι
1405 2117 1442 2176 Et
1456 2115 1583 2195 epistola
1598 2132 1680 2177 txrr.
1700 2117 1769 2177 «Et

175 2208 345 2270 divinitatis
359 2212 390 2268 et
404 2205 561 2286 eorporis;
577 2207 632 2285 qui
647 2210 798 2284 tauquam
817 2218 947 2282 sponsus
994 2208 1091 2270 homo
1119 2208 1236 2268 scilicet
1261 2207 1371 2283 lactus,
1401 2212 1433 2268 et
1460 2225 1646 2286 permanens
1672 2209 1764 2268 Deus.

176 2299 346 2380 procedens
360 2298 398 2359 de
413 2298 551 2359 thelame
565 2315 622 2358 suo
635 2296 784 2358 exultavit
796 2298 947 2374 tanquam
997 2301 1099 2360 Homo
1119 2299 1204 2360 enim
1218 2304 1394 2378 assumptus
1418 2305 1465 2360 cst
1489 2317 1508 2358 a
1534 2300 1607 2372 Deo,
1633 2317 1698 2360 non
1735 2299 1768 2359 in

178 2391 266 2470 gigas
279 2390 317 2452 ad
341 2390 529 2451 currendam
550 2390 658 2450 viam:
679 2404 809 2467 sponsus
832 2385 947 2446 animae
997 2391 1124 2452 bomine
1147 2392 1352 2471 consumptus
1366 2391 1516 2452 estDeus.
1532 2391 1603 2451 ldeo
1617 2391 1767 2452 valdera-

176 2483 348 2544 secundum
366 2483 526 2557 Verbum;
542 2481 629 2560 gigas
650 2486 754 2552 terras,
780 2479 854 2558 quia
873 2495 948 2538 usus
999 2481 1188 2543 tionabiliter
1195 2488 1226 2543 et
1235 2483 1324 2544 Patre
1332 2483 1435 2543 minor
1449 2492 1495 2543 est
1511 2482 1606 2542 homo
1618 2481 1765 2558 Christus,

175 2574 274 2637 nostri
297 2575 398 2636 officia
419 2590 614 2654 percurrens,
636 2590 708 2634 cum
723 2574 804 2632 Deus
827 2587 949 2649 semper
997 2579 1029 2635 et
1038 2574 1123 2634 Patri
1138 2574 1266 2653 aequalis
1277 2579 1323 2635 est
1334 2573 1489 2654 idemipse
1499 2573 1636 2634 Christus
1650 2575 1765 2634 Deus.»

174 2673 255 2729 esset
268 2672 416 2743 aeternus,
432 2665 659 2727 Incaruationis
677 2669 868 2726 sacramenta
881 2680 947 2723 sus·
1038 2665 1087 2728 Sic
1106 2665 1140 2725 in
1155 2667 1257 2745 primo
1283 2666 1368 2727 libro
1396 2664 1432 2726 de
1454 2663 1623 2726 Trr'uitote:
1644 2687 1660 2724 «
1673 2667 1766 2744 Ergo,

175 2760 267 2841 cepit,
285 2777 350 2820 non
362 2758 489 2833 divisus,
503 2758 556 2819 sed
570 2775 651 2817 unus
668 2776 675 2816 ε
691 2756 765 2836 quia
781 2761 949 2833 utrumque
997 2756 1110 2835 inquit,
1125 2758 1199 2835 quia
1214 2756 1316 2818 forma
1330 2756 1385 2817 Dei
1399 2757 1516 2835 accepit
1529 2756 1662 2818 formam
1675 2757 1767 2825 servi,

174 2869 271 2928 unus,
287 2856 320 2912 et
333 2868 417 2911 unus
429 2852 462 2911 iu
474 2856 616 2929 utroque,
633 2848 693 2910 hoc
713 2854 758 2908 est
775 2847 825 2908 vel
837 2845 948 2906 divini-
998 2854 1165 2927 utrumque
1193 2849 1289 2923 Deus,
1317 2854 1348 2909 et
1374 2854 1542 2926 utrumque
1568 2849 1674 2908 homo.
1710 2847 1771 2909 Sed

174 2949 252 3018 tate,
266 2942 319 3004 rel
342 2960 483 3022 corpore.
501 2942 572 3002 Non
594 2941 679 3000 enim
697 2940 775 3000 alter
796 2956 835 2999 cx
848 2937 948 3012 Patre,
998 2945 1168 3019 utrumque
1182 2941 1274 3015 Deus,
1288 2944 1416 3019 propter
1432 2939 1634 3018 accipientem
1652 2940 1767 3015 Deum3

174 3036 255 3099 alter
282 3053 323 3096 ex
344 3034 494 3112 Virgine:
509 3033 563 3094 sed
582 3032 666 3094 idem
677 3032 767 3092 aliter
785 3048 823 3092 ex
844 3031 948 3101 Patre,
998 3036 1281 3110 utrumqueautem
1292 3032 1529 3110 homo,proptar
1543 3037 1702 3111 acceptum
1717 3032 1772 3092 bo-

175 3127 268 3187 aliter
279 3145 319 3187 ex
332 3125 472 3204 Virgine.
496 3124 658 3185 Generatio
681 3119 873 3200 generationi
886 3137 950 3179 non
998 3121 1128 3182 minem.
1144 3123 1250 3202 Neque
1264 3123 1349 3183 enim
1360 3122 1414 3183 illa
1427 3123 1620 3203 susceptione
1634 3122 1770 3184 alterum

175 3217 374 3299 prejudicat,
394 3234 451 3277 nac
469 3233 540 3277 caro
561 3214 727 3276 divinitati.
746 3234 758 3271 ι
776 3212 844 3272 Huc
857 3210 950 3271 eham
1000 3210 1154 3270 eorumin
1175 3211 1307 3272 alterum
1329 3229 1523 3286 conversum,
1550 3216 1643 3290 atque
1668 3216 1769 3271 muta·

177 3309 330 3389 pertinet,
353 3307 438 3386 quod
460 3306 495 3367 in
517 3307 644 3385 Hymno
667 3305 702 3366 in
723 3301 861 3365 Natalem
889 3300 950 3362 Do·
999 3307 1068 3362 tum
1081 3307 1128 3363 est
1147 3321 1155 3361 ε
1175 3320 1233 3363 nec
1246 3301 1391 3363 divinitas
1411 3303 1527 3383 quippe
1544 3302 1579 3363 in
1596 3310 1771 3364 creaturam

175 3401 268 3478 utini,
289 3399 460 3460 «Geminae
482 3399 568 3477 gigas
588 3396 793 3459 substantians
812 3393 952 3454 Christus
1001 3399 1121 3454 mutata
1132 3398 1189 3468 est,
1211 3399 1247 3455 ut
1269 3394 1428 3455 desisteret
1449 3412 1514 3455 esse
1532 3394 1676 3455 divinitas
1692 3414 1699 3454 ι
1713 3411 1772 3455 nec

176 3493 215 3555 ab
229 3488 668 3564 eodemrooaturdmbrosio,
684 3489 767 3568 quod
781 3484 952 3548 interalios
1000 3491 1141 3547 creatura
1165 3485 1200 3547 in
1222 3485 1427 3562 divinitatem,
1456 3491 1493 3546 ut
1518 3485 1678 3548 desisteret
1705 3503 1771 3547 esse

177 3584 347 3664 usrmpavit
362 3582 510 3663 Leporius
540 3582 574 3643 in
595 3580 701 3642 libello
728 3576 949 3641 emendationis.
1000 3583 1150 3640 creatura.
1169 3599 1182 3636 s
1198 3579 1263 3652 Qua
1287 3577 1453 3655 Augustini
1474 3579 1630 3639 sententia
1647 3578 1771 3640 haeresis

35 3672 147 3773 ,ὦ
215 3679 304 3738 Zeno
322 3693 447 3755 qnoque
461 3673 647 3736 Veronensis
665 3671 820 3753 duplicem
839 3670 953 3731 Christi
1001 3675 1143 3750 unaque,
1171 3670 1314 3747 Nestorii,
1334 3678 1365 3733 et
1383 3671 1540 3750 Eutychis,
1559 3671 1645 3733 velut
1672 3668 1773 3732 securi

176 3767 375 3830 nativitatem
393 3766 538 3828 desmibit
549 3765 573 3842 ¹,
584 3765 831 3843 divinam,atque
845 3779 954 3830 carna-
1002 3762 1137 3841 quadrum
1154 3761 1271 3823 succisa
1284 3762 1457 3842 perimitur.

176 3861 253 3922 lem.
276 3859 431 3921 «Etenim
446 3861 527 3919 Deus
550 3857 606 3918 Dei
616 3856 710 3929 iilius,
725 3861 864 3935 tempore
877 3872 952 3915 cou-
1041 3854 1386 3935 Vlll.llieronymusin
1400 3853 1480 3915 libro
1494 3852 1773 3915 secundooduersru
1798 3879 1944 3933 mmm,
2026 3870 2027 3877 ¹

176 3953 303 4025 stituto,
333 3949 525 4011 dissimulata
557 3947 683 4009 interim
709 3946 878 4026 majestate,
913 3945 953 4006 ab
1002 3944 1197 4026 Pelagianos:
1221 3968 1237 4004 a
1251 3945 1356 4007 Carnis
1375 3945 1549 4021 infirmitas,
1574 3945 1690 4026 inquit,
1708 3947 1773 4007 Deo

177 4045 320 4106 aetherea
331 4042 402 4104 sede
416 4041 571 4121 profectus
589 4040 624 4100 in
640 4039 865 4120 praedestinate
879 4038 952 4097 Vir·
1001 4037 1173 4129 habitatore
1186 4038 1351 4117 gaudebat3
1362 4042 1393 4097 et
1406 4043 1513 4098 tamen
1527 4054 1707 4098 mensuram
1713 4037 1774 4098 fra-

176 4135 263 4215 ginis
290 4132 407 4213 templo
430 4133 553 4193 sibimet
576 4136 821 4208 oashametatur,
841 4127 954 4208 quibus
1002 4129 1125 4205 gilitatis
1150 4148 1213 4191 suae
1228 4129 1375 4191 excedere
1392 4129 1583 4208 nonpotuit;
1606 4134 1718 4190 utnon
1736 4143 1774 4212 tq
1798 4153 1946 4209 sument·

176 4226 315 4288 latenter
340 4223 527 4299 intunditur,
556 4222 776 4284 inhominem
801 4221 952 4300 gignitur,
1002 4230 1093 4294 δοκεῖν,
1118 4222 1209 4301 juxta
1224 4227 1343 4283 ueteres
1364 4220 1537 4297 hereticos,
1562 4222 1615 4282 sed
1631 4239 1703 4283 vere
1718 4222 1773 4283 Dei

176 4317 361 4396 ibidemque
384 4315 480 4389 salvo,
505 4315 590 4395 quod
609 4319 686 4388 erat,
706 4312 875 4375 meditatur
889 4329 954 4373 esse
1002 4312 1094 4390 filius,
1110 4313 1246 4374 hominis
1258 4312 1341 4374 filius
1354 4312 1543 4374 crederetur.
1559 4332 1575 4371 u

179 4409 269 4489 quod
284 4426 351 4469 non
364 4414 440 4469 erat.
461 4407 577 4468 Mixtus
590 4407 695 4485 itaque
708 4406 855 4467 bumana
869 4403 955 4465 carni
1043 4405 1122 4466 Item
1131 4406 1164 4465 in
1174 4403 1410 4485 caputMottluei
1420 4403 1618 4479 ultimum⁵3o
1625 4403 1775 4466 Dominus

186 4499 498 4578 setingitinlantem.
516 4524 530 4552 ι
550 4499 639 4575 Nam,
658 4504 695 4558 ut
730 4496 870 4576 sequenti
895 4513 957 4557 ser·
1004 4502 1109 4557 noster
1136 4515 1228 4569 unus,
1257 4503 1350 4576 atque
1363 4496 1447 4556 idem
1474 4497 1557 4556 tilius
1573 4496 1639 4571 Dei,
1653 4497 1775 4558 etfilius

179 4609 279 4653 mone
315 4589 466 4670 docet{‚«
486 4591 552 4653 boec
575 4595 622 4652 est
650 4594 785 4669 potestas
814 4587 887 4664 Dei,
919 4591 956 4647 ut
1003 4587 1150 4664 hominis,
1156 4588 1247 4666 juxta
1258 4593 1423 4666 utramque
1438 4593 1593 4661 naturam,
1605 4588 1775 4650 divinitatis

177 4683 267 4744 salvo
282 4683 367 4762 quod
377 4687 434 4759 est,
448 4680 716 4763 possitessequod
739 4696 804 4740 non
826 4684 882 4740 est.
899 4677 956 4738 llic
1004 4685 1035 4740 et
1061 4680 1171 4756 carnis,
1207 4696 1292 4740 nunc
1326 4679 1550 4759 magnitudinis
1586 4698 1663 4758 suae,
1690 4698 1775 4742 nunc

123 4802 130 4817 .
178 4780 227 4835 est
269 4775 352 4835 Deus
389 4781 514 4847 noster,
550 4771 658 4835 aeterni
693 4771 749 4833 Dei
782 4775 955 4832 maternus
1003 4770 1187 4832 humilitatis
1196 4771 1282 4850 signa
1296 4772 1530 4832 demonstrat.»

178 4865 279 4927 filius.
314 4866 371 4926 llic
403 4871 447 4937 et.
461 4865 568 4942 homo,
596 4871 628 4927 et
651 4865 746 4938 Deus3
775 4862 848 4942 quia
874 4861 956 4922 inter
1044 4862 1277 4923 Prudentiusin
1290 4861 1634 4943 Apotheosisubfinem,
1801 4895 1944 4940 mm„

178 4956 319 5032 Patrem,
334 4956 540 5036 hominesque
554 4957 650 5018 astitit
662 4955 794 5026 medius,
818 4952 955 5033 probans

179 5047 420 5109 infirmitatibus
433 5065 571 5124 carnem,
585 5047 794 5109 etvirtutibus
809 5045 954 5123 majesta·
1010 5066 1026 5104 c
1040 5045 1176 5126 Quisqui'
1190 5047 1289 5108 Deum
1303 5046 1462 5108 Christum
1476 5047 1541 5108 vult
1562 5047 1677 5118 dicere3
1693 5043 1775 5104 dicat

180 5144 293 5201 tems
465 5184 478 5206 ,
1617 5136 1775 5214 [eumdem

32 5234 156 5291 turnum
221 5229 956 5312 VII.Jamquodaddugustinumspectatinnu-
1007 5230 1453 5310 FssebominemmemaJestas
1466 5227 1770 5307 suarortiaperdat.»

210 5431 220 5476 l
237 5431 299 5476 dub.
313 5432 340 5477 de
350 5432 396 5478 litt.
407 5444 428 5477 c.
440 5443 499 5478 ιι.-·-
508 5429 522 5474 i
532 5433 579 5477 ser.
595 5443 611 5476 ιι
619 5433 646 5477 de
656 5431 757 5479 Nat-t
771 5430 818 5477 Ser.
828 5442 892 5476 ιιι.-
903 5430 916 5475 l
927 5431 986 5476 Tum.
1001 5429 1042 5485 lli,
1053 5430 1094 5476 col.
1109 5431 1157 5475 m.
