4078 6168
659 330 859 395 VINCENTII
881 329 1004 407 LENlS,
1029 330 1112 396 GAP.
1134 333 1205 394 XV.
1662 343 1717 405 ll'l

132 507 295 586 nutusque
303 504 402 565 libros
410 501 496 563 adire
504 501 594 563 illum
600 498 904 579 jubeam,inquibus
952 498 1253 579 circumstrepentis,
1267 501 1461 582 minimeque
1470 504 1641 567 necessaria
1653 523 1721 568 ver·

129 599 233 662 omnia
243 597 339 678 plene
347 600 549 674 accurateque
557 596 791 673 pertractataet
801 590 904 670 expla—
953 600 1050 652 satur.
1071 591 1145 653 Haec
1164 592 1248 654 enim
1268 594 1333 655 sola
1347 594 1386 655 ab
1404 596 1526 659 ratione
1549 616 1584 658 ac
1602 598 1720 678 judicio

127 700 201 754 nata
209 688 358 770 reperiet.
371 688 477 750 Sieest
487 686 635 766 proiecto,
648 684 692 745 sic
706 689 765 745 est:
779 684 904 744 nullum
951 682 1106 762 dirigitur.
1128 686 1204 752 Quoe
1217 685 1364 761 directio,
1386 688 1489 749 cautio
1510 691 1652 770 quedam
1675 697 1721 753 est

127 785 161 847 in
193 781 345 845 Tlter‘iacu
371 779 527 841 vincentii
552 782 774 857 argumentum
804 777 900 851 inest;
951 787 982 836 et
1001 777 1194 855 gubernatio,
1218 777 1327 840 lumen
1352 779 1505 842 voluntati
1529 770 1734 863 preterentis¹

127 876 213 938 nulla
236 874 419 946 tolerabilis,
451 878 483 933 et
510 889 574 932 non
592 871 699 949 inepto
714 868 903 947 disputatore
951 869 1096 944 rationis,
1126 875 1156 931 et
1179 870 1369 949 intellectus,
1396 893 1436 935 ne
1461 874 1496 935 in
1519 877 1719 955 appetendo,

127 970 222 1045 digna
249 968 352 1041 ratio;
388 966 428 1027 sd
459 981 555 1044 quam
587 960 834 1035 dissolvendam,
868 977 904 1020 ae
951 961 1155 1042 eligendaque
1168 963 1302 1026 labatur.
1318 966 1407 1039 Quod
1428 966 1462 1026 iu
1481 968 1669 1043 necessariis,
1689 976 1722 1030 et

129 1060 335 1123 refellendam
360 1077 425 1119 non
451 1076 491 1119 ex
516 1054 683 1117 amborum
713 1051 902 1113 lucubratio·
951 1054 990 1114 ad
1009 1073 1110 1115 unum
1133 1056 1264 1135 alligatis
1278 1058 1520 1136 appetitionibus
1533 1077 1719 1141 supervaca-

127 1154 220 1216 nibns
243 1152 361 1213 idonea
378 1151 445 1230 capi
464 1145 783 1229 adjumentapossint.
808 1146 904 1205 Juvat
951 1164 1048 1206 neum
1066 1153 1129 1225 est,
1143 1149 1226 1209 utin
1240 1167 1347 1210 amore
1366 1150 1481 1211 summi
1499 1149 1585 1228 boni,
1601 1170 1636 1213 ac
1649 1151 1721 1215 finis

126 1252 255 1319 tamen,
286 1245 347 1306 etsi
380 1242 511 1304 minime
538 1241 577 1300 sit
601 1255 744 1314 neeesse,
774 1237 903 1296 Petrum
951 1237 1056 1299 ultimi
1078 1241 1238 1322 perspicue
1261 1241 1395 1320 cogniti3
1418 1241 1472 1302 ubi
1498 1242 1603 1304 nullus
1622 1245 1721 1305 errori

127 1339 177 1400 illa
188 1336 377 1400 testimonia
389 1338 617 1415 peragrantem,
629 1328 853 1410 quamnihilin
864 1328 902 1388 iis
950 1329 1048 1408 loeus,
1064 1351 1166 1412 neque
1180 1334 1328 1414 lapsionis
1354 1338 1400 1394 est
1418 1334 1606 1414 periculum.
1624 1337 1721 1410 Quin·

126 1430 320 1512 usurpandis
346 1428 456 1505 tuerit,
474 1427 633 1502 universe,
659 1439 695 1484 ae
721 1420 901 1482 summatim
951 1425 1723 1508 etiamjudiciiilladirectionihilalindestpraeter
1768 1436 1772 1443 '

125 1525 304 1586 ostendere.
950 1518 1135 1598 imperium,
1165 1519 1248 1599 qnod
1274 1537 1339 1580 esse
1365 1520 1494 1581 rationis
1517 1539 1536 1581 a
1558 1520 1720 1582 voluntate

0 1651 31 1674 ν
42 1665 44 1676 ‚
57 1646 88 1683 a·
164 1619 205 1678 ll.
231 1615 412 1693 Praecipuus
431 1614 571 1673 locorum
598 1611 761 1687 congestus
785 1604 903 1683 aliquot
951 1617 1055 1688 motae,
1069 1631 1133 1673 non
1145 1613 1314 1673 voluntatis
1327 1612 1489 1693 proprium
1500 1619 1616 1690 actum,
1627 1632 1722 1693 supra

22 1704 93 1790 ἵξῃ
125 1709 227 1790 capita
239 1709 318 1770 libri
327 1707 439 1791 prioris
451 1700 639 1784 occuparit¹z
652 1698 764 1780 quibus
775 1697 903 1758 demon·
951 1722 1087 1766 ensaue.
1102 1705 1221 1765 Thema
1235 1705 1533 1766 demonstravimus:
1548 1711 1616 1766 tum
1632 1716 1742 1767 eum-'

5 1810 65 1882 ,Ψ
125 1809 223 1863 strare
251 1803 379 1877 nititur,
407 1796 652 1859 «voluntarium
667 1792 706 1855 ab
723 1791 902 1852 auctoribus
951 1797 1023 1858 dem
1045 1803 1150 1858 aetum
1173 1796 1545 1877 electione'posteriorem
1574 1817 1657 1874 esse,
1682 1817 1721 1860 ex

88 1884 96 1899 ‘
124 1914 181 1976 pro
200 1896 323 1973 liber03
338 1893 530 1957 voluntatem
554 1907 611 1971 pro
630 1886 783 1961 libertate,
812 1883 901 1944 nullo
950 1908 1048 1970 eaque
1067 1890 1229 1971 proficisci.
1248 1892 1329 1951 Item
1342 1889 1421 1950 illud
1434 1890 1549 1969 ipsum,
1565 1891 1720 1951 dominari

123 1988 205 2049 inter
222 1989 286 2049 ista
308 1986 486 2049 discrimine
503 1980 688 2061 usurpari.»
705 1979 830 2039 Poterat
841 1975 902 2037 hot
950 1983 1071 2045 actibus
1079 1984 1152 2052 suis,
1170 1989 1202 2044 et
1213 1988 1249 2043 ut
1262 1999 1326 2042 uno
1339 1980 1434 2041 verbo
1442 1981 1552 2055 diram,
1569 1982 1720 2062 quidquid

123 2081 325 2144 exscribendi
344 2080 451 2141 labore
473 2073 683 2157 supersedere·
707 2070 788 2143 Quid
815 2068 901 2130 ellim
949 2075 989 2136 ed
1012 2075 1248 2155 exprimendam
1267 2072 1413 2134 libertatis
1426 2072 1585 2135 essentialis
1599 2079 1717 2153 notam,

124 2174 291 2246 attinebat,
301 2173 337 2234 in
345 2172 406 2233 hoc
414 2169 610 2251 probandum
619 2161 900 2241 incumbere,quod
949 2171 980 2228 et
997 2175 1142 2229 naturam
1156 2184 1283 2246 operose
1297 2166 1450 2245 congessit
1464 2165 1663 2241 Vincentius,
1680 2167 1719 2227 ad

125 2266 296 2328 adversarii
328 2268 439 2345 sponte
467 2260 540 2323 fassi
566 2256 662 2321 sunt?
690 2255 842 2334 Equidem
867 2253 900 2313 in
948 2259 1219 2340 solumpertinere
1233 2258 1368 2320 liberum
1377 2257 1551 2335 arbitrium,
1566 2265 1719 2337 quesunt

124 2360 261 2421 meando
288 2357 326 2419 de
353 2356 444 2418 libero
463 2352 589 2415 arbitrio
616 2348 693 2411 iliud
719 2345 897 2423 adnotavi¹‚
948 2352 1076 2413 anobis
1096 2352 1256 2432 hueusque
1279 2352 1433 2432 disputata
1458 2351 1656 2432 persuadent.
1672 2352 1718 2412 Ita

124 2452 323 2513 voluntatem
336 2450 377 2511 ab
387 2446 572 2528 Augustino,
581 2443 709 2522 aliisque
720 2457 777 2521 pro
786 2439 899 2500 volun·
946 2445 994 2521 fit,
1008 2450 1043 2506 ut
1055 2445 1140 2506 aliud
1149 2463 1255 2525 agens,
1271 2444 1517 2524 imprudensque
1525 2445 1713 2524 Vincentius,

123 2551 183 2607 ieie
194 2546 312 2621 libera,
320 2543 354 2604 id
363 2547 409 2604 esi
417 2539 546 2603 arbitrio
557 2537 655 2598 libero
661 2532 774 2614 saepius
787 2531 896 2610 accipi.
947 2538 1194 2601 adversariorum
1209 2555 1344 2615 causam,
1359 2537 1398 2598 iis
1408 2537 1493 2618 ipsis²
1510 2556 1588 2617 quos
1600 2538 1635 2598 in
1648 2556 1715 2599 me.

121 2638 304 2712 Quinetiam
331 2635 439 2697 eadem
453 2632 476 2709 ⁸,
503 2647 574 2710 quae
588 2624 895 2692 vincentiusauufit,
946 2631 1036 2692 dium
1058 2632 1198 2709 addunt,
1226 2630 1357 2693 testibus
1379 2630 1572 2710 approbasse
1588 2629 1712 2708 leserit,

121 2728 293 2811 Augustini
308 2725 486 2789 testimonia
498 2722 654 2784 uberrime
667 2717 829 2780 declaravi.
849 2717 897 2778 Ad
946 2731 1039 2804 atque
1052 2725 1195 2787 everterit
1205 2743 1305 2786 suam.

120 2825 187 2887 lraec
199 2822 351 2903 superius
359 2817 560 2881 uoluntarium
575 2830 685 2875 asana.
694 2810 814 2870 Thoma
822 2807 897 2870 bita-
986 2818 1037 2879 lv,
1061 2818 1120 2880 scd
1133 2818 1228 2898 hujus
1241 2818 1276 2878 in
1289 2814 1446 2895 opinando
1459 2814 1622 2877 mirificam
1635 2835 1712 2877 eon-

119 2913 365 2994 riamusurpari
391 2908 512 2985 dooui‘3
541 2925 577 2968 ao
603 2906 641 2966 de
656 2903 815 2965 voluntate
836 2901 897 2963 alie
943 2910 1090 2972 stantiam
1103 2911 1241 2991 prudens
1257 2910 1353 2970 lector
1375 2907 1610 2970 animadvertat.
1632 2909 1712 2971 Nam

118 3010 221 3072 multa
249 3004 403 3082 disseram
424 3021 464 3065 ex
485 3001 597 3083 quibus
617 2997 657 3060 ab
670 2994 832 3057 Vincentio
846 2993 897 3056 hie
944 3001 1137 3064 voluntatem
1150 3019 1278 3064 omnem
1291 3019 1357 3063 esse
1369 3000 1511 3078 liberam,
1527 3006 1558 3062 et
1577 3000 1712 3064 liberum

119 3103 242 3183 objecta
255 3100 434 3162 diluuntur.
480 3130 484 3137 ·
944 3094 1119 3172 arbitrium,
1132 3096 1209 3157 alias
1221 3099 1386 3167 asseverat,
1394 3099 1431 3154 ut
1439 3094 1537 3174 capite
1549 3110 1609 3155 xrrr
1618 3112 1713 3175 supra

159 3193 324 3257 Accedant
336 3191 400 3252 hnc
420 3185 534 3251 totilla
556 3184 679 3261 diserta,
703 3187 734 3244 et
751 3198 896 3262 expressa
945 3187 1226 3250 demonstravimus
1237 3186 1269 3264 ⁸3
1296 3193 1328 3249 et
1347 3204 1417 3267 quae
1430 3187 1470 3248 ad
1483 3187 1559 3249 illud
1572 3188 1712 3268 proban.

119 3285 294 3367 Augustini
321 3283 406 3359 loca,
431 3286 693 3357 ceterorumque,
719 3293 797 3355 quos
821 3273 897 3335 citat
945 3281 1032 3355 dum,
1062 3280 1239 3360 Augustini,
1254 3280 1447 3360 aliorumque
1471 3279 1647 3341 testimonia
1674 3299 1713 3343 ex

118 3378 327 3454 Vincentius,
361 3376 397 3436 in
426 3373 536 3435 eodem
563 3369 687 3431 eolleeta
714 3366 893 3427 volumine:
945 3373 1197 3435 Armacanilibro
1209 3374 1393 3453 corrogavit,
1404 3373 1445 3433 ad
1453 3373 1512 3451 hoc
1520 3373 1624 3436 valere
1632 3372 1709 3453 vult,

118 3471 237 3553 quibus
250 3470 391 3530 liberum
415 3463 554 3526 bominis
578 3460 742 3523 arbitrium
755 3458 798 3519 ita
819 3459 895 3521 defi·
944 3470 980 3527 ut
1000 3466 1171 3545 quemlibet
1192 3466 1362 3526 voluntatis
1388 3469 1503 3539 aetum,
1530 3465 1621 3527 liberi
1647 3484 1711 3529 esse

118 3564 224 3639 ninnt,
250 3568 290 3623 ut
315 3560 357 3622 sit
382 3559 422 3619 ad
442 3561 610 3634 utrumque
634 3552 746 3627 libera,
773 3551 833 3613 hoc
850 3558 896 3614 est
944 3558 1102 3621 declarent
1114 3557 1244 3634 arbitrii,
1252 3557 1709 3641 'etoquidquidavolnntatess

117 3655 326 3723 indifferens,
356 3657 387 3714 et
419 3649 507 3711 nulla
539 3646 681 3709 damnata
716 3644 896 3708 necessitate
944 3657 976 3714 et
988 3652 1127 3732 appetitu
1140 3650 1284 3712 rationali
1296 3649 1445 3730 procedit,
1460 3648 1499 3711 ab
1513 3668 1551 3712 ea
1564 3650 1711 3713 utlihero

68 3740 73 3749 '
117 3748 262 3812 facultas.
943 3745 1071 3805 arbitrio
1085 3744 1262 3824 procedere,
1282 3743 1420 3823 adeoque
1440 3742 1575 3804 liberum
1599 3762 1707 3805 essen

155 3841 244 3917 Quid
276 3836 363 3918 qaod
403 3837 511 3915 suapte
540 3830 744 3912 professione,
771 3830 895 3910 suisque
942 3836 1025 3899 Alias
1039 3837 1174 3899 bberum
1187 3836 1351 3899 arbitrium
1366 3836 1557 3897 avoluntate
1571 3843 1710 3916 separat:

117 3935 222 3997 serbis
234 3932 276 3993 ud
290 3930 374 3991 idem
387 3925 610 4000 confitendum,
625 3922 669 3984 ibi
681 3922 827 3996 maxime,
838 3922 894 3984 ubi
942 3936 978 3991 ut
991 3949 1064 3992 cum
1080 3930 1123 3991 sic
1142 3929 1248 3990 scribit
1265 3925 1296 3988 ⁷:
1315 3928 1409 3987 «Hac
1423 3945 1547 4006 quoque
1561 3928 1713 3989 naturalis

118 4023 309 4089 testimoniis
326 4021 388 4082 illis
409 4020 518 4092 utitur,
547 4018 666 4096 cogitur
688 4015 894 4078 Vincentius?
942 4022 1150 4085 inclinationis
1184 4019 1357 4084 voluntaria
1391 4021 1573 4081 necessitate
1606 4020 1711 4082 divina

119 4120 199 4195 Quid
213 4116 305 4179 enim
314 4120 370 4187 est,
386 4111 470 4193 quod
484 4110 615 4186 efficere,
629 4128 665 4171 ac
677 4108 809 4188 probare
822 4126 894 4169 eon·
942 4116 1097 4189 voluntas,
1114 4114 1172 4175 sub
1194 4114 1315 4174 ratione
1332 4110 1511 4186 voluntatis,
1535 4130 1601 4173 non
1620 4111 1712 4174 tiberi

120 4212 232 4286 eadit,
266 4206 381 4287 Capitis
407 4203 497 4265 initio
524 4202 630 4264 tertii?
657 4222 673 4262 (ι
700 4201 893 4263 essentialem
942 4208 1074 4284 arbitrii,
1085 4206 1364 4282 bonitatemsnam,
1374 4222 1468 4284 seque
1482 4205 1592 4285 ipsam,
1608 4224 1712 4267 neces·

120 4302 292 4365 voluntatis
312 4298 499 4369 libertatem,
526 4313 621 4374 quam
646 4313 685 4356 ex
709 4312 741 4355 se
764 4294 840 4374 ipsa,
861 4299 893 4355 et
941 4301 1032 4374 sario,
1064 4306 1095 4360 et
1120 4304 1226 4360 tamen
1248 4298 1346 4361 libere
1369 4302 1494 4359 amat.»
1524 4296 1624 4375 Igitur
1645 4316 1710 4359 non

118 4396 293 4458 directione
306 4391 437 4453 rationis
455 4388 547 4457 elicit,
569 4388 602 4449 in
622 4391 773 4468 potestate
797 4387 893 4467 impe-
942 4393 1044 4454 omnis
1056 4391 1224 4453 voluntatis
1238 4391 1316 4453 aetio
1329 4391 1366 4452 ab
1379 4388 1472 4451 litero
1481 4387 1616 4471 procedit
1629 4388 1709 4450 orbi·

118 4491 211 4565 noca,
240 4504 306 4568 qua
330 4485 395 4544 suis
417 4480 536 4543 actibus
559 4479 748 4556 dominatur,
777 4485 808 4540 et
827 4498 892 4541 ase
941 4486 1009 4562 trio,
1038 4501 1104 4565 qno
1125 4488 1192 4545 tute
1213 4490 1286 4545 ante
1312 4483 1480 4563 scripsisti:
1507 4499 1608 4561 neque
1626 4483 1710 4545 Deus

119 4583 202 4643 exire
223 4575 457 4659 quodammodo
480 4575 624 4652 imperat,
653 4593 669 4631 ι
694 4571 892 4635 constitutam
941 4578 1038 4639 libero
1053 4595 1085 4638 se
1099 4581 1184 4638 amat
1197 4576 1335 4654 arbitrio,
1344 4576 1397 4637 sed
1407 4593 1444 4636 ea
1457 4574 1627 4653 voluntate,
1638 4594 1709 4656 qua

119 4691 182 4737 me
196 4672 293 4747 dieit3
315 4669 399 4730 etad
416 4667 476 4729 boc
495 4665 707 4747 probandum,
727 4671 891 4728 auctorum
940 4674 1065 4732 nonest
1076 4669 1168 4730 liberi
1187 4668 1305 4729 arbitrii
1318 4668 1455 4749 propria.

119 4768 265 4843 minoeps
282 4760 450 4825 sententias
469 4758 625 4822 adscribit.
979 4762 1088 4823 Dixine
1105 4752 1217 4841 sepius
1232 4766 1330 4822 totam
1349 4760 1440 4822 istam
1453 4763 1707 4840 controversiam,

156 4860 214 4921 111.
238 4856 336 4936 Atqui
357 4854 463 4915 omnis
480 4852 549 4929 illa,
570 4851 683 4932 quibus
698 4852 890 4914 voluntatem
938 4872 975 4915 ae
988 4854 1086 4929 litem,
1114 4872 1207 4933 quam
1222 4858 1267 4914 tot
1287 4855 1397 4934 spretis
1410 4855 1575 4934 pontificiis
1589 4855 1706 4931 edictis,

120 4951 251 5013 liberum
275 4947 421 5028 explieat,
446 4951 478 5007 et
500 4944 729 5025 quodammodo
742 4944 887 5022 delineat,
938 4952 969 5009 et
992 4945 1151 5008 catholicis
1165 4947 1238 5007 fidei
1260 4947 1443 5007 auctoritate
1466 4947 1590 5023 valeam,
1606 4966 1708 5028 nuper

121 5044 372 5105 nouinemnem
392 5038 581 5099 conveniunt
603 5037 757 5099 actionem
775 5037 888 5098 volun·
937 5039 1129 5100 Armacauus
1153 5038 1306 5115 excitavit,
1333 5039 1373 5099 ad
1399 5038 1533 5100 liberum
1555 5039 1707 5100 duntaxat

123 5136 205 5197 tatis:
220 5135 276 5196 sed
294 5134 330 5194 in
343 5148 414 5194 eam
432 5129 547 5206 solam,
569 5147 640 5209 quae
661 5128 753 5190 liberi
769 5122 889 5191 arbitrii
937 5131 1093 5212 pertinere
1106 5131 1276 5193 voluntatis
1288 5132 1471 5209 arbitrium3
1486 5150 1551 5193 nou
1565 5131 1603 5192 de
1626 5148 1704 5210 qna-

121 5229 242 5309 propriu
262 5227 388 5302 dicitur,
404 5229 437 5286 et
460 5221 500 5284 ab
520 5221 669 5285 electione
686 5221 821 5303 pendet:
851 5241 887 5284 ac
935 5223 1013 5286 libet
1026 5242 1091 5286 esse
1100 5223 1268 5286 voluntatis
1277 5224 1420 5286 actions?

1 5467 2 5504 1
120 5521 131 5565 ²
143 5460 229 5567 ffel&
239 5460 263 5514 l,
273 5459 349 5504 5⁹!
362 5458 415 5514 Cap.
425 5467 447 5509 ι.
458 5455 475 5513 ς
487 5455 531 5501 tet
544 5468 564 5503 e.
576 5467 606 5510 ιι,
616 5455 703 5515 §12—
715 5455 729 5499 3
742 5455 796 5501 itte
805 5455 853 5511 sius
863 5457 879 5502 Ι.
890 5469 909 5502 c.
924 5468 945 5510 r,
958 5469 987 5512 ιι,
999 5460 1086 5506 rau-l
1099 5460 1152 5515 Cap.
1163 5470 1189 5504 ιιι
1202 5464 1224 5503 st
1236 5458 1306 5503 r.-5
1319 5458 1415 5517 §te-t
1428 5457 1491 5500 vinc.
1502 5455 1542 5500 lib.
1555 5454 1628 5511 teap.
1641 5465 1704 5500 iu.-

1 5539 2 5560 2
183 5533 295 5574 ..ann
