4122 6248
277 257 339 321 670
796 255 1125 321 rumtmtcosttu
1146 256 1369 323 boemerum

277 424 382 505 potius
402 424 563 505 utriusque
590 421 770 487 substantie
793 422 888 489 fuerit
913 423 1044 489 inehoa-
1096 420 1232 489 allenum
1257 429 1325 485 eret
1349 440 1471 502 eorpus,
1498 420 1583 500 quod
1601 418 1662 500 ipsi
1683 417 1868 498 reputatum

276 522 388 583 tum.»
1096 521 1152 589 est,
1170 521 1200 576 et
1213 515 1379 581 exsemine
1397 515 1607 595 progenitum.
1630 512 1691 575 Sed
1714 509 1868 590 quemad-

132 619 230 684 tttouu
318 610 374 673 IX.
405 609 522 677 Quarta
541 611 572 668 et
590 614 745 687 postrema
769 606 859 684 ratio,
884 607 925 667 ob
950 623 1046 686 quem
1095 605 1808 686 modumsuumeujusquenostrumproprium
1819 606 1869 663 est:

107 674 246 784 ,221szss
279 699 336 763 Ilei
348 700 481 783 genitrix
498 717 571 761 vera
590 700 776 779 proprieque
798 699 927 765 dicende
941 705 987 761 est
1007 699 1041 761 B.
1095 717 1206 780 eorpus
1223 719 1229 763 :
1246 700 1288 765 ita
1302 718 1428 778 prorsus
1445 697 1603 777 Unigeniti
1617 696 1778 776 proprium
1784 699 1865 769 eret,

135 779 222 889 ,lffild
276 793 382 873 Virgo,
406 793 489 873 apud
515 791 678 871 Gyrillum,
702 791 840 870 aliosque
865 789 1044 853 Patresire-
1094 797 1125 852 et
1139 809 1203 853 non
1218 792 1345 853 alterius
1356 810 1478 872 eorpus.
1493 788 1725 853 steteramus
1738 803 1867 849 earnem

123 888 238 944 pupula
277 885 478 967 quentissima
499 890 569 945 est:
596 884 680 963 quod
702 901 774 947 earo
796 882 859 955 ills,
887 880 1044 962 quamab
1094 888 1140 949 est
1151 885 1274 962 genitus
1287 894 1340 947 ‘tn

277 977 468 1041 sanctissima
500 979 599 1041 matre
630 976 767 1054 genitam
787 974 957 1049 Nestorius,
980 972 1045 1035 elii·
1136 975 1187 1037 Sia
1202 976 1507 1057 inepistolaquarta‚
1530 994 1600 1057 quas
1613 972 1749 1037 secunde
1768 969 1869 1033 estad

141 940 218 985 tumis.

277 1088 338 1149 qua
363 1068 479 1133 similes
504 1066 641 1133 baerelim'
670 1085 734 1128 non
759 1065 925 1144 negabunt.
950 1063 1045 1125 Verbi
1095 1065 1280 1145 Nestorium,
1309 1069 1445 1149 cyrillus
1463 1071 1559 1143 idem,
1586 1066 1735 1131 uidoiroo
1760 1082 1870 1125 sarna·

277 1161 439 1243 proprium
461 1158 579 1238 eliquid
600 1158 706 1234 luerit,
734 1176 798 1223 nou
816 1158 965 1233 alianum,
987 1174 1045 1219 uer
1094 1160 1156 1223 lam
1182 1163 1414 1235 generationem
1440 1162 1501 1223 diri
1526 1160 1706 1223 sustinuisse
1727 1155 1866 1217 Verbum

279 1253 494 1327 adventitium,
511 1250 543 1313 id
558 1254 603 1315 est
620 1250 808 1313 extrinseeus
821 1249 1043 1311 adhaerescens.
1094 1251 1147 1321 ait.
1164 1253 1248 1330 quod
1263 1272 1301 1315 ex
1314 1253 1381 1333 ipso
1393 1254 1521 1319 unitum
1531 1259 1578 1316 est
1590 1259 1692 1325 utero,
1705 1248 1788 1329 quod
1798 1264 1869 1307 w.

280 1347 359 1409 Hine
373 1344 459 1407 enim
472 1343 622 1421 sequitur,
633 1359 703 1406 oum
712 1341 826 1420 genita,
843 1347 873 1401 et
885 1345 1044 1419 conrepta,
1094 1343 1143 1405 nis
1165 1344 1301 1424 proprias
1319 1346 1563 1424 generationem,
1598 1350 1751 1422 tanquam
1775 1355 1868 1400 susm

277 1445 412 1519 nataque
430 1441 477 1497 est
498 1453 569 1497 asro
589 1434 648 1497 ista
672 1433 744 1514 (quo
766 1433 895 1515 quidem
918 1431 1045 1497 nomine
1094 1436 1410 1500 verumutetur.»
1444 1439 1493 1500 Sia
1511 1444 1543 1499 et
1561 1442 1707 1509 mortem,
1723 1439 1755 1495 et
1774 1431 1868 1495 aliea·

276 1538 376 1597 totam
394 1530 495 1610 ipsam
514 1526 650 1590 hominis
664 1531 809 1589 naturam
827 1524 1045 1605 comprehendi
1096 1528 1197 1591 tiones
1224 1547 1343 1604 omnes,
1371 1549 1407 1593 nu
1439 1529 1663 1611 perpessiones,
1692 1544 1763 1606 qum
1785 1523 1870 1587 illius

278 1643 359 1704 saepe
377 1617 567 1700 monuimus)
594 1619 736 1681 divinum
759 1618 891 1697 aliquid,
926 1622 957 1679 et
991 1616 1046 1677 Dei
1096 1619 1222 1681 inflictos
1236 1623 1418 1697 suutaernl,
1432 1622 1541 1685 eadem
1556 1622 1596 1683 de
1611 1637 1713 1693 sauss,
1728 1616 1871 1681 Verbum

278 1721 404 1785 οοαιωδῶς
426 1730 462 1774 ae
475 1711 677 1788 substantive,
703 1729 849 1791 raraque,
871 1727 907 1773 aa
929 1709 1048 1773 ratione
1099 1711 1203 1792 ipsum
1223 1713 1379 1794 exeepisso
1401 1713 1524 1777 dieitur.
1549 1714 1601 1777 Sia
1623 1712 1657 1775 in
1677 1709 1808 1791 epistola
1830 1704 1872 1772 mi

279 1823 433 1888 persone,
458 1803 629 1885 proprium,
656 1820 720 1865 esse
740 1802 882 1882 genitum
900 1820 936 1863 aa
958 1805 1048 1880 partu
1108 1802 1316 1871 Valeriorum:
1331 1806 1446 1869 etalibi
1454 1806 1579 1886 parim,
1589 1807 1688 1869 Deum
1697 1804 1813 1883 ipsum,
1833 1818 1870 1861 οο

280 1901 399 1965 editum
412 1899 550 1976 adeoque
564 1897 664 1959 Deum
682 1896 807 1975 ipsum;
829 1894 919 1973 errjus
935 1892 1049 1957 ideireo
1103 1895 1241 1959 Verbum
1261 1898 1417 1976 genitum,
1442 1915 1583 1978 pessum,
1610 1902 1772 1959 martirum
1805 1908 1871 1955 esse

280 1996 456 2059 materiem
470 2007 554 2064 vere,
570 2006 606 2049 aa
624 1987 747 2067 proprie
766 1984 825 2051 bet
843 1984 988 2066 partiris,
1012 2003 1048 2046 aa
1103 1989 1220 2063 seubit,
1241 1995 1272 2055 et
1295 1989 1356 2053 ulia
1382 1990 1566 2057 sustinuisse
1590 1988 1708 2066 omnia,
1736 2006 1808 2068 quse
1830 1986 1871 2049 ed

280 2094 393 2153 eustos
406 2082 509 2143 vorari
531 2085 677 2155 meretur,
704 2097 799 2159 quam
823 2084 867 2139 est
888 2077 1048 2159 proprium
1101 2099 1237 2158 earnem,
1266 2088 1298 2142 et
1319 2086 1509 2163 assumptam
1532 2088 1678 2145 naturam
1700 2080 1869 2160 pertinent,

281 2176 355 2250 Dei3
372 2175 435 2235 imo
448 2173 574 2255 proprie
591 2174 686 2251 Deus,
702 2171 778 2235 illud
789 2171 874 2251 quod
893 2176 938 2231 est
960 2188 999 2231 ex
1011 2188 1048 2231 ea
1104 2173 1158 2235 illa
1172 2173 1238 2253 ipsa
1255 2174 1293 2237 de
1312 2192 1413 2242 rause,
1429 2175 1514 2254 quod
1533 2192 1602 2240 eum
1623 2191 1725 2245 stram.
1741 2190 1778 2232 aa
1798 2190 1872 2251 pro·-

281 2268 433 2347 genitum.
1103 2265 1542 2345 prumsiutearnamtseeut,
1560 2266 1642 2331 nihil
1658 2264 1871 2344 qnodinaam

322 2357 688 2438 HaneCyrillrrsNestorio
699 2372 824 2417 oausam
836 2353 1048 2435 appellationis
1105 2359 1237 2433 traderet,
1249 2358 1386 2423 euenum
1405 2377 1482 2434 nse,
1497 2359 1551 2421 sed
1562 2358 1691 2438 perinde
1709 2355 1872 2437 proprium

281 2451 369 2512 istius
383 2450 523 2531 opponit,
538 2449 666 2510 subdole
678 2468 714 2510 au
726 2447 1006 2511 ratreseiseitatum
1017 2464 1050 2506 se
1103 2448 1223 2513 habuit.
1240 2450 1401 2529 Siquidem
1417 2452 1592 2513 «humana
1602 2468 1634 2511 se
1647 2446 1873 2523 insemit,mis·

154 2567 159 2578 ·
282 2562 349 2607 esse
360 2544 399 2604 de
412 2541 570 2603 eathoiieis
591 2541 716 2614 direnti,
739 2543 793 2619 qui
812 2549 926 2607 seorsus
946 2538 1048 2615 Virgi-
1103 2541 1228 2621 ruitque
1243 2551 1374 2619 naturse,
1389 2548 1425 2607 ut
1444 2541 1551 2605 scribit
1563 2542 1725 2603 crunnus
1741 2539 1764 2615 ¹3
1777 2546 1872 2619 alque

282 2653 356 2701 uem
371 2634 581 2708 nominarent,
605 2632 717 2710 ecquid
738 2649 807 2695 eam
825 2630 1050 2693 arbitrarentur
1103 2634 1145 2707 id,
1162 2635 1245 2713 quod
1258 2634 1395 2700 alienum
1410 2634 1595 2711 assilierat,
1611 2650 1704 2697 snum
1714 2631 1814 2697 lesit.»
1832 2632 1873 2695 st

282 2727 424 2807 genuisse
447 2726 664 2789 divinitatem:
690 2730 756 2789 tum
774 2730 924 2803 negantes
941 2723 1049 2787 horte·
1104 2725 1295 2804 Fulgentius,
1333 2747 1349 2785 ο
1377 2726 1515 2791 Verbum
1551 2725 1679 2805 quippe,
1708 2743 1780 2786 eum
1800 2742 1871 2787 mro

281 2826 351 2885 tum
364 2837 397 2881 se
410 2837 486 2895 asse,
505 2823 540 2878 ut
561 2825 726 2899 Χριστοτόκον
745 2834 819 2895 ergo
836 2814 940 2894 polius
963 2814 1050 2881 illam
1103 2818 1201 2891 lieret,
1226 2818 1339 2898 inquit,
1363 2817 1503 2883 uniuone
1529 2817 1663 2881 musbili
1681 2834 1771 2882 suem
1783 2822 1873 2879 natu-

281 2915 510 2993 nunsuparent.
524 2910 615 2973 Hune
627 2926 701 2968 vero
715 2907 847 2987 Cyrillus
859 2907 1049 2986 redarguens
1102 2929 1171 2977 ram
1183 2911 1266 2989 eds,
1282 2929 1377 2990 quom
1390 2928 1429 2977 ex
1442 2910 1534 2974 nobis
1546 2911 1701 2990 aceepit.»

281 3003 437 3084 imprimis
451 3002 590 3085 exponit,
611 3019 666 3061 eur
679 3007 796 3063 lustros
815 3004 928 3061 vocent
946 2998 1050 3065 Chris-

280 3096 359 3159 tiani
366 3098 505 3157 sanatam
511 3092 688 3171 Virginem
702 3091 925 3171 nempeuquod
931 3090 1051 3171 peperit

281 3186 527 3258 Emmanuelem,
557 3181 609 3267 qui
624 3184 830 3247 naturalleus
844 3186 898 3245 est.
929 3183 1051 3265 Quippe
1288 3195 1468 3278 CApUT
1523 3198 1675 3280 XVHL

280 3279 379 3340 fectus
396 3284 442 3341 est
466 3277 627 3339 nobiseum
642 3276 696 3355 qui
711 3280 756 3337 ast
770 3286 883 3337 natura
905 3277 997 3351 Deus,
1020 3280 1051 3337 et

279 3389 447 3455 supranos,
463 3368 614 3433 Verbum.
631 3368 712 3431 Num
730 3366 826 3445 igitur
845 3366 883 3426 iis
895 3384 966 3445 quar
978 3384 1048 3428 seu·

279 3465 364 3527 liunt
391 3461 607 3525 contradicunt
627 3458 796 3521 Catholici?
820 3458 937 3519 Dixerit
950 3459 1047 3539 enim,
1099 3460 1145 3527 be
1156 3459 1228 3522 eliis
1239 3458 1384 3541 affinibus
1395 3460 1543 3523 vocubulis
1557 3460 1593 3524 ab
1606 3461 1753 3525 lunaticis
1769 3461 1869 3525 intru-

281 3556 402 3636 opinor,
428 3561 555 3614 luorum
578 3551 712 3631 aliquis:
740 3550 774 3613 Si
792 3549 883 3613 Verbi
903 3556 1050 3613 naturam
1139 3554 1192 3629 tis,
1214 3560 1249 3613 ut
1268 3563 1383 3619 tertosae
1411 3572 1515 3615 nomeu
1541 3552 1743 3617 obliterarent.
1772 3557 1801 3617 l.
1825 3553 1871 3617 ue

279 3647 378 3709 fatrrm
393 3663 457 3707 esse
471 3644 571 3707 carnis
583 3661 649 3705 non
670 3642 838 3718 existimas,
858 3647 942 3705 arte
955 3642 1049 3721 nujus
1141 3656 1316 3726 χριοοοτόιιῳ;
1344 3664 1403 3726 qua
1430 3646 1546 3712 rutena
1566 3644 1758 3726 repudiatum
1784 3646 1824 3709 sit
1850 3664 1869 3709 s

280 3738 394 3803 erroris
417 3735 593 3817 suspicione
611 3734 743 3799 liberare
768 3733 813 3797 vis
830 3753 837 3795 :
854 3732 908 3817 qui
922 3735 1049 3795 taudem
1144 3736 1314 3803 Catholicis.
1330 3739 1360 3805 2.
1372 3738 1458 3806 Posse
1472 3745 1569 3803 tameo
1583 3736 1870 3813 molestantium

279 3833 398 3905 asseris,
409 3834 549 3892 sanatam
563 3826 723 3907 Virginem
743 3826 840 3889 Deum
864 3825 1048 3907 peperisse?
1142 3829 1293 3910 usurpari.
1310 3832 1341 3893 3.
1354 3828 1588 3910 Βοάνθρωπονόοῳ
1602 3838 1630 3893 et
1650 3827 1823 3895 Tbeodorels'
1835 3828 1870 3893 ds

282 3927 321 3985 st
348 3923 405 3985 iste
432 3940 470 3983 ax
493 3921 621 3985 adverso
642 3918 720 3981 illud
754 3936 773 3979 a
802 3917 892 3981 nobis
917 3918 1045 3981 audiet:
1141 3940 1173 3983 eo
1186 3920 1442 4002 memttauojus
1451 3922 1530 3985 lorus
1544 3920 1737 3987 illustratur:
1753 3929 1781 3985 st
1801 3941 1868 3985 ron·

281 4017 414 4081 Carnem
455 4031 521 4085 asse
561 4011 677 4077 fastum
716 4009 872 4090 Scriptura
910 4009 1048 4073 Verbum
1142 4014 1241 4083 truria
1254 4012 1373 4094 (britii,

281 4108 358 4171 illud
371 4105 528 4187 praeditat,
549 4102 634 4185 quod
657 4120 695 4165 ex
716 4102 779 4162 Deo
795 4102 888 4165 Patre
907 4101 1046 4183 prodiit:

278 4200 339 4261 hoo
360 4203 416 4276 est,
435 4197 500 4261 siue
523 4194 588 4259 ulle
614 4192 805 4273 eontusmne,
833 4199 865 4254 et
877 4193 1049 4257 seeundum
1140 4199 1166 4257 I.
1190 4197 1231 4261 Ut
1258 4196 1297 4265 ad
1324 4196 1531 4274 eludendum,
1567 4197 1869 4278 opprimendumque

280 4291 485 4371 hypostasim,
498 4285 876 4365 mruiesseeonjunetum.
887 4286 1049 4351 Nonanim
1099 4299 1142 4351 soe
1156 4297 1288 4369 ομοουοίοο
1299 4306 1428 4367 nomen,
1454 4288 1561 4353 driaui
1580 4289 1654 4353 huie
1668 4289 1768 4353 dmde
1785 4309 1869 4355 eum·
1894 4294 2045 4391 Ἢ

317 4480 1871 4558 afflmmbMWWMAEmbmwwmimmmfflmwffmeWQMmme

282 4571 355 4624 τόνον
371 4567 457 4641 αὐτὴν,
472 4568 506 4630 ὥς
521 4566 687 4623 &mereseium
710 4566 826 4634 δηλονότι
848 4565 902 4620 θεὸν
917 4566 978 4623 ὄντα
991 4564 1053 4620 κατὰ
1101 4567 1172 4637 θήναι
1181 4569 1262 4642 σοφοί,
1277 4568 1306 4625 οὗ
1320 4569 1367 4642 γὰρ
1376 4566 1405 4638 ἦν
1420 4567 1550 4641 ἀλλότριον
1565 4569 1650 4636 αὐτοῦ,
1665 4570 1695 4624 sb
1709 4568 1797 4627 trous
1804 4569 1871 4641 (ὀπῷ

282 4646 1871 4729 mmhmfflmfflfflwmmfflwmmwfflwfflmmffl

283 4722 1873 4811 mmmmfflfflmwfflffifflmbfflfflfflwmmmfflfflwwffl

283 4837 341 4871 suar
359 4814 476 4871 τάναντία
496 4813 585 4887 φοοῑνς
611 4813 723 4888 ἔροῐγὰρ
742 4807 864 4886 utputo
882 4811 1054 4871 susteatet
1102 4834 1149 4871 πον
1176 4818 1217 4871 καὶ
1244 4822 1288 4872 τοῦ
1303 4821 1460 4895 μονογενοῦς.
1481 4814 1544 4871 ἴδιον
1560 4814 1601 4887 lp,
1623 4818 1664 4871 καὶ
1685 4817 1734 4893 οὺχ
1747 4816 1829 4891 ,ἑτέρω
1844 4817 1874 4873 τὸ

284 4919 324 4956 σοι
332 4901 427 4973 pporsilt
435 4899 575 4973 ᾑρημένων,
584 4896 605 4951 sl
616 4897 648 4970 μὴ
662 4896 705 4965 τὴν
719 4897 850 4968 τοῦλόγου
864 4896 934 4968 φύσιν
945 4897 1055 4969 γέννημα
1103 4905 1186 4973 σῶμα.

284 4985 373 5056 σαρνὶνς
387 4980 449 5036 sivan
464 4981 519 5055 φῂς,
531 4980 572 5034 καὶ
586 4987 636 5035 τῶν
651 4980 684 5044 εἰς
696 4984 769 5034 τοῦτο
779 4979 866 5033 sessu
882 4979 1053 5045 ἀπαλλάττεις,
1140 4985 1156 5039 ὁ
1176 4984 1285 5039 Cursus.
1302 4999 1346 5053 ep.
1367 4999 1404 5041 ιν,
1430 4981 1499 5036 Ἀλλ’
1522 4981 1545 5044 ἐξ
1566 4981 1639 5050 uritis
1661 4984 1755 5056 μήτρας
1768 4981 1872 5045 {rebels

285 5065 446 5141 sisimirus,
461 5071 514 5128 πῶς
527 5063 557 5137 δὴ
572 5063 620 5138 ἀρὰ
633 5063 686 5119 θεὸν
701 5062 838 5135 ἀποκυῆσαι
852 5063 1000 5126 bruttianis
1011 5061 1054 5131 τὴν
1103 5065 1232 5138 impetrat
1245 5066 1343 5138 λέγεται
1363 5067 1474 5139 pirensis
1489 5065 1615 5139 σαρνινὴν,
1629 5067 1664 5128 ὡς
1679 5069 1723 5132 τῆς
1737 5064 1800 5128 ibim
1813 5083 1873 5138 otp-

286 5149 356 5221 ἁγίαν
380 5149 518 5220 sueton
553 5146 725 5201 ἀντονούσεται
750 5144 777 5199 δὲ
800 5145 859 5219 πρὸς
885 5144 957 5218 ἡμῶν
977 5146 1056 5218 σάρκα
1103 5148 1145 5211 κὸς
1159 5147 1202 5217 τὴν
1211 5150 1322 5222 γέννησιν
1336 5148 1508 5221 οἰκειούμενος.
1539 5204 1544 5213 ,

285 5233 396 5303 γενέσθαι
409 5231 481 5303 φησὶν
494 5230 510 5299 ἡ
522 5231 679 5294 θεόπνευστος
691 5226 771 5303 γραφὴ
783 5229 825 5284 τὸν
840 5227 926 5282 lateat
953 5228 1054 5301 πατρὸς,
1167 5275 1169 5279 .

315 5405 589 5463 sublimiores.
