3994 6164
320 313 379 375 teo
831 311 1156 377 Ttffotoctootttut
1175 310 1395 376 DOGMATUM

319 476 374 553 tia,
389 483 421 538 ct
433 476 550 558 alioqui
563 478 674 560 sepius
685 477 927 541 illesententiam
939 480 1085 557 mutarit,
1139 479 1221 543 sutis
1240 483 1425 556 contortam,
1441 486 1473 542 et
1484 481 1525 545 ad
1550 479 1777 545 ludificantium
1796 483 1891 561 argute

320 575 355 629 ut
369 568 501 648 aquales
514 570 609 651 ipsius
632 571 736 634 Patres
761 571 844 635 citati
857 591 876 635 a
890 572 980 634 nobis
993 571 1088 655 paulo
1137 571 1296 635 collectam
1309 572 1495 635 sententiam
1507 573 1614 636 irridet
1627 574 1805 653 Gregorius.

320 666 391 724 ante
405 664 506 724 testati
518 671 601 728 sunt.
1177 664 1892 746 Exbismanilestumestdpollinsrem,sjosss

150 771 286 869 osoplon
360 754 439 818 XlV.
456 757 503 817 Ex
525 758 671 820 omnibus
697 776 788 836 vero,
802 758 995 839 praecipuum
1022 757 1089 838 ejus
1137 756 1304 839 discipulos
1344 758 1568 823 lucarnutionis
1606 758 1659 820 vel
1706 766 1893 840 ὶνανθρωιιιωνς

149 825 284 925 Afflffl'
320 846 412 908 fuisse
426 848 585 911 decretum
599 850 832 922 illud,ncsectae
842 851 1086 929 caputvidetur3
1138 849 1231 912 fidem
1245 849 1458 930 specietenus
1472 868 1595 915 acvoce
1607 850 1760 925 tenuisse,
1775 868 1891 914 remon
1957 840 1958 921 l

320 942 457 1002 animam
471 942 505 1003 in
518 943 637 1005 Christo
664 944 790 1024 proprie
810 943 945 1005 caruisse
970 949 1087 1019 mente,
1138 948 1203 1004 tarn
1228 942 1322 1020 illius,
1343 961 1379 1004 eo
1400 943 1563 1005 veritatem
1581 943 1730 1022 abjecisse
1756 944 1891 1007 lunffitna
1957 976 1958 981 .

320 1039 351 1095 et
358 1033 452 1113 hujus
460 1035 559 1097 vicem
572 1037 759 1117 supplevisse
773 1036 964 1098 divinitatem
981 1036 1087 1098 Verbi.
1138 1035 1209 1097 Non
1223 1036 1307 1097 enim
1321 1040 1376 1096 aut
1393 1034 1554 1097 hominem
1575 1050 1701 1113 verum,
1727 1042 1780 1098 aut
1801 1054 1893 1099 veram

321 1125 416 1205 Cujus
448 1129 667 1208 propugnandi
696 1146 819 1191 causam
853 1130 933 1190 banc
956 1128 1087 1203 habuit,
1139 1129 1173 1189 in
1186 1128 1304 1190 Christo
1318 1134 1470 1208 putarunt
1487 1127 1579 1189 lulssc
1591 1146 1733 1205 carnem,
1748 1130 1894 1209 quictis·
1958 1162 1959 1199 ν

320 1217 403 1299 quod
426 1226 457 1281 et
471 1238 735 1300 supervacaneum
761 1226 896 1302 putaret,
919 1223 1089 1283 humanam
1142 1219 1287 1284 tionalam
1310 1220 1336 1282 si
1360 1221 1498 1283 animam
1518 1220 1734 1297 detraxerunt,
1756 1227 1786 1282 et
1808 1221 1893 1283 carnis

321 1310 349 1373 ei
362 1318 499 1375 mentem
527 1314 673 1391 tribuere,
698 1332 793 1395 quem
819 1320 919 1375 toturn
932 1313 1086 1391 divinitas,
1138 1313 1207 1376 loco
1221 1313 1356 1375 divinam
1370 1314 1555 1375 affinxerunt
1563 1313 1780 1375 substantiam.
1793 1315 1893 1393 Dequ-

321 1423 391 1486 quae
409 1422 498 1466 mens
518 1406 611 1487 longe
631 1412 677 1468 est
703 1407 816 1487 potior,
845 1410 1010 1486 occuparet
1025 1405 1088 1467 :sic
1140 1407 1199 1471 bus
1212 1406 1362 1487 legendus
1375 1412 1421 1468 est
1435 1406 1602 1485 Gregorius
1616 1407 1702 1469 idem
1719 1406 1753 1468 in
1772 1406 1893 1468 oratione

321 1497 409 1576 quasi
428 1497 587 1560 lucernam
606 1499 757 1580 adjungas
777 1500 818 1561 ed
837 1500 943 1560 solem.
965 1499 1004 1559 Et
1022 1497 1089 1558 ubi·
1139 1498 1318 1572 11x⁸,stin
1332 1498 1469 1561 carmine
1486 1497 1522 1561 ds
1547 1500 1609 1561 cito
1630 1518 1696 1560 ααα.
1719 1497 1777 1560 Ubi
1793 1497 1893 1559 tamin

322 1606 455 1669 cumque
490 1608 577 1652 mens
610 1591 747 1653 humana
770 1596 969 1667 statueretur,
991 1590 1038 1651 ibi
1059 1600 1090 1655 τὸ
1140 1591 1331 1654 divinitatem
1360 1590 1467 1665 Verbi,
1497 1608 1595 1671 quam
1620 1592 1658 1653 in
1687 1580 1893 1651 humanitatom

323 1691 474 1764 αμαρτητὸν,
503 1683 535 1744 id
562 1689 608 1745 cst
631 1682 773 1766 menandi
794 1691 964 1765 potestatem
991 1684 1090 1745 inesse
1139 1685 1223 1746 illius
1234 1703 1298 1746 esse
1310 1690 1479 1764 grassatam
1492 1683 1638 1746 hoeresim
1652 1680 1809 1745 affirmat‘.
1825 1683 1894 1744 Sans

322 1781 488 1855 oporteret.
525 1778 675 1840 Praeterea
710 1777 736 1838 si
776 1778 871 1839 homo
904 1777 1024 1855 integer
1056 1777 1090 1839 in
1139 1778 1223 1858 opud
1237 1777 1381 1839 Photiom
1406 1776 1551 1853 Eulogius
1573 1775 1801 1838 Alexandrinus
1815 1773 1893 1854 dpol·

322 1869 442 1931 Christo
474 1876 617 1951 ponatur,
652 1871 796 1949 idemque
834 1872 929 1944 Deus,
965 1887 1090 1949 prorsus
1140 1869 1356 1950 linmisipsius
1367 1868 1470 1930 verbis
1487 1865 1656 1934 osnndw.
1672 1867 1762 1929 illum
1779 1884 1816 1928 ex
1828 1864 1893 1926 diri·

321 1972 437 2043 τετράδα,
451 1962 538 2023 idest
550 1963 774 2044 quaternariam
786 1979 942 2023 nnmerum
956 1961 1088 2024 adoran·
1141 1962 1238 2025 nitate
1252 1968 1283 2024 et
1303 1980 1395 2023 carno
1417 1980 1514 2022 unam
1532 1960 1732 2023 constituisse
1756 1965 1891 2031 naturam,

321 2054 433 2116 dorum
452 2056 485 2116 in
504 2056 687 2117 Trinitatem
710 2056 815 2116 invehi
833 2054 987 2129 credebat,
1003 2053 1088 2135 quod
1141 2056 1175 2117 in
1196 2075 1259 2137 quo
1281 2054 1570 2135 Monophysitarum
1594 2060 1627 2116 et
1645 2052 1893 2134 Eutychianos-um

320 2146 423 2216 refert,
448 2166 483 2208 ac
512 2147 623 2209 refellit
642 2148 828 2209 Athanasius
855 2148 888 2208 in
904 2147 1033 2227 epistole
1049 2147 1090 2209 sd
1141 2149 1281 2229 praelusit
1301 2148 1422 2208 haeresi.

320 2237 506 2319 Epictetum,
530 2246 561 2302 et
583 2259 621 2301 ex
634 2259 672 2302 co
693 2239 938 2302 Theodoretus¹:
953 2258 1088 2302 necnon
1181 2242 1247 2303 XV.
1264 2241 1380 2301 Proeter
1397 2239 1475 2312 haec,
1497 2256 1568 2317 quae
1587 2238 1664 2313 dixi,
1684 2241 1822 2318 portenta
1838 2251 1893 2295 ma·

320 2329 510 2393 Ambrosius.
536 2333 707 2394 Verebatur
733 2335 792 2394 hoc
819 2334 923 2406 etiam,
950 2338 987 2394 ut
1004 2333 1088 2395 idern
1140 2334 1189 2414 gis
1215 2335 1410 2416 opinionum,
1436 2349 1531 2411 quam
1557 2331 1717 2410 dogmata,
1743 2329 1890 2399 trissant,

321 2421 501 2484 Ambrosius
528 2425 662 2495 scribit'‚
688 2443 728 2486 ns
746 2446 761 2482 u
778 2424 804 2485 si
830 2424 999 2505 perfectam
1025 2425 1090 2486 ani·
1140 2446 1208 2508 quta
1231 2427 1332 2488 cidem
1359 2423 1532 2508 Apollinari
1563 2428 1685 2485 veteres
1705 2422 1839 2483 tribuunt
1860 2416 1891 2478 ab

320 2531 407 2574 mam
424 2515 544 2577 Christo
569 2517 739 2594 tribueret,
762 2517 916 2578 divideret
940 2517 1084 2596 ipsum.»
1141 2520 1285 2581 Ecclesiae
1303 2519 1364 2580 fido
1390 2518 1601 2596 discrepantia.
1631 2516 1771 2577 Primum
1791 2512 1826 2573 ad
1843 2510 1892 2570 hu·
1933 2526 1963 2591 ιιιι

321 2608 444 2686 Exque
468 2611 716 2671 anathematismi
748 2609 850 2689 quarti
874 2608 957 2689 apud
977 2611 1091 2683 Grego·
1140 2631 1241 2673 manac
1255 2617 1371 2673 statum
1389 2611 1513 2687 anime,
1533 2609 1753 2688 originemque
1765 2605 1889 2686 pertinet»
1924 2581 1963 2678 Ὦ

320 2698 404 2759 rium
431 2701 657 2762 Nazianzeuum
683 2701 767 2762 allati
794 2700 887 2779 paulo
915 2705 985 2761 autc
1011 2702 1090 2762 ratio
1140 2705 1228 2784 cujus
1254 2705 1340 2765 testis
1357 2709 1403 2765 est
1420 2703 1631 2782 Hieronymus
1644 2702 1678 2761 in
1697 2697 1819 2780 epistola
1830 2711 1891 2775 qua·
1908 2690 1964 2783 ’Ἓξ

321 2797 449 2853 constat.
466 2793 545 2856 Vide
557 2796 755 2856 Theodorum
774 2793 991 2873 presbyterum
1010 2793 1090 2854 libro
1140 2798 1224 2873 dam,
1240 2798 1273 2858 in
1287 2815 1348 2874 qua
1361 2796 1461 2857 varias
1478 2796 1517 2856 de
1536 2813 1575 2855 es
1598 2793 1770 2873 quaestione
1788 2793 1891 2850 senten-
1920 2794 1964 2848 uisi

320 2880 355 2943 de
374 2884 612 2964 Incommtiooe⁸,
634 2893 665 2948 et
677 2886 843 2948 Leontium
857 2884 936 2946 libro
950 2885 985 2946 de
997 2887 1088 2964 sectis,
1140 2891 1198 2951 tias
1211 2894 1384 2961 enumerat,
1402 2897 1433 2949 et
1444 2888 1526 2949 inter
1538 2887 1595 2947 has
1614 2885 1751 2947 dubitari
1763 2883 1812 2943 ait.
1829 2879 1890 2939 «ln

320 2976 440 3038 actione
447 2995 488 3041 ιιι.
498 2980 563 3040 Hoc
569 2998 642 3041 vcro
648 2985 840 3059 postremum
848 2978 961 3056 dogma
974 2978 1090 3057 prima·
1141 2987 1222 3040 certe
1243 2997 1281 3039 ex
1295 2974 1451 3051 traduce⁸,
1463 2983 1499 3037 ut
1519 2976 1741 3047 Tertullianus,
1753 2968 1890 3051 Apollint·

320 3068 404 3128 rium
418 3070 451 3130 iu
465 3072 613 3133 soctaista
633 3069 751 3145 lenset,
768 3071 859 3131 etiam
875 3088 961 3131 exeo
976 3071 1091 3150 colligi·
1141 3071 1221 3148 rius,
1248 3076 1280 3133 et
1295 3069 1433 3131 maxima
1457 3086 1528 3148 pars
1553 3065 1795 3130 Occidentalium
1818 3063 1891 3121 sutu-
1964 3074 1965 3119 l

319 3164 383 3233 tur,
397 3162 491 3240 quod,
506 3169 542 3223 ut
553 3164 719 3241 Gregorius
736 3161 820 3224 idem
835 3168 950 3237 narrat,
966 3162 1043 3224 illud
1057 3164 1091 3224 in
1141 3170 1239 3239 mont,
1269 3169 1305 3223 ut
1326 3160 1483 3241 quomodo
1506 3178 1620 3240 corpus
1648 3177 1688 3222 ex
1710 3170 1842 3235 corpore,
1855 3148 1890 3208 ⁵5⁰

320 3253 482 3315 vestibulis
499 3254 701 3334 privatarum,
722 3274 758 3316 ac
769 3254 969 3334 publicarum
990 3262 1021 3316 et
1041 3274 1089 3316 sa·
1142 3257 1247 3318 anima
1261 3260 1406 3315 nascatur
1419 3272 1459 3313 cx
1472 3252 1588 3326 anima,
1603 3257 1635 3312 et
1648 3249 1741 3313 simili
1751 3260 1817 3308 cum
1827 3242 1891 3304 bru·

321 3364 444 3407 orarum
465 3348 579 3410 semum
603 3348 816 3410 inscriberent.
831 3349 909 3408 Nam
928 3354 1091 3428 postquam
1141 3351 1180 3410 tis
1193 3347 1403 3410 animantibus
1417 3345 1594 3407 conditione
1608 3343 1790 3404 subsistat.»

323 3439 444 3500 Damasi
464 3441 553 3522 Papae
580 3441 732 3503 sententia
752 3441 915 3502 damnatos
935 3440 1004 3501 illos
1023 3460 1090 3504 esse
1181 3440 1341 3502 Nemeeius
1368 3438 1443 3499 item
1467 3437 1567 3516 capite
1589 3435 1736 3507 moundo,
1755 3453 1770 3489 α
1789 3428 1887 3527 Thetis

321 3531 407 3600 dixit,
423 3531 508 3593 addit
521 3535 589 3595 ista.
609 3534 718 3595 «Crrm
736 3533 830 3612 igitur
851 3551 994 3594 errorum
1021 3535 1089 3595 isto·
1141 3533 1254 3613 inquit,
1284 3530 1456 3611 Apollinari
1479 3529 1600 3589 animas
1624 3547 1665 3590 er
1687 3523 1794 3587 animis
1805 3519 1887 3622 gigno

321 3641 392 3684 rum
416 3625 576 3686 manifeste
595 3627 728 3686 convicti
745 3627 816 3699 sint,
842 3644 882 3687 nc
905 3626 1089 3702 irascantur,
1141 3627 1186 3687 uti
1213 3641 1342 3703 corpora
1368 3638 1412 3683 ex·
1434 3620 1627 3700 corporibus.
1653 3617 1775 3684 Prodire
1793 3621 1888 3713 quippe

321 3716 375 3777 sed
389 3716 509 3796 pudore
523 3716 754 3792 suffundantur,
768 3735 827 3778 nec
847 3717 1016 3779 mendaciis
1034 3735 1091 3778 nos
1140 3719 1279 3780 animam
1302 3713 1523 3796 propagatione
1553 3713 1689 3793 quedam
1713 3708 1751 3770 ab
1780 3706 1889 3766 bonne

322 3809 495 3871 incessant:
510 3828 619 3870 verum
635 3809 982 3884 animossummittant3
998 3814 1091 3888 atqua
1140 3810 1253 3891 primo,
1269 3806 1533 3887 quemadmodum
1559 3823 1692 3885 corpora
1709 3802 1772 3881 ipsa
1791 3809 1888 3876 pwpt·

322 3901 510 3963 evestibulis
530 3901 654 3963 deleant
667 3919 817 3976 magnum
835 3901 924 3977 illud,
947 3906 978 3962 et
991 3901 1091 3962 admi·
1141 3907 1255 3982 gantur
1266 3899 1318 3961 l.»
1337 3901 1380 3961 lie
1399 3916 1462 3977 qua
1482 3897 1655 3977 quastione
1680 3893 1788 3956 scimus
1809 3897 1888 3990 quam

322 3996 457 4055 randum
470 3993 619 4074 elogium,
640 4013 676 4054 ac
701 3992 894 4074 preconium
912 3992 1091 4053 orthodoxas
1141 3994 1296 4074 perplexe,
1313 4010 1349 4053 ac
1361 3990 1535 4052 diffidenter
1546 3988 1702 4069 scripserit
1709 3983 1885 4061 summoue

321 4086 393 4148 fidei
406 4107 414 4147 z
427 4088 482 4165 qui
505 4105 576 4148 cum
594 4087 764 4167 quaestione
786 4085 901 4159 statim,
926 4092 956 4145 et
970 4083 1092 4147 distinc·
1181 4085 1322 4147 Alterum
1341 4088 1435 4164 caput
1448 4082 1562 4143 erroris
1574 4081 1613 4141 ad
1627 4078 1802 4142 Trinitatem
1812 4082 1886 4168 ⁸⁹⁰⁰?
1904 4066 1965 4174 affl

321 4180 406 4240 tione
427 4178 673 4259 ingredientibus
691 4183 868 4251 occurrunt,
889 4177 1092 4239 Adorandurn
1140 4183 1196 4254 tat,
1213 4178 1252 4239 (lc
1263 4195 1326 4258 qua
1338 4176 1422 4237 idem
1433 4193 1470 4236 ac
1485 4173 1657 4236 Sabellium
1676 4168 1798 4233 sensisse
1817 4162 1886 4221 Bw·
1911 4175 1965 4274 εἶξα

321 4271 463 4332 videlicet
483 4289 549 4333 esse
567 4290 632 4332 uon
657 4271 818 4332 hominem
842 4270 1013 4348 deigeram,
1038 4269 1093 4331 sed
1141 4269 1203 4331 lius
1218 4267 1426 4349 Apollinarem
1438 4263 1611 4347 perhibet⁹,
1626 4264 1812 4327 utinunun
1823 4265 1885 4355 09¹1·
1913 4278 1965 4330 rsus

322 4364 421 4425 Deum
435 4365 692 4444 cornigerum.»
718 4363 817 4437 Qurtm
839 4361 1003 4443 sophistica
1023 4380 1093 4424 ver·
1142 4362 1233 4423 ssarct
1246 4378 1393 4441 personas
1413 4361 1498 4436 tres*,
1510 4359 1676 4436 Gregorius
1688 4370 1759 4416 vcro
1780 4347 1887 4409 osan

358 4556 379 4595 a
402 4540 528 4598 Nssrsna.
543 4547 613 4597 orat.
629 4558 664 4597 ιιι
678 4558 743 4613 quse
757 4546 799 4597 est
814 4540 893 4612 epist.
914 4556 942 4596 ιιι
957 4540 999 4596 ad
1015 4540 1091 4600 cled.
1143 4538 1255 4605 εἰσιοῦσι,
1272 4539 1313 4591 καὶ
1327 4538 1477 4609 διακρίναις,
1500 4536 1530 4590 τὸ
1548 4518 1885 4608 attaminaveritis*

323 4622 398 4677 Ταῦτ’
412 4616 454 4676 οὖν
465 4618 623 4696 ἔληλεγμένοι
639 4632 734 4697 σαφῶς,
750 4624 782 4696 μὴ
797 4624 1024 4696 χαλεπαινέτωααν,
1036 4621 1093 4677 ἀλλ’
1142 4640 1188 4676 πον
1203 4622 1331 4694 desposcit,
1342 4620 1408 4675 ἀλλὰ
1421 4620 1474 4676 θεὸν
1483 4621 1649 4693 σαραοφόρον.
1824 4685 1829 4703 1

324 4704 527 4779 ἔντρεπέαθωααν,
541 4707 601 4780 μηδὲ
621 4706 863 4779 sessiacensem,
884 4704 950 4761 ἀλλὰ
963 4706 1093 4761 consm-
1178 4706 1317 4763 szttes.
1339 4711 1410 4760 tom.
1434 4704 1483 4760 Xll
1507 4702 1584 4762 Btbt.
1608 4705 1664 4756 ΡΡ.
1685 4676 1885 4759 ’susurranti

324 4789 431 4843 αθωααι.
453 4788 494 4841 aul
513 4795 564 4844 τῶν
582 4790 703 4843 asiduus
727 4786 915 4861 ἔξαλειφὲτωσαν
935 4790 964 4845 ab
981 4786 1094 4863 μέγακαὶ
1142 4791 1218 4853 δοκεῖ,
1233 4787 1276 4850 τὰς
1291 4784 1370 4861 inspira
1386 4782 1435 4840 tsi
1448 4794 1498 4841 τῶν
1513 4786 1598 4859 ψυχῶν
1612 4783 1739 4851 τίκτεσθαι,
1761 4776 1834 4840 ὥσπερ
1845 4759 1885 4816 3²⁸

324 4871 463 4944 θαυμαστὸν
477 4870 557 4925 αὐτῶν
568 4870 645 4925 ἐκεῖνο
659 4874 809 4947 πρόγραμμά
821 4893 857 4945 τε,
873 4874 914 4926 καὶ
925 4875 1037 4946 κήρυγμα
1051 4877 1094 4940 τῆς
1141 4878 1190 4926 τῶν
1205 4873 1327 4944 σωμάτων
1342 4870 1373 4924 τὰ
1387 4871 1499 4942 σώματα·
1510 4871 1624 4943 προϊέναι
1638 4868 1684 4941 γὰρ
1698 4864 1739 4931 vlt
1751 4855 1823 4931 Villi
1834 4841 1884 4902 ωδ

325 4952 478 5027 ὄρθθῧῦξῖαςν
511 4954 572 5026 μετὰ
603 4955 743 5029 tartesos
770 4954 835 5020 stas,
862 4955 1015 5018 ἀπαντῶντες
1042 4959 1094 5021 ταῖς
1142 4954 1259 5028 διαδοχὴν
1269 4956 1313 5008 τοῦ
1324 4954 1424 5026 πρώτου
1439 4952 1568 5026 ἀνθρώπου
1584 4946 1617 5014 εἶς
1637 4952 1693 5014 τοὺς
1706 4944 1729 5010 ἔξ
1741 4939 1823 4997 tullos
1834 4928 1884 4985 ste

1141 5056 1194 5103 τας,
1204 5038 1310 5110 καθάπερ
1325 5037 1368 5105 τὴν
1382 5034 1524 5110 σωματικὴν
1538 5032 1667 5109 διαδοχήν.

359 5195 367 5212 '
384 5192 467 5246 Conler
484 5191 599 5244 sanuses
617 5192 642 5243 ln
658 5192 718 5245 notis
736 5194 766 5245 sd
782 5206 845 5247 sanc.
870 5194 1014 5247 Ambrosium
1030 5197 1048 5244 t.
1063 5195 1093 5255 ll,
1144 5192 1247 5247 &alesia
1259 5188 1371 5244 moserlnt
1384 5188 1571 5259 Apollloaristet
1819 5166 1841 5217 Ζ·

323 5283 351 5334 p.
370 5269 428 5329 loli,
444 5267 482 5320 ubi
495 5272 609 5333 querunt,
619 5272 694 5320 utrum
704 5268 732 5321 de
745 5269 790 5322 SS.
799 5271 907 5322 Trioltste
919 5284 971 5323 curn
984 5269 1095 5322 catlrcllct

354 5425 365 5467 ι
382 5425 439 5469 urst.
450 5424 527 5470 u.-s
540 5424 588 5469 ιιι.
598 5426 624 5469 α
635 5427 797 5480 macone
811 5440 860 5483 esp.
871 5428 963 5471 vri-s
975 5426 1081 5471 rora-s
1094 5427 1153 5472 ros.
1163 5425 1183 5471 ιι
1195 5425 1296 5470 aaron
1309 5423 1420 5469 ινα-ιι
1432 5421 1535 5467 sanans
1547 5420 1606 5466 ons.
1622 5430 1693 5463 m.-
1704 5414 1718 5459 s
1730 5407 1791 5455 soen·
1800 5397 1882 5441 ω’·-

327 5488 340 5530 'l
354 5486 432 5543 Eulog.
444 5488 501 5543 opud
515 5487 573 5533 root
584 5489 632 5534 cod.
643 5488 692 5541 tw,
702 5501 748 5533 ser.
760 5491 846 5537 sas-8
858 5491 917 5537 Alea.
925 5492 948 5535 lu
958 5502 993 5547 sp.
1007 5501 1077 5535 ιιιιιι
1089 5500 1138 5545 qun
1146 5496 1180 5533 sat
1192 5499 1250 5533 mu
1262 5487 1321 5531 lotar
1332 5484 1475 5542 August-it
1488 5484 1552 5530 Rssll.
1569 5490 1670 5540 apruu.
