4078 6162
494 280 549 341 DE
568 279 869 358 munemundus,
890 281 964 347 ΠΒ.
987 282 1042 358 111,
1065 282 1149 347 CAP.
1171 284 1224 344 Vl.
1587 286 1647 351 403

78 442 208 522 idemque
233 439 317 504 filins
338 443 426 507 lesus
438 444 587 509 Christus.
602 447 732 510 Gemina
745 447 831 509 enim
884 446 1021 527 epistolae
1047 467 1111 511 sure
1137 449 1220 511 idem
1248 448 1441 529 Evangelista
1466 454 1594 513 naturas
1616 451 1650 516 io

78 536 206 596 novius
215 535 371 614 geminam
385 537 441 598 u'ni
451 537 570 600 Christo
579 539 663 601 dedit
676 546 831 601 naturam.
883 539 1001 603 Christo
1023 541 1100 604 dues
1121 540 1281 603 manifeste
1308 540 1480 620 distinguit,
1507 542 1584 603 dum
1607 541 1650 605 sio

79 627 127 701 Qui
143 629 221 689 [leus
244 633 290 689 est
307 629 346 690 de
366 630 470 704 Patre,
492 630 575 692 idem
588 633 668 694 [teus
681 632 776 693 bomo
788 636 834 693 est
881 630 1035 711 loquitur:
1052 631 1134 708 Quod
1142 632 1205 712 fuit
1218 632 1255 692 od
1268 633 1367 709 initio,
1383 631 1460 713 pund
1470 632 1648 709 audivimas,

80 717 112 779 ds
129 725 236 781 matre.
252 742 268 778 r
284 719 517 783 validissimum
534 723 607 785 huic
625 724 833 786 asseveranda
881 723 962 804 quod
970 722 1094 787 vedimus
1107 725 1199 786 ortilis
1212 726 1332 800 nostris,
1348 722 1428 806 qued
1437 725 1648 806 perspeuiinus,

80 811 245 889 professioni
269 813 425 875 catholicas
446 814 681 878 firmamentum
699 817 834 878 loannes
882 822 909 877 et
923 835 1026 877 monus
1039 825 1150 878 nostres
1164 822 1412 879 contrectaverunt
1421 815 1456 878 de
1470 815 1558 879 Verbo
1567 817 1647 880 cites:

81 903 157 965 initio
177 905 336 984 Evangelii
368 908 555 986 suppeditat.
584 909 644 970 Ubi
671 914 834 988 postquam
882 916 910 968 et
924 907 1156 989 uitomonifestc
1170 915 1251 976 estet
1266 907 1405 981 vidimus,
1421 915 1651 985 minturnensi

81 1000 218 1057 etenum
236 1015 308 1058 cum
333 999 427 1060 Patre
453 999 604 1073 Verbum,
632 1006 664 1062 et
688 1001 834 1063 eumdem
882 999 1093 1063 annuntiamus
1113 1000 1191 1062 uobis
1205 1001 1296 1063 uitam
1317 1008 1467 1072 uternam,
1496 1009 1651 1081 quereret

81 1088 167 1149 ileum
187 1105 253 1151 esse
266 1089 382 1167 docuit,
407 1109 443 1152 ec
457 1109 513 1171 per
535 1093 637 1172 ipsum
650 1092 754 1153 omnia
769 1109 834 1153 esse
883 1093 966 1170 opud
981 1091 1114 1166 Patren,
1123 1100 1151 1154 et
1160 1094 1305 1173 apparuit
1312 1092 1405 1154 nobis.
1421 1093 1478 1153 Hie
1488 1094 1652 1172 perspicue

80 1179 166 1255 fusim
191 1181 338 1262 deinceps
355 1182 439 1244 idem
453 1183 532 1246 illud
552 1185 687 1246 Verbum
707 1203 834 1247 caruem
883 1188 929 1244 est
943 1183 999 1244 itei
1011 1188 1043 1245 et
1055 1184 1190 1247 bominis
1208 1185 1242 1245 in
1261 1184 1370 1245 eodem
1393 1184 1512 1245 Christo
1533 1185 1651 1258 signiti-

80 1272 258 1334 essefastnm
271 1275 428 1348 amaricet
438 1274 571 1337 subinde
581 1277 742 1338 hominem
752 1278 835 1341 inter
883 1275 979 1337 ratio:
998 1276 1104 1342 «Quis
1124 1282 1170 1337 est
1192 1277 1277 1337 enim
1300 1278 1354 1355 qui
1379 1275 1522 1337 manibus
1543 1283 1652 1339 trudet

81 1361 205 1426 hominm
218 1371 377 1427 versatum
391 1385 473 1442 esse;
490 1386 527 1429 ae
545 1370 674 1430 demum
686 1369 833 1431 humane
883 1367 1032 1440 Verbum,
1055 1367 1099 1430 ait
1111 1367 1327 1447 Augustinus⁷,
1355 1368 1416 1429 nisi
1437 1368 1509 1447 quia
1531 1367 1652 1431 Verbum

81 1456 139 1517 rite
150 1456 281 1533 labores,
304 1459 459 1519 eruciatus
472 1459 622 1539 denique,
641 1479 678 1522 ac
698 1469 834 1523 mortem
883 1477 952 1520 earo
975 1459 1088 1539 suctum
1113 1468 1166 1536 est,
1191 1469 1219 1521 et
1245 1459 1394 1523 dubitauit
1409 1460 1439 1521 in
1460 1460 1568 1521 nobis?
1581 1486 1595 1515 2
1615 1463 1653 1523 Et

81 1546 165 1626 ipsum
175 1549 323 1611 tolerasse
338 1550 454 1611 scribit.
882 1551 997 1628 allusit,
1013 1558 1048 1614 ut
1053 1553 1193 1632 plerique
1206 1557 1346 1614 veterum
1360 1552 1554 1631 interpretati
1567 1561 1650 1630 suut,

111 1640 201 1719 liujus
213 1643 394 1721 argumenti
406 1642 482 1714 vim,
497 1648 582 1706 recte
595 1644 707 1720 exfilo,
720 1650 835 1706 etenn—
882 1649 1008 1705 auctore
1020 1642 1177 1724 Didym0⁸,
1193 1644 1233 1705 ad
1242 1644 1382 1723 id,qu0d
1397 1643 1535 1704 Christus
1547 1644 1652 1706 fecisse
1760 1639 1765 1645 ’

80 1734 351 1796 munerationis
360 1735 549 1796 Novatiaaus
563 1737 722 1816 expendit:
736 1739 833 1798 uVer-
883 1742 1028 1798 narratur
1061 1737 1166 1797 statim
1199 1742 1269 1815 post
1302 1736 1584 1810 resurrectionem,
1618 1742 1654 1798 ut

79 1821 153 1897 bum,
166 1824 292 1905 inquid,
305 1826 366 1887 hoe
378 1825 457 1887 illud
466 1833 512 1888 est
521 1829 604 1908 quod
619 1828 653 1889 in
666 1847 723 1891 sua
736 1830 832 1902 venit,
883 1846 1006 1902 manus,
1017 1836 1048 1890 et
1059 1829 1152 1908 pedes
1161 1828 1320 1897 ridendos,
1330 1827 1560 1907 palpandusque
1574 1847 1654 1908 prm-

79 1917 152 1977 stsoi
164 1935 235 1978 eum
245 1935 313 1978 non
326 1924 519 1997 receperunt.
532 1920 667 1981 Mundus
681 1921 765 1981 enim
778 1939 834 2001 per
883 1919 970 1980 beret
992 1919 1157 1997 Apostolis.
1179 1917 1281 1980 Videte
1294 1936 1399 1980 munus
1416 1938 1506 1990 meas,
1520 1919 1652 1998 inquitl,

79 2005 165 2086 ipsum
177 2008 277 2070 metus
288 2014 347 2084 est,
362 2016 394 2071 et
407 2011 543 2071 mundus
557 2029 629 2072 eum
643 2030 708 2073 non
723 2031 835 2091 eogno-
882 2018 912 2072 et
921 2009 1019 2091 pedes,
1034 2013 1106 2091 quio
1116 2029 1168 2089 epo
1180 2015 1242 2090 ipse
1254 2028 1318 2070 sum
1329 2030 1339 2076 ,·
1351 2008 1486 2090 palpate,
1506 2020 1534 2071 et
1548 2010 1650 2084 uidete,

79 2098 382 2182 vit-Verbumuutem
393 2103 529 2164 hocerat
541 2104 575 2163 in
587 2104 737 2183 prineipio
751 2104 834 2185 apud
883 2106 956 2183 quio
974 2102 1099 2182 spiritus
1114 2120 1244 2178 curnem,
1261 2109 1288 2162 et
1302 2119 1364 2162 osso
1380 2120 1438 2162 nen
1456 2100 1556 2179 dedet,
1579 2106 1654 2164 sieut

78 2190 173 2265 Deum,
190 2199 222 2254 et
237 2195 317 2254 tiens
328 2200 395 2255 erat
408 2194 560 2255 Verbum.
581 2195 654 2269 Quis
667 2196 833 2276 igiturdu·
883 2212 929 2254 me
942 2193 1045 2255 uidetis
1056 2193 1172 2255 dobere.

77 2280 158 2357 bitet,
174 2303 247 2345 oum
259 2284 292 2345 in
305 2292 442 2347 extreme
457 2293 545 2365 parte
559 2286 682 2363 dicitur,
696 2288 835 2349 Verbum
924 2286 960 2345 V.
983 2285 1032 2346 Ad
1044 2284 1112 2346 hac
1127 2285 1163 2346 in
1176 2283 1304 2364 epistola
1321 2282 1361 2344 ed
1378 2284 1653 2367 Romanos,1tp0s·

77 2391 138 2435 earo
151 2376 267 2437 metum
281 2384 334 2450 est,
355 2383 387 2438 et
398 2378 551 2439 habitavit
562 2379 597 2439 in
614 2379 715 2447 nobis
732 2380 835 2440 Chris-
868 2377 968 2457 ,tolus
995 2376 1149 2455 duplicem
1177 2375 1314 2454 ejusdem
1342 2376 1398 2436 filii
1426 2377 1481 2438 Dei
1508 2385 1654 2439 naturam

77 2469 145 2540 tam,
169 2469 257 2547 cujus
269 2476 314 2530 est
327 2469 483 2547 nativitus,
505 2477 537 2531 et
557 2471 629 2548 quia
650 2490 721 2532 earu
738 2472 835 2533 metus
884 2467 1000 2537 iudicat
1009 2467 1053 2529 ita
1064 2468 1218 2529 scribens:
1234 2467 1279 2528 De
1290 2466 1353 2544 flle'o
1366 2487 1428 2544 sue,
1439 2470 1493 2550 qui
1502 2470 1601 2549 suctus
1613 2475 1655 2532 est

78 2564 130 2630 en,
157 2578 219 2621 esse
240 2561 419 2622 hominem:
449 2567 481 2623 et
504 2562 578 2642 quia
598 2563 734 2623 Verbum
759 2564 833 2642 Dei,
883 2559 914 2621 ei
919 2579 957 2621 en
969 2560 1076 2621 semine
1087 2558 1188 2622 Dorud
1197 2559 1476 2621 secundumeornem
1489 2581 1495 2620 :
1509 2563 1563 2642 qui
1572 2581 1655 2643 prce·

78 2649 165 2712 Deum
177 2652 394 2714 incunctanter
406 2653 526 2714 edicere
538 2671 613 2716 esse.
629 2676 641 2713 o
884 2650 1045 2712 destinatos
1058 2659 1100 2712 est
1110 2651 1197 2729 filius
1207 2650 1265 2713 Dei
1276 2651 1308 2711 in
1317 2650 1463 2713 orientem.
1481 2653 1540 2713 Ubi
1554 2655 1655 2716 filium

112 2744 298 2822 Epiphanius
304 2745 584 2824 qnoqueinhaeresi
591 2746 834 2820 Dimoeritsrum,
885 2744 950 2819 Dei,
971 2742 1209 2822 «unigenitum,
1226 2747 1258 2803 et
1272 2743 1445 2822 proprium,
1460 2746 1576 2805 foetum
1590 2764 1655 2809 esse

79 2830 837 2913 dvenpouinarinuum,observat,Evangetistam
885 2852 924 2896 ex
948 2836 1064 2896 semino
1088 2834 1196 2901 David,
1226 2855 1238 2892 o
1266 2834 1346 2894 nihil
1372 2834 1457 2896 aliud
1479 2842 1536 2911 est,
1560 2855 1656 2916 quam

80 2923 168 2999 primo
181 2925 247 2986 loon
260 2924 405 2986 Verbum
432 2925 580 3003 posuisse,
610 2926 723 2987 deinde
746 2945 835 2989 meu·
885 2926 969 3006 quod
983 2927 1119 2989 loannes
1132 2926 1226 3001 dixit,
1248 2924 1372 2987 Verbum
1392 2945 1508 2987 earnem
1521 2946 1578 2989 esse
1590 2928 1655 3007 fae·

79 3014 186 3077 tionem
197 3016 302 3078 iecisse
316 3016 433 3091 earnis,
460 3022 496 3077 ut
509 3017 685 3078 ostenderet
697 3019 836 3098 primum
888 3027 961 3079 tom.
973 3018 1050 3079 Vide
1060 3036 1129 3096 quae
1141 3018 1180 3079 de
1194 3017 1261 3078 loco
1270 3016 1322 3077 illo
1331 3017 1469 3096 Apostoli
1478 3020 1658 3098 scripsimus

81 3108 178 3169 scale
189 3108 382 3169 descendisse
395 3107 544 3182 Verbum,
559 3126 596 3169 ao
610 3109 669 3170 sibi
680 3127 805 3171 earnem
819 3127 837 3171 e
885 3109 1020 3171 interlin
1034 3109 1114 3170 libro
1127 3107 1162 3170 de
1177 3106 1325 3170 Trinitote
1336 3106 1369 3169 ¹¹.

81 3198 176 3262 uma
194 3200 330 3279 Virginis
352 3205 441 3260 utero
467 3200 628 3262 formasse.
656 3202 726 3263 Non
752 3203 837 3263 enim
927 3202 1113 3261 Praeclarum
1132 3218 1256 3279 quoque
1269 3201 1484 3262 testimonium
1511 3203 1587 3264 illud
1612 3210 1658 3265 est

80 3291 216 3370 mapsam
227 3291 383 3371 quispiam
404 3291 464 3352 nisi
483 3291 612 3353 msunm
631 3296 749 3372 potest,
773 3312 838 3354 eor·
886 3291 920 3353 in
941 3292 1050 3353 eedem
1073 3291 1218 3371 epistela3
1247 3308 1319 3351 cum
1341 3292 1380 3353 de
1406 3294 1529 3354 ludoici
1550 3296 1657 3374 populi

80 3399 151 3459 sens,
169 3383 235 3445 sive
251 3384 425 3445 humanam
445 3388 590 3445 naturam
609 3384 641 3445 in
657 3383 835 3464 principio,
887 3383 1094 3464 prerogativa
1102 3384 1244 3462 loquens,
1257 3401 1383 3463 quorum
1391 3392 1502 3464 patres,
1514 3385 1655 3465 inquit¹’,

79 3470 437 3552 humanarumue
454 3474 537 3554 opud
558 3474 652 3536 Deum
675 3475 836 3553 exstitisse,
888 3484 916 3537 et
927 3493 965 3536 eu
977 3473 1081 3555 quiden
1091 3483 1131 3535 est
1148 3473 1285 3537 Christus
1294 3474 1449 3536 seeundum
1459 3478 1661 3559 earnemrqui

78 3568 235 3629 retunsis
250 3567 370 3647 [κίεις
394 3573 431 3629 ut
455 3567 673 3630 animadvertit
695 3569 837 3629 Theode-
890 3575 930 3629 est
954 3585 1042 3647 super
1065 3567 1164 3628 omnin
1186 3565 1347 3628 benedictus
1369 3567 1448 3630 Deus
1476 3569 1509 3630 iu
1533 3571 1657 3646 sucula,

77 3658 175 3721 retru'.
193 3659 294 3733 Quure
320 3675 443 3721 necesse
465 3664 513 3720 est
533 3665 717 3721 naturarum
741 3662 774 3720 in
784 3660 838 3720 illo
889 3661 1002 3721 Amen:
1025 3660 1182 3739 monsedo
1194 3658 1269 3737 legit
1281 3659 1516 3738 antiquissimus
1529 3663 1660 3742 scriptor

77 3745 137 3809 loeo
149 3749 358 3815 differentiam
369 3767 545 3828 agnuscere.
562 3750 639 3813 Vide
654 3759 686 3811 et
704 3750 837 3829 Fuigen·
890 3753 1027 3813 henoeus
1039 3752 1118 3812 libro
1136 3751 1452 3831 terti0‚oopitexv1n.

78 3838 147 3901 tium
158 3843 312 3923 inprime
326 3840 367 3903 ud
380 3840 623 3917 Trmimuodum,
638 3861 705 3922 rap.
719 3860 785 3904 xrr.
931 3846 969 3905 Et
985 3845 1018 3904 in
1032 3843 1159 3923 epistola
1177 3843 1217 3904 ud
1231 3842 1453 3924 Philippenses:
1471 3844 1533 3920 Oui
1546 3864 1613 3906 eum
1626 3846 1659 3905 in

112 3932 161 3994 IV.
183 3937 320 4009 Rursus,
344 3939 380 3993 ut
396 3933 513 3995 ibidem
539 3934 751 3997 Theodoretus
778 3936 840 3997 dis·
892 3935 989 4015 fenne
1003 3935 1061 3996 Dei
1086 3944 1165 4008 esset,
1190 3953 1246 3996 non
1272 3936 1411 4014 rupinum
1433 3934 1597 3997 arbitratus
1620 3943 1661 3998 est

77 4030 166 4099 putat,
181 4026 329 4090 eumdem
344 4024 444 4098 illum,
455 4043 550 4104 quem
563 4027 699 4087 loannes
719 4025 842 4087 Verbum
891 4046 948 4089 esse
956 4045 984 4087 se
995 4026 1135 4107 equalem
1144 4027 1204 4087 [teo
1217 4046 1224 4087 ι
1237 4027 1288 4086 sed
1299 4026 1485 4106 semetipum
1495 4026 1661 4090 exinaniuit

76 4131 182 4180 mm
194 4119 312 4199 suetum
326 4117 444 4186 amerit,
463 4118 628 4179 Matthaeus
641 4126 672 4180 et
684 4119 781 4179 Lucas
802 4119 842 4179 ab
892 4118 1021 4198 formum
1034 4117 1114 4178 serui
1131 4117 1293 4198 ormpiens,
1315 4125 1344 4178 et
1356 4116 1461 4178 babitu
1475 4119 1610 4180 inventus
1628 4128 1662 4180 ut

76 4205 250 4271 Abrahamo
276 4214 309 4271 et
336 4210 467 4283 Davide,
501 4209 630 4289 aliisque
664 4210 844 4289 patriarchis
893 4208 1014 4271 domest.
1032 4210 1218 4270 lbiformum
1227 4226 1283 4286 pro
1295 4210 1609 4289 naturaperspiouum
1617 4216 1664 4272 est

77 4298 240 4363 oriundum
257 4318 322 4362 esse
340 4305 500 4363 testantur.
518 4302 606 4375 Quod
620 4319 692 4363 oum
713 4302 844 4363 loannis
893 4301 992 4362 sumi:
1013 4322 1025 4358 s
1042 4303 1123 4379 Ergo
1134 4300 1208 4379 quia
1221 4299 1321 4360 forma
1334 4300 1387 4361 Dei
1401 4302 1518 4381 accepit
1530 4302 1663 4363 formam

75 4393 351 4470 mporioribusillis
362 4393 491 4455 minime
504 4393 649 4467 nuberet,
662 4412 720 4455 nec
733 4411 845 4455 verum
894 4394 992 4469 servi,
1008 4400 1175 4470 utrumque
1191 4392 1287 4464 Deus,
1304 4398 1471 4471 utrumque
1484 4393 1595 4472 homo,
1610 4393 1664 4454 sed

75 4489 168 4560 potest
194 4492 369 4565 utrumque
391 4502 468 4565 esse,
491 4486 517 4546 si
540 4503 603 4545 una
626 4487 844 4548 tantummodo
895 4492 1065 4564 utrumque
1084 4486 1165 4545 Deus
1178 4489 1305 4563 propter
1325 4484 1525 4563 arripientem
1547 4487 1662 4546 Deum:

75 4579 180 4638 namra
193 4578 238 4639 sit
249 4576 373 4639 Christi.
894 4585 1063 4657 utrumque
1088 4581 1194 4637 autem
1221 4576 1327 4652 bomo,
1355 4582 1483 4657 prepter
1504 4584 1665 4658 acceptum

111 4667 188 4733 Item
202 4670 268 4732 ulio
280 4670 315 4730 tn
324 4668 405 4745 loco,
424 4689 439 4727 o
453 4685 547 4748 quem
560 4686 671 4730 verum
682 4666 845 4731 hominem
894 4668 1055 4732 hominem
1066 4690 1100 4745 ,s
1118 4667 1161 4729 ait
1174 4668 1366 4748 Augustinus
1380 4669 1420 4730 ab
1433 4669 1546 4731 Albino
1560 4670 1665 4732 Flacco

76 4760 158 4821 norit
169 4763 313 4824 loannes
328 4759 492 4844 (Fulgentii
510 4758 847 4843 verbasunVJaudiens
896 4763 1007 4824 citatus
1030 4759 1064 4820 ia
1076 4758 1158 4820 libre
1181 4760 1283 4840 primo
1301 4764 1403 4821 contro
1423 4759 1548 4823 Felicem
1559 4760 1595 4821 ¹⁵:
1611 4762 1666 4845 qui

76 4852 320 4926 miserentem,
348 4851 503 4930 Ouoeritis,
518 4871 564 4915 me
579 4850 743 4934 interficere
754 4852 849 4915 domi·
896 4854 990 4931 vulgo
1007 4851 1155 4913 Paulinus
1168 4851 1357 4915 inscribitur.
1372 4854 1518 4917 Poterant
1534 4854 1666 4932 eScrip·

75 4946 372 5029 nem,poiueritutem
383 4942 462 5007 vodis
471 4944 658 5009 locutorium
666 4945 688 5021 ⁶;
700 4945 848 5013 eumdem
896 4944 976 5007 turis
991 4944 1083 5027 plura
1101 4944 1326 5023 ejusdemmodi
1335 4946 1511 5007 testimonia
1523 4943 1666 5024 proferri,

75 5050 181 5101 verum
195 5038 300 5101 Deum
312 5040 476 5114 monstrat,
491 5036 608 5101 dicens.
624 5036 686 5101 Hie
707 5045 750 5099 est
764 5055 848 5099 oei'us
898 5037 952 5097 sed
973 5041 1105 5097 nonest
1131 5054 1273 5098 necesse:
1299 5039 1470 5116 praesertim
1495 5054 1575 5126 sum*
1593 5033 1667 5097 olibi

76 5123 162 5205 Beris,
176 5136 206 5190 et
222 5128 285 5191 rito
296 5125 459 5191 oetctum⁸.o
478 5128 656 5196 Quinetiam
674 5127 708 5189 in
722 5127 848 5191 exordio
898 5128 983 5189 haud
994 5146 1095 5208 peuce
1105 5134 1278 5190 memorata
1286 5127 1386 5206 sinist,
1402 5147 1474 5191 eum
1485 5126 1666 5207 exprofesso

100 5299 112 5341 t
125 5298 179 5356 Cep.
188 5297 294 5344 nne-⁶2
308 5297 366 5341 liar.
379 5308 459 5349 mvn.
472 5297 584 5353 sue.-s
597 5298 652 5342 bist.
665 5298 741 5343 u.-d
754 5299 858 5354 Fulgent.
880 5306 889 5342 ι
903 5299 932 5343 od
942 5299 1035 5344 medos.
1060 5309 1107 5354 esp.
1126 5309 1198 5344 m.-
1215 5298 1229 5342 b
1242 5298 1308 5343 laun.
1318 5308 1368 5349 vus,
1381 5296 1469 5345 ro.-u
1482 5298 1562 5343 lemn.
1573 5309 1595 5348 r,
1604 5297 1667 5353 iile

77 5357 156 5416 Unp.
166 5368 253 5407 mr
262 5363 287 5408 tu
297 5360 1196 5417 op.nonnus-stamma.nn.11sttt.rsse.-erne.xm.-to
1208 5363 1268 5407 item.
1281 5373 1298 5412 r,
1312 5361 1362 5408 t.-
1373 5361 1396 5407 u
1413 5361 1465 5416 esp.
1480 5359 1538 5417 uns
1550 5361 1564 5406 t
1574 5367 1597 5405 st
1606 5360 1667 5405 to.-

78 5420 104 5464 tt
114 5423 174 5469 iisse
184 5434 218 5477 ιι,
232 5423 283 5468 5.-
292 5423 320 5467 td
331 5423 514 5474 rtu.n.s.-1t
526 5422 589 5468 lem.
602 5423 811 5480 irenaeusne.
819 5422 848 5469 11.
857 5425 900 5480 ccl,
910 5423 961 5470 c-
972 5424 999 5468 td
1013 5423 1061 5469 bib.
1070 5422 1092 5467 lt
1104 5431 1128 5470 et
1140 5423 1172 5470 ut
1179 5425 1206 5468 ds
1218 5425 1281 5469 ms.
