4078 6162
529 393 581 455 DE
601 391 903 470 lucsuusrtcus,
925 392 1000 453 LlB.
1024 392 1080 469 iV,
1103 394 1191 455 ΟΑΡ.
1216 395 1269 459 ΙΙΙ.
1639 388 1698 447 tas

1 566 89 613 αιτιοι.
112 555 204 633 gitur,
220 556 416 618 Nestorianos
428 565 459 621 τδ
472 566 621 640 ἀδιαίρετον,
638 558 717 619 maie
730 559 879 637 interpre·
928 556 992 618 lute
1012 559 1084 618 nit:
1112 567 1143 621 et
1171 561 1312 621 Nestorio
1340 560 1408 621 ilias
1430 555 1581 620 dividenti
1604 553 1698 635 (quod

111 652 189 707 tutos
208 664 285 720 τωο,
309 651 353 708 ita
373 656 493 711 utrum
516 668 623 712 revera
644 649 782 713 Christos
801 649 879 709 duos
929 650 1022 711 stiam
1040 651 1219 731 simpliciter
1242 653 1308 714 sine
1327 653 1485 713 mentione
1504 649 1568 710 ulia
1581 649 1696 726 hypos-

111 745 277 819 sepnratos,
291 759 327 802 ac
340 760 395 819 pcr
408 760 440 803 sc
452 742 651 805 subsistentes
664 747 876 819 agnoscerent,
928 746 1033 803 tasson
1048 742 1186 825 usurpat)
1207 745 1337 824 opponit
1354 763 1434 819 eam,
1454 759 1549 823 quam
1571 738 1693 819 probat,

110 832 238 894 subdole
264 839 370 894 tamen
398 835 546 896 indivisas
570 853 635 896 esse
662 841 789 895 naturas
813 835 878 896 solo
927 835 1131 896 Orientalium
1145 836 1368 898 contessionem
1384 856 1391 896 ε
1408 836 1461 915 qui
1483 857 1498 892 ιι
1511 838 1696 894 naturarum

109 926 221 986 affectu
254 925 441 999 voluntatis,
477 927 527 987 vel
561 931 688 988 externo
729 927 877 1006 quopiam
927 926 1135 988 differentiam
1159 929 1224 989 solu
1251 935 1281 989 et
1315 929 1444 1009 simplici
1478 923 1693 1004 intelligentia,

110 1018 215 1092 modo,
238 1035 303 1077 non
323 1018 525 1095 substantive,
549 1020 686 1099 proprie,
701 1037 736 1079 ac
749 1036 821 1080 rere
836 1017 876 1078 si·
926 1018 1108 1099 rationeque
1123 1021 1332 1092 admittentes,
1361 1021 1484 1081 easdem
1503 1018 1607 1079 unitas
1630 1031 1694 1074 non

109 1107 301 1188 gnitioarent.
318 1111 471 1172 Craterum
480 1112 640 1173 neminem
652 1113 733 1190 cogit
745 1111 877 1190 Gyrilius
926 1110 1196 1192 dirimunt,neque
1211 1113 1385 1173 naturalem
1400 1112 1583 1173 divisionem
1598 1108 1696 1166 intro·

2 1232 71 1275 ἢν
108 1202 148 1262 ad
160 1215 206 1264 ros
219 1210 356 1281 ἀδιαιρέτου
374 1202 613 1283 professionem,
634 1212 663 1267 τδ
676 1210 729 1266 καθ’
743 1211 875 1266 ὑπόστασιν
926 1202 1075 1264 duranti.
1087 1226 1102 1261 ο
1124 1209 1225 1284 Atque
1240 1206 1266 1264 si
1280 1223 1352 1266 vera
1366 1209 1444 1265 esset
1460 1201 1582 1279 Eulogii
1600 1199 1691 1272 ratio,

1 1288 86 1385 m
108 1299 284 1362 annectere,
298 1295 346 1354 uti
358 1295 493 1356 reddidit
505 1295 662 1374 Eulogius.
924 1293 1066 1355 laudaret
1088 1296 1156 1357 iilos
1178 1297 1280 1375 potius
1303 1297 1386 1375 quod
1412 1303 1455 1371 τὴν
1478 1301 1531 1356 καθ’
1557 1300 1691 1354 ὑπόστασιν

147 1387 206 1446 xl.
222 1387 310 1461 Quod
323 1387 450 1466 quidem
465 1406 502 1450 ex
513 1407 550 1449 co
564 1387 776 1461 confirmatur,
792 1387 876 1466 quod
926 1395 1043 1466 διαίρεσιν
1065 1388 1268 1463 damnareut3
1285 1407 1349 1449 non
1370 1394 1475 1449 autem
1494 1385 1577 1465 quod
1591 1390 1691 1464 ρνσινιὴν
1726 1427 1847 1471 uacuum

109 1480 240 1558 ipsemet
256 1480 290 1538 in
311 1480 420 1541 cadem
442 1482 580 1559 epistola,
597 1497 669 1541 cum
689 1479 760 1559 plus
781 1479 877 1540 semel
925 1487 1051 1558 διαίρεσιν.
1068 1480 1130 1540 Sed
1149 1480 1299 1541 nimirum
1312 1499 1373 1540 vox
1393 1489 1532 1560 διαιρέσεως
1555 1475 1693 1536 absolute
1717 1480 1857 1527 aramum.

54 1586 81 1630 ·.
107 1572 246 1644 διαιρέσεως
257 1570 339 1632 illius
353 1573 542 1649 meminerit,
564 1590 718 1652 nusquam
736 1572 877 1650 adjungit
925 1571 1347 1652 sumptaCyriiiodispiicuit3
1358 1589 1488 1651 eamque
1497 1569 1610 1649 passim
1621 1583 1691 1627 cum

106 1655 157 1731 id,
186 1659 253 1721 sine
282 1681 345 1742 quo
380 1666 522 1727 mutilum
553 1682 618 1725 csse
655 1662 876 1743 professionem
924 1661 1034 1739 rejicit,
1062 1663 1241 1742 simpliciter
1262 1666 1349 1743 ponit
1365 1664 1388 1741 ¹,
1405 1671 1439 1725 ut
1466 1667 1496 1724 et
1507 1659 1695 1724 Athanasius

15 1783 23 1790 ¹·
42 1789 45 1796 ,
105 1747 242 1812 affirmat
252 1754 443 1835 Eulogium
456 1765 509 1820 καθ’
522 1754 877 1819 όπόατασινΜοιιιοιαδίΙὶε
925 1753 1005 1814 libro
1020 1752 1055 1814 de
1067 1754 1273 1817 incarnatione
1284 1766 1307 1818 ⁰.

105 1847 151 1902 est
161 1842 246 1905 inter
259 1846 319 1907 alia
331 1848 399 1926 ejus
409 1849 545 1929 epistola
558 1848 657 1924 locus,
672 1849 705 1908 ia
720 1865 782 1926 quo
796 1851 877 1925 post·
965 1846 1018 1905 Est
1030 1851 1134 1907 tamen
1148 1847 1201 1907 ubi
1216 1857 1245 1909 ιδ
1261 1856 1396 1929 ἀδιαίρετον
1404 1844 1694 1926 usurpansCyriiius

105 1953 204 2014 quam
217 1943 345 1999 nahrras
353 1940 594 2020 proprietatibus
603 1939 745 2001 distinxit
758 1939 833 2015 suis,
845 1944 877 2000 et
925 1936 1020 2010 addit,
1042 1955 1136 1998 onon
1154 1938 1248 1999 dividi
1270 1939 1304 1999 in
1327 1957 1473 2018 personas
1491 1938 1568 1997 duas
1581 1935 1606 2010 ¹¹,
1623 1957 1638 1993 a
1658 1941 1694 1996 ut

105 2026 372 2093 aliudesseliaum
379 2033 517 2094 Verbum
526 2032 641 2109 docuit,
653 2032 736 2111 quod
750 2048 876 2093 carnem
925 2027 958 2087 in
973 2036 1083 2107 quarto
1102 2030 1387 2091 Commentariorum
1408 2030 1440 2090 ιἰτ
1458 2029 1612 2091 ioannem.
1642 2027 1693 2087 Sic

104 2123 251 2201 suscepit,
275 2130 307 2185 et
331 2126 475 2187 servilem
495 2126 596 2186 induit
616 2125 769 2199 formam;
791 2123 876 2183 aliud
924 2120 1118 2182 lastinianus
1145 2126 1177 2180 tu
1201 2122 1387 2202 Professioue
1406 2120 1478 2202 fidei
1505 2126 1604 2182 σοιιόνα
1631 2123 1693 2179 τινα

103 2211 205 2289 ipsam
222 2234 372 2293 carnem;
389 2224 481 2298 atque
496 2219 540 2280 ita
560 2218 694 2297 coliigit;
714 2217 800 2278 abac
811 2215 876 2277 sola
926 2211 1082 2292 Capitale,
1110 2214 1335 2287 «divisionem,
1359 2214 1408 2275 vel
1431 2213 1599 2275 sectionem
1627 2229 1692 2271 non

1 2320 81 2408 χχι.
101 2306 227 2369 ratione
239 2308 370 2388 intelligi
389 2328 477 2389 posse
490 2315 685 2381 naturarum,
701 2310 764 2369 sive
778 2308 876 2387 hypo-
923 2302 1086 2365 interriait
1100 2307 1134 2365 in
1151 2324 1248 2367 unam
1268 2307 1379 2367 Christi
1401 2305 1616 2386 hypostasim:
1638 2302 1692 2362 sed

30 2420 63 2460 ιω
101 2405 230 2461 stascon
251 2401 479 2463 differentiam:
500 2403 615 2482 qnippe
635 2400 803 2462 cumidem
818 2418 875 2459 nn·
923 2404 1105 2456 naturarum
1119 2398 1326 2459 differentiam
1340 2398 1509 2478 significari
1522 2394 1690 2460 ailianae

1 2472 69 2513 Μ’
102 2493 198 2554 trrrali
212 2493 361 2573 qualitate
380 2513 444 2554 non
460 2495 522 2554 sint
541 2492 695 2567 divinitas,
718 2492 874 2554 ethuma-
923 2506 997 2549 voce
1024 2495 1160 2570 ἀδιαίρετος
1182 2490 1253 2551 vide
1277 2491 1447 2552 Maximum
1471 2489 1555 2569 apud
1575 2486 1693 2567 Euthy-

101 2586 211 2660 nitas;
246 2608 261 2643 ο
287 2604 362 2646 mor
388 2587 447 2647 ista
473 2586 606 2664 subjicit.
638 2607 653 2642 ιι
672 2586 752 2646 Cum
777 2584 875 2662 igitur
922 2581 1023 2640 mium
1038 2580 1229 2663 r'nPunapiio
1243 2582 1266 2642 ¹.

101 2678 328 2739 iucarnationis
352 2678 461 2739 modus
494 2677 660 2756 diligenter
692 2675 871 2754 inquiritur,
963 2672 1183 2745 Xii.Qnocirca
1197 2683 1313 2756 διαίρεσις
1328 2681 1510 2736 naturarum
1518 2674 1561 2735 ita
1570 2680 1689 2744 ααόδλων,

99 2771 163 2832 dno
173 2771 302 2831 intersc
316 2776 425 2830 mutuo
443 2770 583 2831 unitione
598 2769 773 2848 conjuncta,
789 2767 874 2828 inex·
922 2768 953 2824 et
977 2764 1117 2825 absolute
1145 2772 1258 2845 negata
1282 2768 1406 2828 videtur
1432 2786 1451 2827 a
1478 2765 1623 2827 Patribus
1656 2763 1691 2822 in

99 2862 240 2943 plicabiii
255 2862 389 2941 quadam
411 2863 541 2937 ratione,
566 2879 602 2923 ac
620 2861 698 2921 citra
720 2859 874 2921 confusio·
923 2855 1076 2917 lucarnati
1091 2857 1181 2917 Verbi
1204 2860 1365 2938 mysterio,
1382 2857 1643 2938 quemadmodum
1656 2855 1691 2914 in

98 2973 189 3031 nem,
217 2956 358 3016 humana
383 2971 470 3014 mens
498 2953 627 3014 omnino
653 2952 737 3013 videt
764 2950 872 3012 eadem
923 2948 1073 3009 Trinitate
1088 2950 1319 3029 eademrejerte
1333 2950 1692 3031 siatpeoi;,sineexprcssa

98 3066 199 3129 porro
207 3046 305 3108 semel
317 3045 417 3123 unita,
434 3045 520 3106 nullo
537 3045 630 3106 modo
645 3043 809 3122 disjungit:
820 3043 873 3103 scd
922 3045 1042 3100 natura
1053 3042 1221 3102 mentione.
1237 3044 1362 3104 Utrum
1376 3042 1542 3122 Gregorius
1560 3040 1690 3101 Nazian-

98 3158 207 3203 unnm
219 3157 259 3200 cx
272 3137 423 3199 ambobus
438 3138 547 3212 Deum,
562 3147 593 3197 ct
602 3135 716 3212 filium,
727 3140 758 3195 et
773 3133 873 3194 Chris·
921 3140 1063 3208 zenusshv
1079 3131 1691 3213 σνναιρεσιν,ἰι1εεόοοιιόναοιὶοοσνι,φσιίιιόα

98 3241 171 3294 tum
197 3248 262 3292 esse
272 3230 382 3305 credit,
405 3234 436 3290 et
449 3228 625 3289 firmissime
644 3227 839 3289 confltetur&
853 3249 867 3284 u
921 3225 960 3284 ab
974 3223 1028 3283 illa
1037 3231 1189 3300 removet,
1204 3244 1239 3287 ac
1252 3236 1369 3308 διαίρεσιν
1383 3227 1406 3288 s.
1417 3228 1539 3288 Etenim
1550 3224 1691 3306 quorun

97 3327 154 3387 ilic
169 3331 299 3385 tantum
311 3323 398 3383 abest
409 3321 447 3381 ab
461 3320 738 3400 eoGyrilius,quod
747 3320 780 3379 in
792 3319 872 3398 epis·
921 3317 1107 3396 personatu
1122 3317 1272 3378 Trinitate
1285 3318 1384 3397 reipsa
1393 3318 1549 3394 differant,
1560 3337 1617 3379 nec
1626 3337 1692 3380 una

95 3419 161 3479 tola
182 3417 237 3477 iila
258 3414 412 3475 contineri
431 3412 537 3473 scribit
557 3412 715 3492 Eulogius,
740 3416 777 3471 ut
800 3428 872 3471 cum
922 3408 962 3468 sit
973 3407 1052 3482 aiia;
1069 3425 1133 3468 non
1145 3409 1366 3470 tamendivisaa
1378 3410 1692 3490 sunt3hocestseps-

95 3509 250 3589 viisJungi,
278 3525 314 3568 ac
337 3505 432 3566 dividi
459 3510 585 3565 naturas
614 3509 714 3577 vetat,
744 3503 873 3563 modum
922 3505 997 3561 ratoe
1011 3518 1074 3560 asc
1087 3507 1198 3561 mutuo
1221 3520 1257 3563 ac
1279 3501 1407 3563 divulsae
1424 3522 1432 3562 τ
1449 3502 1550 3563 sedin
1565 3521 1597 3564 se
1614 3503 1692 3564 invi-

96 3604 255 3683 edjungat
265 3617 328 3678 quo
336 3597 524 3658 dirimendas
534 3601 639 3674 negat,
655 3613 767 3675 nempe
776 3612 875 3654 secuu-
922 3610 990 3653 cem
1005 3592 1142 3653 existunt
1155 3600 1218 3656 κατὰ
1231 3603 1408 3676 περιχώρῃσιν.
1426 3596 1468 3655 De
1486 3613 1546 3675 qua
1560 3597 1691 3676 legenda
1727 3632 1853 3679 mm„

97 3694 173 3756 dum
203 3689 404 3773 hypostasim
431 3695 466 3749 ut
492 3688 542 3750 vel
569 3688 722 3770 hypostasi
750 3686 873 3747 diffsus
922 3689 995 3746 sunt
1015 3702 1152 3762 prorsus,
1182 3704 1252 3764 quoe
1280 3686 1314 3746 in
1337 3692 1448 3765 quarto
1469 3685 1505 3749 de
1533 3689 1689 3762 Trinitate,
1724 3685 1851 3783 m

97 3788 199 3850 dicat.
214 3786 252 3845 Et
264 3782 407 3863 quamvis
422 3781 605 3863 hypostasim
626 3780 669 3840 ibi
686 3798 742 3858 pro
766 3788 874 3839 notura
923 3776 1022 3856 capite
1035 3792 1097 3850 xvi,
1123 3776 1359 3856 disputavimus.
1383 3780 1434 3839 Est
1454 3781 1537 3841 enim
1561 3781 1691 3860 perinde
1846 3770 1853 3785 ⁸

96 3883 226 3940 sumni:
243 3881 350 3936 umen
364 3874 401 3934 ad
415 3874 458 3948 id,
474 3873 557 3953 quod
577 3871 725 3951 Eulogius
740 3871 872 3949 putavit,
923 3874 1108 3928 naturanrm
1122 3868 1155 3928 in
1168 3869 1287 3930 Christo
1302 3881 1476 3952 περιχδνρησις,
1487 3877 1523 3930 ut
1540 3871 1573 3932 in
1588 3873 1692 3933 Trini-

96 3968 309 4033 refellendum
319 3966 463 4047 pertinet.
479 3965 549 4025 Non
558 3964 644 4024 euim
653 3962 800 4023 indivisas
810 3979 874 4021 essa
922 3965 985 4021 tata
1015 3977 1220 4039 personarum
1249 3981 1257 4021 ι
1293 3966 1324 4021 et
1357 3962 1522 4042 utrobique
1556 3965 1693 4026 cavenda

96 4070 245 4136 naturas,
260 4058 436 4131 ,secundnm
455 4056 648 4137 hypostasim
673 4054 727 4115 iilo
753 4055 787 4114 in
806 4055 874 4115 loco
923 4060 1049 4132 διαίρεσις,
1066 4070 1130 4112 non
1150 4053 1254 4112 minus
1274 4071 1369 4133 quam
1387 4063 1503 4135 σόρχνσις
1520 4075 1527 4116 :
1543 4058 1693 4135 quoniam
1737 4092 1848 4147 mm,

96 4157 187 4231 dicit,
203 4153 261 4214 ubi
272 4151 429 4232 hypostasi
438 4156 608 4229 utcumque
621 4147 745 4208 differre
754 4146 873 4207 asserit.
923 4151 960 4204 ut
972 4144 1023 4204 bic
1035 4162 1181 4220 personas
1196 4144 1310 4224 alioqui
1331 4146 1508 4207 differentes
1528 4167 1547 4209 a
1568 4168 1601 4210 se
1615 4151 1693 4210 invi·

97 4250 213 4329 itaque
226 4245 317 4306 nnita
326 4244 381 4304 ilia
391 4243 455 4303 duo
469 4240 634 4302 dividenda
642 4258 706 4301 non
719 4256 784 4301 esse
791 4237 877 4299 abso-
926 4253 994 4297 cem
1009 4236 1168 4298 dissociari
1181 4242 1266 4298 vetat
1280 4239 1467 4300 arctissimus
1485 4241 1511 4319 ej
1516 4242 1623 4303 usdem
1636 4260 1693 4306 na·

136 4471 159 4510 a
179 4453 250 4508 Cra.
263 4448 329 4504 ibid.
348 4447 395 4499 Καὶ
408 4447 463 4500 κατ’
477 4444 537 4499 αότδ
551 4444 580 4512 δὴ
595 4448 669 4498 τοῦτο
678 4446 717 4496 καὶ
733 4443 806 4514 μόνον
822 4458 878 4508 νοη-
927 4457 983 4492 κασι
997 4439 1125 4510 διαφοράν,
1141 4444 1194 4494 cic.
1213 4439 1345 4511 Μιρόζσυσι
1359 4440 1385 4495 δέ
1398 4441 1453 4495 κατ’
1466 4440 1654 4517 οὖδόνατρόπον
1665 4446 1696 4499 τὰ

97 4539 154 4606 δεῖν,
168 4539 200 4590 ἄν
215 4534 231 4602 ἡ
248 4538 296 4586 τῶν
311 4531 406 4602 φύσεων
424 4529 538 4601 διαφορά·
560 4525 588 4580 οδ
612 4528 659 4600 γάρ
679 4546 726 4580 που
741 4523 829 4578 ταῦτδν
853 4521 877 4575 όν
927 4521 1052 4594 ἡνωμένα,
1065 4519 1120 4574 οὔτε
1139 4521 1185 4594 μὴν
1204 4523 1305 4594 φυσικὴν
1316 4525 1497 4598 παραδέχονται
1510 4524 1554 4593 τὴν
1570 4529 1694 4601 διαίρεσιν.

98 4623 222 4686 ποιότητι
236 4620 324 4688 φυσικῇ
342 4615 442 4681 δεότης,
459 4611 673 4684 καὶᾶνθρωπότης.
699 4610 761 4666 Mox
778 4627 784 4663 τ
799 4605 878 4661 Ὅταν
965 4605 1101 4660 obtutu.
1122 4606 1166 4658 Διό
1179 4604 1251 4677 ἡμεῖς
1267 4605 1445 4678 ὁμολογοῦντες
1464 4609 1527 4674 θτδν,
1547 4612 1589 4664 καὶ
1606 4612 1697 4684 ἅνθρω-

99 4705 188 4760 τοόνυν
203 4702 220 4754 ό
234 4705 278 4768 τῆς
291 4700 437 4771 σαραώσεως
455 4697 689 4767 πολυπραγμονῆται
710 4694 815 4764 τρόπος,
835 4690 878 4743 δύο
927 4706 974 4741 πον
988 4686 1030 4740 τδν
1045 4687 1162 4759 Χριστδν,
1178 4687 1206 4741 οδ
1228 4689 1368 4762 διαιρέσεως
1388 4691 1467 4745 ἕνεκεν
1491 4697 1569 4748 ταῦτα
1582 4695 1696 4769 λέγομεν,

99 4788 134 4843 τὰ
149 4785 273 4852 ἀλλήλοις
295 4781 438 4854 ἇποῤῥιὶτως
458 4798 496 4846 τε,
516 4778 558 4832 καὶ
581 4775 724 4851 ἀονχχότως
737 4792 879 4845 συνενηνεγ·
930 4769 1081 4842 μὴχένοιτο.

101 4867 240 4945 μένακαόΥ
254 4867 340 4921 ἕνωσιν
364 4865 410 4937 sps
434 4862 464 4931 δὴ
490 4864 586 4923 πάντως
609 4861 623 4915 ό
646 4860 795 4931 ἀνθρώπινος
814 4862 899 4922 νοός,
964 4852 1071 4908 thta.
1088 4852 1122 4910 iV
1132 4856 1163 4908 itt
1172 4858 1258 4910 Ιοατι.
1273 4854 1421 4929 ’Λδιαόρετος
1435 4854 1566 4932 ποιχαρσῖνν
1583 4862 1644 4934 μετὰ
1655 4862 1699 4932 τὴν

102 4954 232 5008 ένοιδέντα
245 4969 274 5022 γε
294 4950 340 5021 μὴν
362 4943 481 5015 διέστησεν
504 4944 628 5016 οδδαμῖνς,
657 4942 713 4996 ἀλλ’
737 4941 835 4995 ἔνατόν
857 4937 881 5001 ἐξ
930 4935 1028 5000 ἕνωσιν,
1038 4936 1078 4989 καὶ
1089 4937 1133 4989 obe
1147 4934 1233 4999 εόςδόο
1247 4941 1367 5010 πρόσωπα
1380 4944 1564 5017 καταοχόζεται.

102 5037 202 5111 ἀμφοῖν
212 5036 256 5088 καὶ
268 5032 333 5095 δεδν,
347 5032 388 5084 καὶ
399 5029 463 5099 οἱδν,
477 5027 517 5081 καὶ
538 5027 654 5100 Χριστόν,
669 5025 710 5079 καὶ
722 5024 804 5097 κόριον
819 5017 882 5076 εἷναί
966 5034 981 5074 e
998 5019 1102 5074 itsrtrt.
1122 5018 1151 5074 in
1166 5036 1183 5076 v
1205 5038 1267 5091 syn.
1288 5024 1409 5095 Διαόρεσιν
1426 5026 1468 5096 μέν
1489 5046 1543 5081 τινα
1557 5028 1604 5080 ἀνὰ
1618 5030 1699 5101 μέρος,

101 5140 144 5187 τε,
160 5120 205 5172 ταὶ
218 5114 336 5180 πιοτεόει,
350 5114 389 5166 καὶ
403 5113 529 5186 ἀραρότως
542 5109 686 5183 εἰσδέχεται.
930 5101 1034 5174 δτομὴν
1049 5101 1093 5155 οὖα
1107 5100 1250 5176 ἐπιφέρομεν
1267 5112 1298 5177 τῇ
1314 5110 1359 5178 proi
1372 5107 1446 5162 αὐτοῦ
1459 5109 1600 5175 ὑποστάσει,
1617 5110 1659 5178 τὴν
1674 5112 1701 5165 δὲ
1795 5145 1801 5151 .

143 5204 163 5259 ὁ
183 5203 254 5257 Cin.
268 5197 337 5254 ibid.
356 5195 394 5250 Τὰ
408 5194 451 5268 μέν
467 5193 490 5257 ἐξ
511 5190 546 5248 ὧν
570 5195 660 5248 νοεῖται
682 5191 796 5264 Χριστός,
810 5190 844 5252 tie
858 5187 881 5241 iv
931 5184 1699 5265 Brspopdvtbvpbosnuiirbvvuioovrriiq,oqpaiv0p2v,etc‚

102 5288 203 5361 ψιλαῖς,
216 5283 258 5337 ni
272 5283 359 5354 μόναις
372 5278 472 5341 ἐννοίαις
487 5278 620 5351 δεχόμενον
635 5275 729 5346 ρόσειον
750 5272 793 5345 μέν
818 5270 883 5344 ripi-
968 5266 989 5341 s
1003 5268 1129 5324 ernuz.
1151 5275 1219 5324 orat.
1241 5287 1313 5326 xxix.
1334 5272 1380 5325 Καὶ
1400 5271 1444 5340 τὴν
1458 5274 1551 5345 φατ’λην
1565 5271 1700 5347 σνναόρεσιν

933 5349 1133 5422 παραιτούμενοι,
1148 5352 1189 5405 uzi
1203 5353 1245 5422 τὴν
1258 5352 1416 5426 ἀτοπωτέραν
1429 5358 1556 5428 διαίρεσιν.

139 5552 152 5593 1
170 5546 201 5590 tit
211 5546 235 5590 tn
247 5542 257 5587 l
268 5540 299 5586 od
312 5540 364 5587 suc.
375 5539 440 5594 incp.
452 5536 481 5581 ati
493 5537 555 5582 icae
567 5541 591 5580 αι
605 5530 772 5588 adsumsit.
786 5528 859 5575 teau.
874 5527 985 5575 rot-a
997 5527 1064 5572 Enii.
1075 5528 1104 5580 lt,
1115 5540 1161 5585 par.
1177 5528 1206 5578 u,
1216 5529 1251 5575 itt.
1263 5529 1311 5573 itti.
