4136 6178
337 265 375 329 32
853 263 1181 327 THEOltOGlGORUM
1201 265 1423 330 DOGMATUM

336 428 510 504 tenderent,
527 426 690 507 quodpios
704 443 741 489 ac
755 433 877 489 sanctos
890 427 1017 490 illorum
1030 434 1110 490 tern-
1163 430 1272 492 drinus
1299 430 1332 492 in
1366 431 1498 511 septimo
1533 426 1732 506 Stromuteon‚
1762 431 1931 495 Ecclesiam

337 537 451 601 porum
464 519 660 587 intellexisse.
678 524 708 579 et
722 519 899 581 observasse
919 521 1112 581 demonstrat
1160 524 1296 603 appellat
1316 533 1437 604 ἄθροισμα
1449 538 1499 586 τῶν
1524 530 1660 601 metat,
1682 525 1931 606 muprepatioucm

339 613 442 673 idern:
477 628 604 692 prorsus
638 612 875 673 Testamentum
908 617 1014 685 vetus,
1049 630 1111 691 qna
1160 613 1330 676 electorum.
1346 617 1417 677 Non
1436 616 1531 695 igitur
1543 635 1708 697 ipsopago,
1731 624 1768 676 ut
1779 635 1931 700 synapopa

338 702 520 781 hujusmodi
534 702 614 778 iuit3
629 703 689 764 hoc
703 707 759 775 cst,
768 700 1020 764 constilcratumut
1032 711 1112 764 ectus
1160 713 1214 780 est,
1231 707 1373 782 carnalis,
1386 712 1419 768 et
1430 707 1521 768 invisi
1534 709 1610 785 Deo,
1622 726 1658 769 ac
1669 709 1809 769 damnati
1821 710 1929 790 populi

340 802 404 855 erat
432 793 664 870 Testamentum,
693 800 781 855 extra
803 794 952 855 invidiam
979 794 1112 855 carnalis
1160 815 1278 861 nomen
1291 805 1347 873 est,
1364 805 1450 861 extra
1463 799 1640 878 Ecclesiam,
1654 805 1824 862 etaeternae
1842 819 1929 881 spem

340 891 396 963 est,
413 903 449 946 ac
462 886 589 962 terreni,
605 886 768 964 vitiosique
778 891 892 947 status:
909 903 1003 965 aquo
1015 885 1112 947 sancti
1161 890 1269 952 salutis
1277 892 1387 971 procul
1400 892 1505 971 positi:
1522 910 1593 954 curn
1607 892 1640 952 in
1652 892 1706 953 illa
1719 893 1812 954 etiam
1822 895 1928 955 Testa·

340 976 390 1038 isti
403 978 584 1057 patriarche
597 995 633 1038 ac
645 977 805 1057 propheta
822 976 1001 1057 longissime
1013 977 1111 1039 dista·
1161 982 1259 1043 menti
1271 983 1383 1045 veteris
1396 982 1485 1045 electi
1495 985 1720 1046 contineantur.

339 1068 417 1129 baut
431 1088 467 1130 eo
480 1070 560 1149 ipso,
571 1069 657 1148 quod
669 1068 760 1128 illum
773 1068 862 1148 legis,
878 1075 909 1130 et
922 1070 1111 1131 Testamenti
1202 1074 1377 1147 Quinetiam
1390 1075 1572 1137 Ambrosius
1586 1076 1769 1138 «Christum
1782 1077 1826 1138 ait
1837 1077 1930 1140 nnuc

340 1162 453 1222 veteris
462 1178 602 1241 scopum,
616 1165 647 1221 et
659 1160 845 1241 primarium
860 1161 1037 1223 institutum
1049 1162 1113 1224 rita
1163 1172 1256 1245 capnt
1275 1168 1387 1228 veteris
1405 1185 1572 1248 synagoga
1582 1166 1605 1245 ⁸,
1622 1186 1717 1248 pram
1725 1170 1846 1250 Moyses
1857 1170 1929 1233 itin·

341 1258 373 1314 et
384 1253 471 1316 botis
484 1254 547 1314 suis
556 1258 780 1333 expresserant.
1162 1258 1248 1319 davit
1260 1265 1292 1320 et
1307 1259 1479 1321 condidit.»
1491 1260 1650 1322 Annemia
1661 1259 1739 1340 fingi
1749 1261 1808 1322 ista
1815 1267 1928 1341 potest,

189 1361 302 1414 sinuessa
381 1347 435 1407 lv.
449 1345 538 1420 Quod
547 1346 585 1406 de
598 1344 677 1424 lege,
686 1363 722 1406 ac
730 1345 928 1407 Testamenta
940 1345 1014 1423 dixi,
1028 1346 1112 1409 idem
1162 1367 1258 1428 quam
1282 1370 1432 1433 synapoge
1461 1350 1667 1430 connderata,
1701 1358 1737 1414 ut
1762 1352 1931 1435 synagogai

171 1419 316 1506 militm
342 1443 374 1498 et
392 1437 428 1499 de
452 1455 602 1519 spnupcpa
628 1434 811 1498 emittente
838 1444 872 1497 ut
897 1445 938 1498 est
963 1456 1112 1520 synapoga
1162 1442 1263 1521 Hujus
1288 1460 1363 1523 ergo
1385 1449 1478 1523 caput
1504 1444 1642 1506 Cluistus
1661 1443 1840 1525 iuitzatque
1853 1446 1931 1507 adeo

194 1514 295 1617 „lgm
342 1530 539 1591 sentiendum
552 1534 606 1590 est.
622 1528 789 1590 Haecenim
801 1530 990 1591 Testamenti
1003 1530 1113 1591 namna
1163 1534 1345 1608 carnalium,
1376 1544 1582 1613 terrenorum,
1606 1537 1811 1618 perditorum,
1826 1539 1932 1619 despe-

342 1622 477 1683 Ecclesia
502 1621 561 1683 fuit
572 1641 581 1697 ;
607 1621 693 1700 quod
718 1622 931 1700 Augustinus,
953 1640 991 1683 ex
1013 1640 1112 1703 eoque
1163 1631 1363 1707 natorumque
1378 1629 1667 1709 caputbominum3
1694 1631 1719 1689 si
1740 1628 1930 1691 nonnisitali

343 1712 425 1774 Beda
436 1712 458 1791 ¹,
474 1718 505 1775 et
518 1713 691 1776 Amalarius
705 1712 891 1774 Fortunatus
912 1713 1077 1776 observant
1086 1714 1109 1776 ¹.
1163 1736 1203 1780 ex
1221 1719 1297 1781 iace
1317 1737 1475 1800 synagoga
1488 1720 1662 1782 constabat:
1680 1740 1751 1801 qum
1764 1728 1811 1784 est
1823 1722 1931 1783 Arma·

343 1803 499 1866 Nimirum
508 1827 523 1864 a
533 1805 676 1885 quamvis
685 1805 809 1885 proprie
823 1805 942 1867 dicatur
954 1824 1113 1886 synagoga
1163 1828 1324 1890 canorum,
1335 1818 1367 1874 et
1379 1814 1575 1876 Anemorum
1588 1813 1705 1895 opinio.

342 1896 562 1976 ludaeorum',
592 1896 725 1959 Ecclesia
755 1915 830 1959 vero
865 1897 1113 1960 Christianorum

345 1987 448 2071 (verba
462 1995 536 2051 sunt
546 1988 723 2070 Augustini)
738 1994 844 2051 tamen
853 1995 884 2050 et
899 1989 983 2051 illam
996 1990 1113 2052 dictam

342 2081 519 2144 invenimus
553 2081 730 2144 Ecclesiam.
759 2102 775 2138 n
803 2081 894 2142 Falso
919 2082 1015 2161 igitur
1042 2088 1111 2144 tum

345 2176 537 2237 Anemornm
545 2174 687 2254 princeps
699 2192 867 2255 spumaque,
880 2172 1069 2237 comederatce
1077 2180 1112 2235 ut

341 2284 490 2347 rpnapopo
503 2274 556 2339 est,
572 2265 718 2326 vitiosum
731 2264 824 2326 fuisse
836 2271 962 2343 statum,
977 2286 1012 2327 ac
1023 2267 1111 2327 dam-

1374 2110 1581 2196 CAPUT
1630 2110 1707 2195 Xl.

342 2358 480 2419 nabilem
506 2358 631 2419 docuit:
662 2362 730 2418 tum
759 2356 825 2436 ejus
849 2359 1053 2436 suffragator,
1082 2364 1113 2421 ct

341 2456 491 2529 patronus
511 2450 544 2509 in
577 2445 820 2528 Apologeticct,
851 2467 1044 2529 synagogam
1072 2448 1112 2510 ab

342 2542 476 2604 Ecclesia
494 2560 583 2619 vera,
600 2559 671 2620 quta
694 2542 883 2603 Testamenti
903 2541 1015 2602 veteris
1033 2548 1111 2603 tem·

342 2652 418 2714 pore
437 2633 507 2708 fuit,
523 2633 600 2695 adeo
614 2632 788 2712 distinguit,
814 2637 850 2692 ut
871 2632 958 2693 illam
984 2651 1024 2693 ex
1047 2652 1112 2696 sese

343 2727 457 2789 melam
481 2731 512 2788 et
534 2724 733 2806 probrosam:
756 2725 921 2786 hancvero
940 2743 1005 2786 non
1018 2725 1113 2786 aliam

343 2836 438 2899 quam
464 2819 539 2879 noui
564 2817 753 2880 Testamenti
766 2817 964 2897 peculiarem,
982 2823 1013 2878 et
1026 2818 1114 2878 Chri·

342 2913 475 2973 sticum
510 2910 610 2973 luisse·
630 2909 791 2990 significet.
824 2908 917 2990 Atqui
950 2928 1110 2991 spuaqopo,

342 3005 450 3084 utique
475 3001 654 3065 comiderate
674 3010 707 3062 et
725 3020 892 3084 sprmpopa,
915 3001 975 3062 hoc
992 3007 1038 3061 est
1050 3001 1112 3080 legi

342 3095 496 3169 Mosaicae,
508 3094 641 3173 ethujas
654 3094 789 3155 auctoris
803 3094 858 3154 Dei
868 3092 935 3170 fini,
950 3111 987 3154 ac
998 3093 1111 3155 volun·

342 3188 399 3250 tati
419 3193 640 3261 consentanea,
664 3186 798 3247 Ecclesia
820 3185 878 3246 fuit
900 3186 955 3246 Dei
967 3185 1110 3263 viventis,

342 3285 379 3341 ut
391 3285 519 3342 testatur
530 3278 731 3359 Augustinus.
748 3279 787 3340 Et
799 3277 854 3358 qui
867 3277 962 3353 hunc,
984 3289 1021 3337 ut
1033 3277 1109 3353 dixi,

341 3378 465 3435 secutus
486 3377 542 3445 cst,
573 3371 666 3447 Beda,
694 3369 768 3431 alibi
781 3369 858 3431 duas
873 3369 973 3431 Saulis
997 3367 1109 3447 filias⁸,

341 3466 448 3526 Merob
461 3470 493 3527 et
505 3464 630 3537 Michol‚
652 3463 813 3542 allegorice
834 3461 1007 3541 significare
1025 3461 1109 3540 dicit,

341 3559 478 3638 priorem
498 3555 625 3636 quidem
647 3561 678 3616 et
698 3554 948 3635 primogenitam,
976 3570 1109 3634 synago·

342 3668 411 3730 gam
422 3671 429 3711 ε
442 3648 644 3729 posteriorem
653 3653 769 3727 autem,
780 3646 956 3710 Ecclesiam.
967 3667 983 3705 a
993 3646 1111 3712 Quibus

1164 2380 1194 2440 l.
1207 2378 1391 2461 Explicatur
1404 2380 1470 2459 sous
1487 2389 1517 2442 et
1530 2381 1615 2464 oripo
1630 2382 1712 2445 illius
1730 2384 1859 2462 uraris,
1875 2404 1931 2465 quo

1202 2469 1271 2551 lepis
1290 2480 1317 2532 et
1335 2472 1513 2534 Testamenti
1530 2475 1633 2536 ueteres
1651 2483 1747 2538 status
1763 2477 1880 2538 uitiosus
1892 2476 1930 2539 ab

1201 2565 1322 2625 Anamis
1339 2565 1496 2625 statuitur.
1512 2565 1579 2627 Duo
1593 2566 1626 2627 in
1642 2575 1736 2629 vetere
1750 2570 1930 2631 Testamenta

1201 2673 1308 2736 genera
1322 2654 1471 2718 lominum
1491 2656 1644 2737 bammum,
1668 2661 1889 2723 etmalorum:
1914 2680 1931 2723 e

1201 2747 1309 2828 quibua
1322 2746 1408 2829 louge
1415 2748 1518 2830 plures
1531 2751 1586 2812 isti
1593 2752 1732 2831 suerum:
1748 2754 1829 2815 acsi’c
1840 2758 1931 2815 inter·

1202 2841 1274 2902 dum
1288 2841 1325 2902 cle
1342 2839 1456 2902 ludaeis
1466 2840 1633 2923 Scriptura
1654 2843 1829 2924 loquuntur,
1845 2846 1934 2927 quasi

1202 2950 1284 2994 nemo
1307 2933 1338 2993 in
1361 2932 1536 3013 iilisjustus
1555 2940 1636 2996 esset.
1655 2938 1685 2997 2.
1703 2936 1787 3013 Quod
1798 2937 1931 2999 imitatus

1202 3032 1243 3086 est
1258 3024 1426 3106 Apostolus.
1448 3024 1479 3086 3.
1501 3025 1557 3087 En
1570 3046 1627 3108 quo
1641 3028 1773 3109 rapulam
1786 3033 1931 3111 interpre-

1202 3115 1480 3198 tandoeScripturoe
1492 3117 1599 3181 Patres
1610 3121 1835 3184 constituenti.
1850 3120 1931 3184 llndc

1200 3208 1344 3270 mmurode
1358 3208 1422 3272 loca
1436 3209 1532 3271 multa
1546 3211 1753 3274 conciliantur.
1763 3215 1793 3274 a.
1807 3214 1931 3276 Ammo-

1202 3320 1270 3361 rum
1303 3299 1474 3381 improbum
1506 3301 1629 3364 dictum.
1656 3308 1687 3366 θ.
1716 3304 1873 3387 Perpcrum
1897 3305 1930 3367 in

1201 3391 1347 3473 Apologia
1359 3391 1526 3472 defensum:
1542 3395 1628 3472 cuins
1641 3404 1745 3457 auctor
1756 3395 1828 3457 adeo
1841 3416 1930 3459 occe·

1201 3496 1284 3544 catus
1305 3485 1378 3565 fuit,
1402 3485 1620 3565 uteonflictum
1632 3489 1782 3550 sententiae
1795 3508 1932 3552 suarum

1202 3576 1239 3637 iis
1247 3577 1545 3659 testimom‘is,quibus
1556 3598 1619 3641 earn
1629 3578 1739 3659 fulcire
1751 3586 1868 3643 conotus
1876 3590 1929 3653 est,

1201 3687 1258 3730 nou
1274 3670 1528 3733 mtimadecrteret.

342 3744 436 3805 etiam
444 3742 621 3817 nominum,
634 3741 747 3821 inquit,
758 3738 947 3820 etymologia
955 3739 1109 3816 congruit.

342 3837 422 3899 Nam
433 3831 1112 3918 quiasynagogaclectorum,nondecunctis
1202 3832 1228 3892 l.
1251 3831 1379 3892 Maximi
1402 3850 1486 3893 nunc
1507 3837 1538 3893 et
1559 3831 1691 3893 inauditi
1707 3831 1791 3895 illius
1804 3834 1928 3909 errans,
1984 3870 2055 3921 Auen,

341 3930 403 3991 late
422 3928 613 4005 nationibus,
628 3926 681 3987 sed
695 3926 733 3987 de
746 3924 944 3985 multitudine
959 3923 1054 3984 solius
1067 3929 1113 3986 est
1161 3941 1223 4003 quo
1235 3941 1342 3985 recens
1354 3924 1413 3984 ista
1425 3923 1544 3986 laborat
1557 3924 1752 3985 Anemorum
1765 3927 1929 4004 sententia,
1957 3925 2055 4029 “2¹⁰2

343 4019 518 4082 israeliticae
540 4019 657 4098 stirpis,
683 4017 826 4094 collecta,
851 4015 983 4077 Ecclesia
1005 4022 1111 4078 autem
1161 4033 1300 4093 causam,
1328 4019 1360 4077 et
1382 4015 1534 4096 originem
1557 4016 1733 4078 edisserm.
1749 4018 1932 4081 ludaeorum

343 4111 489 4173 omnibus
503 4115 549 4172 est
561 4110 601 4170 ad
614 4109 710 4170 fidem
723 4113 890 4170 convocata
902 4107 940 4168 de
955 4107 1110 4186 gentibus;
1160 4109 1306 4188 populus,
1322 4125 1492 4188 eorumque
1501 4125 1670 4189 synagoga,
1681 4108 1732 4170 vel
1745 4110 1878 4173 Ecclesia
1891 4130 1933 4174 ex

343 4211 424 4267 recte
463 4202 669 4285 primogenita
706 4200 770 4261 iilia
810 4200 848 4261 de
888 4199 1109 4262 multitudine:
1161 4200 1275 4279 duplici
1299 4200 1430 4262 mndata
1451 4208 1517 4263 arat
1538 4201 1704 4263 hominum
1716 4203 1819 4281 turba,
1839 4203 1932 4266 bonis

343 4297 479 4360 secunda
488 4314 528 4358 ex
536 4294 682 4357 omnibus
690 4292 887 4373 interpretari
899 4292 1108 4372 perhibetur»)
1160 4292 1312 4366 videlicet,
1328 4311 1364 4353 ac
1377 4292 1486 4354 malis:
1501 4300 1586 4355 utex
1595 4293 1768 4372 Augustino
1778 4296 1933 4375 superiori

344 4389 402 4451 llic
434 4389 517 4451 Beda
542 4386 649 4451 Merob
675 4404 714 4447 aa
742 4384 948 4462 multitudine,
982 4385 1040 4445 hoc
1067 4390 1113 4447 est
1162 4385 1260 4465 capite
1273 4384 1413 4447 memini.
1425 4385 1578 4447 Malorum
1588 4390 1694 4463 coetus,
1707 4386 1809 4464 uti'iit,
1824 4387 1932 4449 multis

345 4496 444 4551 :tint
459 4481 573 4544 blichcl
585 4485 690 4541 autem
704 4496 741 4539 ee
753 4476 900 4554 omne‘bm,
914 4477 974 4539 hoc
987 4483 1033 4539 est
1045 4468 1110 4548 lna
1162 4477 1303 4558 partibus
1321 4477 1478 4539 honorum
1500 4477 1666 4557 superabat
1683 4496 1868 4556 nnmerum,
1894 4485 1932 4542 ut

343 4574 583 4654 interpretatur,
612 4576 644 4632 et
669 4570 781 4631 eleetos
806 4569 943 4648 assignat
963 4570 1109 4648 utrique,
1162 4568 1340 4645 etsivacna,
1353 4570 1494 4631 etinauis
1509 4568 1547 4630 ab
1561 4569 1626 4629 istis
1637 4569 1931 4633 retasnulladecur·

346 4677 505 4744 tamquam
532 4662 688 4744 precipua
713 4661 796 4723 illius
820 4660 963 4722 membra
978 4661 1112 4741 peregri-
1162 4661 1249 4738 uerit,
1259 4661 1405 4741 perpauci
1414 4667 1520 4723 tamen
1533 4661 1628 4723 iidem
1636 4660 1765 4740 fuerint,
1775 4669 1807 4725 et
1815 4663 1933 4744 impro-

344 4758 448 4820 nantis
468 4756 581 4833 adhuc,
604 4772 640 4815 ac
659 4753 759 4815 bonus
783 4752 866 4815 intra
888 4754 1032 4833 sepiscea
1043 4770 1110 4814 ma·
1162 4752 1276 4815 borum
1302 4753 1532 4833 comparatione
1557 4758 1637 4833 pene
1657 4753 1747 4817 nulli.
1763 4755 1860 4835 Crrjus
1883 4755 1933 4817 rei

344 4849 452 4930 losque
465 4846 654 4926 colligentis:
683 4845 733 4906 vel
759 4844 872 4907 electos
895 4844 935 4906 ob
955 4845 1049 4907 fidem
1076 4863 1112 4906 ac
1162 4845 1257 4923 iidem
1286 4845 1404 4907 facium
1428 4846 1512 4907 illius
1538 4846 1640 4924 gentis
1665 4845 1803 4908 historie
1834 4866 1931 4910 sacrm

345 4942 410 5003 veri
422 4942 477 5004 Dei
488 4939 630 5001 notitiam
640 4937 912 5018 etcultum,atque
921 4955 959 4999 ex
967 4935 1113 4998 omnibus
1163 4938 1295 5018 pariter,
1324 4943 1355 5000 ct
1387 4938 1542 5018 profanae:
1569 4942 1638 4998 tum
1663 4939 1833 5018 prophetici
1857 4939 1932 5001 libri

344 5033 488 5115 gentibus
508 5034 542 5094 in
567 5031 755 5113 pecuniarum
769 5030 922 5110 populum
941 5034 1114 5109 assumptos
1163 5029 1296 5108 mebris,
1312 5029 1593 5092 acvehementibus
1604 5030 1737 5109 querelis
1750 5030 1932 5111 hujusmodi

344 5132 445 5190 vocat.
461 5126 512 5190 Sic
525 5125 641 5188 utrans
660 5123 698 5186 de
718 5140 811 5185 causa
824 5123 967 5185 Clemens
980 5122 1114 5185 Alexan·
1163 5121 1278 5184 reserti.
1305 5123 1350 5184 Ac
1376 5121 1420 5183 sic
1441 5122 1626 5203 plerumque
1656 5120 1696 5183 de
1728 5121 1781 5185 illo
1814 5123 1931 5205 populo
1977 5158 1982 5167 ·

373 5355 383 5401 t
399 5354 455 5401 Beda
467 5354 507 5401 lib.
520 5353 540 5399 ll
549 5352 628 5400 tntae.
640 5355 661 5396 at
670 5350 693 5395 in
706 5361 725 5394 c.
739 5349 872 5395 ipram-i
882 5348 946 5395 Ana.
957 5350 999 5394 tar.
1014 5350 1030 5395 Ι.
1043 5348 1087 5395 lte
1101 5347 1135 5401 or.
1147 5353 1163 5393 t.
1174 5348 1192 5393 x
1203 5348 1251 5394 stt.
1260 5350 1303 5395 cot.
1314 5349 1414 5395 aso.-s
1428 5348 1485 5405 Aug.
1496 5348 1520 5394 in
1531 5349 1702 5399 Pt.u1vn.-t
1712 5349 1890 5410 tintmpnn.
1902 5374 1932 5389 ι-

345 5419 360 5465 5
373 5419 429 5465 Bada
441 5419 466 5464 ln
474 5417 494 5463 ll
502 5418 562 5465 Son.
572 5427 594 5462 c.
605 5427 654 5460 r.-
664 5413 679 5458 t
690 5412 756 5458 Ami.
768 5413 792 5456 ln
802 5413 863 5458 Ptol.
884 5421 906 5465 ι,
918 5415 935 5456 t.
945 5411 973 5457 ll.
