<?xml version="1.0" encoding="UTF-8"?>
<!DOCTYPE html PUBLIC "-//W3C//DTD XHTML 1.0 Transitional//EN"
    "http://www.w3.org/TR/xhtml1/DTD/xhtml1-transitional.dtd">
<html xmlns="http://www.w3.org/1999/xhtml" xml:lang="en" lang="en">
 <head>
  <title>
</title>
<meta http-equiv="Content-Type" content="text/html;charset=utf-8" />
  <meta name='ocr-system' content='tesseract 3.04.00' />
  <meta name='ocr-capabilities' content='ocr_page ocr_carea ocr_par ocr_line ocrx_word'/>
</head>
<body>
  <div class='ocr_page' id='page_1' title='image "./dogmatatheologi00unkngoog_0324.png"; bbox 0 0 4036 6162; ppageno 0'>
   <div class='ocr_carea' id='block_1_1' title="bbox 523 346 1690 424">
    <p class='ocr_par' dir='ltr' id='par_1_1' title="bbox 523 346 1690 424">
     <span class='ocr_line' id='line_1_1' title="bbox 523 346 1690 424; baseline 0.001 -16"><span class='ocrx_word' id='word_1_1' title='bbox 523 347 574 409; x_wconf 86' lang='lat' dir='ltr'>DE</span> <span class='ocrx_word' id='word_1_2' title='bbox 593 346 888 424; x_wconf 67' lang='lat' dir='ltr'>tueleutherii,</span> <span class='ocrx_word' id='word_1_3' title='bbox 910 347 985 411; x_wconf 89' lang='lat' dir='ltr'>LIB.</span> <span class='ocrx_word' id='word_1_4' title='bbox 1006 348 1047 423; x_wconf 97' lang='lat' dir='ltr'>lI,</span> <span class='ocrx_word' id='word_1_5' title='bbox 1070 348 1156 410; x_wconf 69' lang='lat' dir='ltr'>crte.</span> <span class='ocrx_word' id='word_1_6' title='bbox 1177 348 1230 410; x_wconf 84' lang='lat' dir='ltr'>VI.</span> <span class='ocrx_word' id='word_1_7' title='bbox 1609 348 1690 409; x_wconf 66' lang='grc' dir='ltr'>Μ·</span> 
     </span>
    </p>
   </div>
   <div class='ocr_carea' id='block_1_2' title="bbox 94 508 1673 1150">
    <p class='ocr_par' dir='ltr' id='par_1_2' title="bbox 94 508 1673 965">
     <span class='ocr_line' id='line_1_2' title="bbox 127 508 1672 591; baseline 0.001 -21"><span class='ocrx_word' id='word_1_8' title='bbox 127 509 187 570; x_wconf 85' lang='lat' dir='ltr'>Hoc</span> <span class='ocrx_word' id='word_1_9' title='bbox 215 508 323 588; x_wconf 86' lang='lat' dir='ltr'>ipsum</span> <span class='ocrx_word' id='word_1_10' title='bbox 350 509 467 572; x_wconf 80' lang='lat' dir='ltr'>Nicaeni</span> <span class='ocrx_word' id='word_1_11' title='bbox 496 514 637 589; x_wconf 86' lang='lat' dir='ltr'>concilii,</span> <span class='ocrx_word' id='word_1_12' title='bbox 664 521 696 576; x_wconf 89' lang='lat' dir='ltr'>et</span> <span class='ocrx_word' id='word_1_13' title='bbox 721 515 854 576; x_wconf 88' lang='lat' dir='ltr'>oliorum</span> <span class='ocrx_word' id='word_1_14' title='bbox 902 515 1055 577; x_wconf 88' lang='lat' dir='ltr'>maculam</span> <span class='ocrx_word' id='word_1_15' title='bbox 1087 516 1207 578; x_wconf 87' lang='lat' dir='ltr'>venisse</span> <span class='ocrx_word' id='word_1_16' title='bbox 1241 516 1415 591; x_wconf 85' lang='lat' dir='ltr'>Christum,</span> <span class='ocrx_word' id='word_1_17' title='bbox 1451 518 1595 575; x_wconf 79' lang='lat' dir='ltr'><strong>constans</strong></span> <span class='ocrx_word' id='word_1_18' title='bbox 1625 518 1672 573; x_wconf 89' lang='lat' dir='ltr'>est</span> 
     </span>
     <span class='ocr_line' id='line_1_3' title="bbox 94 599 1671 689; baseline 0.001 -26"><span class='ocrx_word' id='word_1_19' title='bbox 94 600 156 663; x_wconf 82' lang='lat' dir='ltr'>idei</span> <span class='ocrx_word' id='word_1_20' title='bbox 175 599 324 662; x_wconf 76' lang='lat' dir='ltr'>formulis</span> <span class='ocrx_word' id='word_1_21' title='bbox 346 602 520 666; x_wconf 88' lang='lat' dir='ltr'>declarant.</span> <span class='ocrx_word' id='word_1_22' title='bbox 542 626 559 663; x_wconf 85' lang='grc' dir='ltr'>α</span> <span class='ocrx_word' id='word_1_23' title='bbox 578 607 637 679; x_wconf 83' lang='lat' dir='ltr'>Qui</span> <span class='ocrx_word' id='word_1_24' title='bbox 649 611 775 687; x_wconf 91' lang='lat' dir='ltr'>propter</span> <span class='ocrx_word' id='word_1_25' title='bbox 796 625 854 668; x_wconf 92' lang='lat' dir='ltr'>nos</span> <span class='ocrx_word' id='word_1_26' title='bbox 904 608 1045 670; x_wconf 66' lang='lat' dir='ltr'>Ecclesiae</span> <span class='ocrx_word' id='word_1_27' title='bbox 1067 609 1198 689; x_wconf 86' lang='lat' dir='ltr'>dogma,</span> <span class='ocrx_word' id='word_1_28' title='bbox 1227 614 1257 669; x_wconf 89' lang='lat' dir='ltr'>et</span> <span class='ocrx_word' id='word_1_29' title='bbox 1280 607 1503 670; x_wconf 87' lang='lat' dir='ltr'>catholicorum</span> <span class='ocrx_word' id='word_1_30' title='bbox 1529 604 1671 666; x_wconf 90' lang='lat' dir='ltr'>omnium</span> 
     </span>
     <span class='ocr_line' id='line_1_4' title="bbox 94 691 1673 780; baseline 0.002 -28"><span class='ocrx_word' id='word_1_31' title='bbox 94 691 235 768; x_wconf 86' lang='lat' dir='ltr'>homines,</span> <span class='ocrx_word' id='word_1_32' title='bbox 261 698 293 753; x_wconf 89' lang='lat' dir='ltr'>ct</span> <span class='ocrx_word' id='word_1_33' title='bbox 306 700 434 774; x_wconf 89' lang='lat' dir='ltr'>propter</span> <span class='ocrx_word' id='word_1_34' title='bbox 458 701 596 758; x_wconf 68' lang='lat' dir='ltr'>noemam</span> <span class='ocrx_word' id='word_1_35' title='bbox 622 699 755 760; x_wconf 91' lang='lat' dir='ltr'>salutem</span> <span class='ocrx_word' id='word_1_36' title='bbox 782 699 853 760; x_wconf 89' lang='lat' dir='ltr'>des·</span> <span class='ocrx_word' id='word_1_37' title='bbox 904 702 1077 777; x_wconf 88' lang='lat' dir='ltr'>doctorum,</span> <span class='ocrx_word' id='word_1_38' title='bbox 1106 702 1160 780; x_wconf 91' lang='lat' dir='ltr'>qui</span> <span class='ocrx_word' id='word_1_39' title='bbox 1182 701 1384 779; x_wconf 84' lang='lat' dir='ltr'>Pelagianam</span> <span class='ocrx_word' id='word_1_40' title='bbox 1407 696 1550 760; x_wconf 74' lang='lat' dir='ltr'>heresim</span> <span class='ocrx_word' id='word_1_41' title='bbox 1575 715 1673 777; x_wconf 90' lang='lat' dir='ltr'>oppu-</span> 
     </span>
     <span class='ocr_line' id='line_1_5' title="bbox 96 783 1669 873; baseline 0.001 -28"><span class='ocrx_word' id='word_1_42' title='bbox 96 783 199 859; x_wconf 85' lang='lat' dir='ltr'>cendit,</span> <span class='ocrx_word' id='word_1_43' title='bbox 229 788 264 845; x_wconf 87' lang='lat' dir='ltr'>ct</span> <span class='ocrx_word' id='word_1_44' title='bbox 282 784 462 848; x_wconf 88' lang='lat' dir='ltr'>incarnatus</span> <span class='ocrx_word' id='word_1_45' title='bbox 489 796 553 866; x_wconf 90' lang='lat' dir='ltr'>est,</span> <span class='ocrx_word' id='word_1_46' title='bbox 585 796 616 851; x_wconf 93' lang='lat' dir='ltr'>ct</span> <span class='ocrx_word' id='word_1_47' title='bbox 635 789 730 852; x_wconf 91' lang='lat' dir='ltr'>homo</span> <span class='ocrx_word' id='word_1_48' title='bbox 755 790 854 852; x_wconf 85' lang='lat' dir='ltr'>factus</span> <span class='ocrx_word' id='word_1_49' title='bbox 903 796 1050 872; x_wconf 83' lang='lat' dir='ltr'>gnorunt,</span> <span class='ocrx_word' id='word_1_50' title='bbox 1077 793 1110 853; x_wconf 93' lang='lat' dir='ltr'>in</span> <span class='ocrx_word' id='word_1_51' title='bbox 1134 795 1191 854; x_wconf 88' lang='lat' dir='ltr'>hoc</span> <span class='ocrx_word' id='word_1_52' title='bbox 1214 794 1408 873; x_wconf 88' lang='lat' dir='ltr'>potissimum</span> <span class='ocrx_word' id='word_1_53' title='bbox 1426 788 1669 860; x_wconf 73' lang='lat' dir='ltr'>incumbentem,</span> 
     </span>
     <span class='ocr_line' id='line_1_6' title="bbox 96 880 1673 965; baseline -0.008 -13"><span class='ocrx_word' id='word_1_54' title='bbox 96 882 192 937; x_wconf 49' lang='lat' dir='ltr'>‘tib&#39;</span> <span class='ocrx_word' id='word_1_55' title='bbox 785 888 789 893; x_wconf 76' lang='grc'><em>“</em></span> <span class='ocrx_word' id='word_1_56' title='bbox 903 883 973 945; x_wconf 87' lang='lat' dir='ltr'>talis</span> <span class='ocrx_word' id='word_1_57' title='bbox 987 885 1162 965; x_wconf 88' lang='lat' dir='ltr'>utpeccati,</span> <span class='ocrx_word' id='word_1_58' title='bbox 1178 885 1316 965; x_wconf 77' lang='lat' dir='ltr'>adeoque</span> <span class='ocrx_word' id='word_1_59' title='bbox 1339 883 1467 945; x_wconf 82' lang='lat' dir='ltr'>remedii</span> <span class='ocrx_word' id='word_1_60' title='bbox 1488 880 1555 959; x_wconf 80' lang='lat' dir='ltr'>ejus</span> <span class='ocrx_word' id='word_1_61' title='bbox 1581 897 1673 941; x_wconf 91' lang='lat' dir='ltr'>causa</span> 
     </span>
    </p>

    <p class='ocr_par' dir='ltr' id='par_1_3' title="bbox 97 969 1673 1150">
     <span class='ocr_line' id='line_1_7' title="bbox 128 969 1673 1056; baseline 0.002 -29"><span class='ocrx_word' id='word_1_62' title='bbox 128 969 575 1053; x_wconf 85' lang='lat' dir='ltr'>ltaquegeneralishioscopus,</span> <span class='ocrx_word' id='word_1_63' title='bbox 586 973 857 1036; x_wconf 73' lang='lat' dir='ltr'>arctinisadventus</span> <span class='ocrx_word' id='word_1_64' title='bbox 904 978 1085 1056; x_wconf 88' lang='lat' dir='ltr'>comparati,</span> <span class='ocrx_word' id='word_1_65' title='bbox 1105 977 1290 1038; x_wconf 81' lang='lat' dir='ltr'>memoriam</span> <span class='ocrx_word' id='word_1_66' title='bbox 1302 993 1430 1038; x_wconf 91' lang='lat' dir='ltr'>omnem</span> <span class='ocrx_word' id='word_1_67' title='bbox 1443 973 1582 1035; x_wconf 82' lang='lat' dir='ltr'>funditus</span> <span class='ocrx_word' id='word_1_68' title='bbox 1599 973 1673 1032; x_wconf 89' lang='lat' dir='ltr'>abo-</span> 
     </span>
     <span class='ocr_line' id='line_1_8' title="bbox 97 1058 1672 1150; baseline 0.001 -29"><span class='ocrx_word' id='word_1_69' title='bbox 97 1058 192 1121; x_wconf 81' lang='lat' dir='ltr'>(hristi</span> <span class='ocrx_word' id='word_1_70' title='bbox 205 1066 240 1122; x_wconf 89' lang='lat' dir='ltr'>et</span> <span class='ocrx_word' id='word_1_71' title='bbox 261 1063 485 1125; x_wconf 75' lang='lat' dir='ltr'>iucarnationis</span> <span class='ocrx_word' id='word_1_72' title='bbox 509 1066 580 1142; x_wconf 88' lang='lat' dir='ltr'>tuit,</span> <span class='ocrx_word' id='word_1_73' title='bbox 610 1085 704 1146; x_wconf 91' lang='lat' dir='ltr'>quem</span> <span class='ocrx_word' id='word_1_74' title='bbox 728 1067 856 1146; x_wconf 80' lang='lat' dir='ltr'>pulchre</span> <span class='ocrx_word' id='word_1_75' title='bbox 903 1068 992 1131; x_wconf 88' lang='lat' dir='ltr'>leret.</span> <span class='ocrx_word' id='word_1_76' title='bbox 1018 1070 1143 1130; x_wconf 83' lang='lat' dir='ltr'>Praeivit</span> <span class='ocrx_word' id='word_1_77' title='bbox 1160 1070 1199 1130; x_wconf 89' lang='lat' dir='ltr'>ad</span> <span class='ocrx_word' id='word_1_78' title='bbox 1217 1070 1299 1130; x_wconf 90' lang='lat' dir='ltr'>hanc</span> <span class='ocrx_word' id='word_1_79' title='bbox 1311 1074 1429 1150; x_wconf 89' lang='lat' dir='ltr'>pestem</span> <span class='ocrx_word' id='word_1_80' title='bbox 1442 1065 1554 1128; x_wconf 90' lang='lat' dir='ltr'>erroris</span> <span class='ocrx_word' id='word_1_81' title='bbox 1568 1064 1672 1144; x_wconf 86' lang='lat' dir='ltr'>oppri-</span> 
     </span>
    </p>
   </div>
   <div class='ocr_carea' id='block_1_3' title="bbox 15 1153 1679 4635">
    <p class='ocr_par' dir='ltr' id='par_1_4' title="bbox 97 1153 1676 1793">
     <span class='ocr_line' id='line_1_9' title="bbox 98 1153 1671 1240; baseline 0.002 -28"><span class='ocrx_word' id='word_1_82' title='bbox 98 1153 283 1214; x_wconf 84' lang='lat' dir='ltr'>commcndat</span> <span class='ocrx_word' id='word_1_83' title='bbox 295 1155 484 1217; x_wconf 80' lang='lat' dir='ltr'>Athanasius</span> <span class='ocrx_word' id='word_1_84' title='bbox 498 1157 536 1218; x_wconf 93' lang='lat' dir='ltr'>de</span> <span class='ocrx_word' id='word_1_85' title='bbox 558 1158 612 1219; x_wconf 88' lang='lat' dir='ltr'>illa</span> <span class='ocrx_word' id='word_1_86' title='bbox 633 1159 699 1239; x_wconf 89' lang='lat' dir='ltr'>ipsa</span> <span class='ocrx_word' id='word_1_87' title='bbox 714 1161 857 1221; x_wconf 85' lang='lat' dir='ltr'>lucarna-</span> <span class='ocrx_word' id='word_1_88' title='bbox 904 1161 1053 1222; x_wconf 92' lang='lat' dir='ltr'>mendam</span> <span class='ocrx_word' id='word_1_89' title='bbox 1066 1161 1257 1239; x_wconf 76' lang='lat' dir='ltr'>Augustinus</span> <span class='ocrx_word' id='word_1_90' title='bbox 1271 1158 1508 1240; x_wconf 82' lang='lat' dir='ltr'>quamplurimis</span> <span class='ocrx_word' id='word_1_91' title='bbox 1529 1155 1671 1230; x_wconf 88' lang='lat' dir='ltr'>inlibris,</span> 
     </span>
     <span class='ocr_line' id='line_1_10' title="bbox 97 1244 1673 1333; baseline 0.001 -29"><span class='ocrx_word' id='word_1_92' title='bbox 97 1244 165 1304; x_wconf 90' lang='lat' dir='ltr'>tione</span> <span class='ocrx_word' id='word_1_93' title='bbox 173 1244 361 1324; x_wconf 87' lang='lat' dir='ltr'>disputans:</span> <span class='ocrx_word' id='word_1_94' title='bbox 380 1248 524 1325; x_wconf 75' lang='lat' dir='ltr'>«Nostra,</span> <span class='ocrx_word' id='word_1_95' title='bbox 536 1250 649 1330; x_wconf 88' lang='lat' dir='ltr'>inquit,</span> <span class='ocrx_word' id='word_1_96' title='bbox 665 1269 756 1312; x_wconf 87' lang='lat' dir='ltr'>causa</span> <span class='ocrx_word' id='word_1_97' title='bbox 768 1270 857 1313; x_wconf 86' lang='lat' dir='ltr'>occa·</span> <span class='ocrx_word' id='word_1_98' title='bbox 905 1257 936 1313; x_wconf 89' lang='lat' dir='ltr'>ct</span> <span class='ocrx_word' id='word_1_99' title='bbox 951 1252 1159 1314; x_wconf 85' lang='lat' dir='ltr'>sermonibus.</span> <span class='ocrx_word' id='word_1_100' title='bbox 1187 1253 1233 1314; x_wconf 82' lang='lat' dir='ltr'>Ex</span> <span class='ocrx_word' id='word_1_101' title='bbox 1249 1252 1364 1333; x_wconf 89' lang='lat' dir='ltr'>quibus</span> <span class='ocrx_word' id='word_1_102' title='bbox 1389 1250 1518 1329; x_wconf 86' lang='lat' dir='ltr'>insignis</span> <span class='ocrx_word' id='word_1_103' title='bbox 1539 1247 1580 1308; x_wconf 91' lang='lat' dir='ltr'>ad</span> <span class='ocrx_word' id='word_1_104' title='bbox 1607 1264 1673 1307; x_wconf 90' lang='lat' dir='ltr'>rem</span> 
     </span>
     <span class='ocr_line' id='line_1_11' title="bbox 98 1335 1674 1420; baseline 0.002 -25"><span class='ocrx_word' id='word_1_105' title='bbox 98 1335 199 1396; x_wconf 86' lang='lat' dir='ltr'>sionem</span> <span class='ocrx_word' id='word_1_106' title='bbox 219 1336 269 1397; x_wconf 94' lang='lat' dir='ltr'>illi</span> <span class='ocrx_word' id='word_1_107' title='bbox 291 1337 496 1401; x_wconf 75' lang='lat' dir='ltr'>descendendi</span> <span class='ocrx_word' id='word_1_108' title='bbox 521 1342 675 1420; x_wconf 83' lang='lat' dir='ltr'>proebuit,</span> <span class='ocrx_word' id='word_1_109' title='bbox 697 1348 729 1404; x_wconf 85' lang='lat' dir='ltr'>et</span> <span class='ocrx_word' id='word_1_110' title='bbox 751 1349 857 1404; x_wconf 85' lang='lat' dir='ltr'>nostra</span> <span class='ocrx_word' id='word_1_111' title='bbox 904 1352 1044 1405; x_wconf 89' lang='lat' dir='ltr'>nostram</span> <span class='ocrx_word' id='word_1_112' title='bbox 1057 1346 1192 1406; x_wconf 85' lang='lat' dir='ltr'>maxime</span> <span class='ocrx_word' id='word_1_113' title='bbox 1205 1345 1344 1406; x_wconf 90' lang='lat' dir='ltr'>estlocus</span> <span class='ocrx_word' id='word_1_114' title='bbox 1358 1361 1396 1404; x_wconf 82' lang='lat' dir='ltr'>ex</span> <span class='ocrx_word' id='word_1_115' title='bbox 1410 1348 1516 1402; x_wconf 84' lang='lat' dir='ltr'>octavo</span> <span class='ocrx_word' id='word_1_116' title='bbox 1531 1355 1674 1399; x_wconf 87' lang='lat' dir='ltr'>sermone</span> 
     </span>
     <span class='ocr_line' id='line_1_12' title="bbox 97 1427 1675 1516; baseline 0.001 -27"><span class='ocrx_word' id='word_1_117' title='bbox 97 1427 287 1506; x_wconf 73' lang='lat' dir='ltr'>transgressio</span> <span class='ocrx_word' id='word_1_118' title='bbox 316 1431 411 1492; x_wconf 84' lang='lat' dir='ltr'>Verbi</span> <span class='ocrx_word' id='word_1_119' title='bbox 431 1432 528 1493; x_wconf 84' lang='lat' dir='ltr'>divini</span> <span class='ocrx_word' id='word_1_120' title='bbox 553 1433 781 1496; x_wconf 81' lang='lat' dir='ltr'>humanitatem</span> <span class='ocrx_word' id='word_1_121' title='bbox 801 1436 856 1496; x_wconf 90' lang='lat' dir='ltr'>eli·</span> <span class='ocrx_word' id='word_1_122' title='bbox 904 1434 940 1497; x_wconf 84' lang='lat' dir='ltr'>de</span> <span class='ocrx_word' id='word_1_123' title='bbox 958 1434 1058 1496; x_wconf 81' lang='lat' dir='ltr'>Verbis</span> <span class='ocrx_word' id='word_1_124' title='bbox 1070 1435 1214 1516; x_wconf 76' lang='lat' dir='ltr'>Apostoli.</span> <span class='ocrx_word' id='word_1_125' title='bbox 1231 1439 1269 1497; x_wconf 90' lang='lat' dir='ltr'>In</span> <span class='ocrx_word' id='word_1_126' title='bbox 1289 1441 1435 1516; x_wconf 87' lang='lat' dir='ltr'>quotum</span> <span class='ocrx_word' id='word_1_127' title='bbox 1448 1433 1592 1494; x_wconf 89' lang='lat' dir='ltr'>universe</span> <span class='ocrx_word' id='word_1_128' title='bbox 1605 1448 1675 1491; x_wconf 88' lang='lat' dir='ltr'>cau-</span> 
     </span>
     <span class='ocr_line' id='line_1_13' title="bbox 99 1519 1676 1609; baseline 0.003 -30"><span class='ocrx_word' id='word_1_129' title='bbox 99 1519 166 1580; x_wconf 84' lang='lat' dir='ltr'>cnit:</span> <span class='ocrx_word' id='word_1_130' title='bbox 187 1520 269 1582; x_wconf 89' lang='lat' dir='ltr'>adeo</span> <span class='ocrx_word' id='word_1_131' title='bbox 283 1527 321 1582; x_wconf 87' lang='lat' dir='ltr'>nt</span> <span class='ocrx_word' id='word_1_132' title='bbox 346 1523 386 1584; x_wconf 87' lang='lat' dir='ltr'>ad</span> <span class='ocrx_word' id='word_1_133' title='bbox 405 1541 464 1584; x_wconf 90' lang='lat' dir='ltr'>nos</span> <span class='ocrx_word' id='word_1_134' title='bbox 484 1525 616 1603; x_wconf 85' lang='lat' dir='ltr'>veniret,</span> <span class='ocrx_word' id='word_1_135' title='bbox 640 1532 670 1588; x_wconf 91' lang='lat' dir='ltr'>et</span> <span class='ocrx_word' id='word_1_136' title='bbox 695 1533 857 1607; x_wconf 85' lang='lat' dir='ltr'>appareret</span> <span class='ocrx_word' id='word_1_137' title='bbox 906 1544 984 1603; x_wconf 88' lang='lat' dir='ltr'>sum,</span> <span class='ocrx_word' id='word_1_138' title='bbox 1000 1527 1160 1608; x_wconf 90' lang='lat' dir='ltr'>finemque</span> <span class='ocrx_word' id='word_1_139' title='bbox 1173 1529 1321 1609; x_wconf 88' lang='lat' dir='ltr'>proponit</span> <span class='ocrx_word' id='word_1_140' title='bbox 1331 1524 1676 1603; x_wconf 87' lang='lat' dir='ltr'>incarnationis,pecoa·</span> 
     </span>
     <span class='ocr_line' id='line_1_14' title="bbox 98 1610 1676 1699; baseline 0.002 -27"><span class='ocrx_word' id='word_1_141' title='bbox 98 1611 165 1672; x_wconf 88' lang='lat' dir='ltr'>inter</span> <span class='ocrx_word' id='word_1_142' title='bbox 175 1612 324 1675; x_wconf 88' lang='lat' dir='ltr'>homines</span> <span class='ocrx_word' id='word_1_143' title='bbox 335 1616 497 1677; x_wconf 87' lang='lat' dir='ltr'>Dominus.</span> <span class='ocrx_word' id='word_1_144' title='bbox 514 1617 603 1679; x_wconf 89' lang='lat' dir='ltr'>Illius</span> <span class='ocrx_word' id='word_1_145' title='bbox 615 1619 699 1680; x_wconf 90' lang='lat' dir='ltr'>enim</span> <span class='ocrx_word' id='word_1_146' title='bbox 712 1610 862 1699; x_wconf 71' lang='lat' dir='ltr'>incorpo·&#39;</span> <span class='ocrx_word' id='word_1_147' title='bbox 905 1626 1010 1682; x_wconf 92' lang='lat' dir='ltr'>torum</span> <span class='ocrx_word' id='word_1_148' title='bbox 1040 1620 1189 1682; x_wconf 88' lang='lat' dir='ltr'>salutem:</span> <span class='ocrx_word' id='word_1_149' title='bbox 1220 1627 1290 1681; x_wconf 92' lang='lat' dir='ltr'>tum</span> <span class='ocrx_word' id='word_1_150' title='bbox 1317 1618 1496 1699; x_wconf 84' lang='lat' dir='ltr'>originalis,</span> <span class='ocrx_word' id='word_1_151' title='bbox 1520 1616 1615 1677; x_wconf 89' lang='lat' dir='ltr'>ctiam</span> <span class='ocrx_word' id='word_1_152' title='bbox 1641 1615 1676 1675; x_wconf 90' lang='lat' dir='ltr'>in</span> 
     </span>
     <span class='ocr_line' id='line_1_15' title="bbox 99 1704 1674 1793; baseline 0.003 -30"><span class='ocrx_word' id='word_1_153' title='bbox 99 1704 212 1764; x_wconf 82' lang='lat' dir='ltr'>rationis</span> <span class='ocrx_word' id='word_1_154' title='bbox 225 1723 286 1765; x_wconf 89' lang='lat' dir='ltr'>nos</span> <span class='ocrx_word' id='word_1_155' title='bbox 300 1724 428 1768; x_wconf 89' lang='lat' dir='ltr'>causam</span> <span class='ocrx_word' id='word_1_156' title='bbox 442 1708 606 1771; x_wconf 71' lang='lat' dir='ltr'>dedimusi.</span> <span class='ocrx_word' id='word_1_157' title='bbox 619 1736 633 1765; x_wconf 71' lang='grc' dir='ltr'>ι</span> <span class='ocrx_word' id='word_1_158' title='bbox 904 1711 1058 1792; x_wconf 81' lang='lat' dir='ltr'>parvulis,</span> <span class='ocrx_word' id='word_1_159' title='bbox 1080 1713 1179 1793; x_wconf 79' lang='lat' dir='ltr'>culpoe</span> <span class='ocrx_word' id='word_1_160' title='bbox 1202 1713 1426 1774; x_wconf 90' lang='lat' dir='ltr'>remissionem.</span> <span class='ocrx_word' id='word_1_161' title='bbox 1455 1732 1470 1767; x_wconf 86' lang='grc' dir='ltr'>ιι</span> <span class='ocrx_word' id='word_1_162' title='bbox 1493 1707 1652 1770; x_wconf 79' lang='lat' dir='ltr'>Humanas</span> <span class='ocrx_word' id='word_1_163' title='bbox 1666 1752 1674 1783; x_wconf 99' lang='lat'>,</span> 
     </span>
    </p>

    <p class='ocr_par' dir='ltr' id='par_1_5' title="bbox 97 1795 1678 3167">
     <span class='ocr_line' id='line_1_16' title="bbox 130 1795 1675 1883; baseline 0.003 -28"><span class='ocrx_word' id='word_1_164' title='bbox 130 1795 175 1855; x_wconf 90' lang='lat' dir='ltr'>lV.</span> <span class='ocrx_word' id='word_1_165' title='bbox 197 1797 321 1857; x_wconf 89' lang='lat' dir='ltr'>Verum</span> <span class='ocrx_word' id='word_1_166' title='bbox 349 1798 479 1878; x_wconf 83' lang='lat' dir='ltr'>Cyrillus</span> <span class='ocrx_word' id='word_1_167' title='bbox 513 1801 742 1864; x_wconf 81' lang='lat' dir='ltr'>Alexandrinus</span> <span class='ocrx_word' id='word_1_168' title='bbox 765 1821 857 1882; x_wconf 85' lang='lat' dir='ltr'>gene·</span> <span class='ocrx_word' id='word_1_169' title='bbox 907 1801 1031 1883; x_wconf 65' lang='lat' dir='ltr'>inquiet,</span> <span class='ocrx_word' id='word_1_170' title='bbox 1042 1821 1145 1872; x_wconf 82' lang='lat' dir='ltr'>sermo,</span> <span class='ocrx_word' id='word_1_171' title='bbox 1160 1812 1187 1866; x_wconf 82' lang='lat' dir='ltr'>ct</span> <span class='ocrx_word' id='word_1_172' title='bbox 1201 1805 1281 1865; x_wconf 81' lang='lat' dir='ltr'>omui</span> <span class='ocrx_word' id='word_1_173' title='bbox 1295 1803 1462 1883; x_wconf 84' lang='lat' dir='ltr'>acceptioue</span> <span class='ocrx_word' id='word_1_174' title='bbox 1475 1799 1593 1880; x_wconf 71' lang='lat' dir='ltr'>diguus,</span> <span class='ocrx_word' id='word_1_175' title='bbox 1604 1797 1675 1879; x_wconf 83' lang='lat' dir='ltr'>quic</span> 
     </span>
     <span class='ocr_line' id='line_1_17' title="bbox 98 1886 1677 1975; baseline 0.003 -30"><span class='ocrx_word' id='word_1_176' title='bbox 98 1886 181 1946; x_wconf 84' lang='lat' dir='ltr'>ratem</span> <span class='ocrx_word' id='word_1_177' title='bbox 188 1887 277 1948; x_wconf 87' lang='lat' dir='ltr'>huno</span> <span class='ocrx_word' id='word_1_178' title='bbox 290 1887 428 1951; x_wconf 67' lang='lat' dir='ltr'>humum</span> <span class='ocrx_word' id='word_1_179' title='bbox 442 1890 600 1972; x_wconf 88' lang='lat' dir='ltr'>finemque</span> <span class='ocrx_word' id='word_1_180' title='bbox 615 1894 700 1954; x_wconf 90' lang='lat' dir='ltr'>missi</span> <span class='ocrx_word' id='word_1_181' title='bbox 714 1894 754 1954; x_wconf 90' lang='lat' dir='ltr'>ad</span> <span class='ocrx_word' id='word_1_182' title='bbox 767 1894 858 1954; x_wconf 86' lang='lat' dir='ltr'>auxi·</span> <span class='ocrx_word' id='word_1_183' title='bbox 910 1893 1130 1958; x_wconf 75' lang='lat' dir='ltr'>Clrr&#39;stuslcrus</span> <span class='ocrx_word' id='word_1_184' title='bbox 1139 1897 1214 1957; x_wconf 79' lang='lat' dir='ltr'>uertit</span> <span class='ocrx_word' id='word_1_185' title='bbox 1223 1899 1255 1956; x_wconf 84' lang='lat' dir='ltr'>in</span> <span class='ocrx_word' id='word_1_186' title='bbox 1264 1893 1403 1956; x_wconf 80' lang='lat' dir='ltr'>erundum</span> <span class='ocrx_word' id='word_1_187' title='bbox 1415 1890 1677 1975; x_wconf 80' lang='lat' dir='ltr'>pcccatorcssclcos</span> 
     </span>
     <span class='ocr_line' id='line_1_18' title="bbox 98 1975 1677 2067; baseline 0.003 -31"><span class='ocrx_word' id='word_1_188' title='bbox 98 1975 163 2038; x_wconf 88' lang='lat' dir='ltr'>lium</span> <span class='ocrx_word' id='word_1_189' title='bbox 200 1985 350 2042; x_wconf 86' lang='lat' dir='ltr'>nostrum</span> <span class='ocrx_word' id='word_1_190' title='bbox 387 1983 542 2062; x_wconf 84' lang='lat' dir='ltr'>Unigeniti</span> <span class='ocrx_word' id='word_1_191' title='bbox 577 1985 650 2058; x_wconf 89' lang='lat' dir='ltr'>filii,</span> <span class='ocrx_word' id='word_1_192' title='bbox 686 1986 858 2047; x_wconf 88' lang='lat' dir='ltr'>distinctius</span> <span class='ocrx_word' id='word_1_193' title='bbox 906 1985 1023 2066; x_wconf 52' lang='lat' dir='ltr'>fucere·</span> <span class='ocrx_word' id='word_1_194' title='bbox 1051 2005 1192 2067; x_wconf 85' lang='lat' dir='ltr'>magnos,</span> <span class='ocrx_word' id='word_1_195' title='bbox 1222 1988 1361 2067; x_wconf 89' lang='lat' dir='ltr'>pusillos,</span> <span class='ocrx_word' id='word_1_196' title='bbox 1382 1990 1557 2066; x_wconf 57' lang='lat' dir='ltr'>moratores</span> <span class='ocrx_word' id='word_1_197' title='bbox 1577 1981 1677 2043; x_wconf 83' lang='lat' dir='ltr'>salvos</span> 
     </span>
     <span class='ocr_line' id='line_1_19' title="bbox 98 2073 1677 2158; baseline 0.001 -26"><span class='ocrx_word' id='word_1_198' title='bbox 98 2077 217 2133; x_wconf 75' lang='lat' dir='ltr'>narrat.</span> <span class='ocrx_word' id='word_1_199' title='bbox 243 2073 401 2152; x_wconf 83' lang='lat' dir='ltr'>Imprimis</span> <span class='ocrx_word' id='word_1_200' title='bbox 425 2096 441 2132; x_wconf 86' lang='grc' dir='ltr'>α</span> <span class='ocrx_word' id='word_1_201' title='bbox 459 2094 555 2137; x_wconf 89' lang='lat' dir='ltr'>unam</span> <span class='ocrx_word' id='word_1_202' title='bbox 569 2083 600 2138; x_wconf 89' lang='lat' dir='ltr'>et</span> <span class='ocrx_word' id='word_1_203' title='bbox 614 2078 749 2140; x_wconf 84' lang='lat' dir='ltr'>maxime</span> <span class='ocrx_word' id='word_1_204' title='bbox 766 2096 859 2157; x_wconf 85' lang='lat' dir='ltr'>gene-</span> <span class='ocrx_word' id='word_1_205' title='bbox 906 2077 1017 2140; x_wconf 85' lang='lat' dir='ltr'>facere.</span> <span class='ocrx_word' id='word_1_206' title='bbox 1029 2100 1044 2136; x_wconf 82' lang='lat' dir='ltr'>o</span> <span class='ocrx_word' id='word_1_207' title='bbox 1054 2081 1129 2140; x_wconf 84' lang='lat' dir='ltr'>Mox</span> <span class='ocrx_word' id='word_1_208' title='bbox 1136 2080 1175 2141; x_wconf 88' lang='lat' dir='ltr'>de</span> <span class='ocrx_word' id='word_1_209' title='bbox 1186 2079 1358 2140; x_wconf 84' lang='lat' dir='ltr'>infantibus</span> <span class='ocrx_word' id='word_1_210' title='bbox 1367 2078 1409 2139; x_wconf 86' lang='lat' dir='ltr'>ita</span> <span class='ocrx_word' id='word_1_211' title='bbox 1418 2076 1550 2158; x_wconf 85' lang='lat' dir='ltr'>pertexit</span> <span class='ocrx_word' id='word_1_212' title='bbox 1564 2094 1570 2135; x_wconf 94' lang='lat'><strong>:</strong></span> <span class='ocrx_word' id='word_1_213' title='bbox 1590 2093 1605 2130; x_wconf 90' lang='grc' dir='ltr'>ιι</span> <span class='ocrx_word' id='word_1_214' title='bbox 1618 2073 1677 2147; x_wconf 83' lang='lat' dir='ltr'>Qui</span> 
     </span>
     <span class='ocr_line' id='line_1_20' title="bbox 98 2161 1677 2249; baseline 0.002 -28"><span class='ocrx_word' id='word_1_215' title='bbox 98 2161 182 2223; x_wconf 86' lang='lat' dir='ltr'>ratem</span> <span class='ocrx_word' id='word_1_216' title='bbox 220 2165 446 2226; x_wconf 72' lang='lat' dir='ltr'>incarnationis</span> <span class='ocrx_word' id='word_1_217' title='bbox 480 2186 603 2229; x_wconf 87' lang='lat' dir='ltr'>causam</span> <span class='ocrx_word' id='word_1_218' title='bbox 637 2168 676 2229; x_wconf 90' lang='lat' dir='ltr'>ab</span> <span class='ocrx_word' id='word_1_219' title='bbox 709 2169 857 2249; x_wconf 80' lang='lat' dir='ltr'>Apostrlo</span> <span class='ocrx_word' id='word_1_220' title='bbox 907 2169 980 2230; x_wconf 88' lang='lat' dir='ltr'>dicit</span> <span class='ocrx_word' id='word_1_221' title='bbox 1001 2170 1174 2232; x_wconf 82' lang='lat' dir='ltr'>infantilem</span> <span class='ocrx_word' id='word_1_222' title='bbox 1202 2176 1326 2232; x_wconf 76' lang='lat' dir='ltr'>aetatem</span> <span class='ocrx_word' id='word_1_223' title='bbox 1355 2189 1420 2231; x_wconf 91' lang='lat' dir='ltr'>non</span> <span class='ocrx_word' id='word_1_224' title='bbox 1452 2167 1567 2230; x_wconf 88' lang='lat' dir='ltr'>habere</span> <span class='ocrx_word' id='word_1_225' title='bbox 1592 2164 1677 2245; x_wconf 91' lang='lat' dir='ltr'>quod</span> 
     </span>
     <span class='ocr_line' id='line_1_21' title="bbox 97 2253 1677 2339; baseline 0.002 -26"><span class='ocrx_word' id='word_1_226' title='bbox 97 2253 410 2318; x_wconf 88' lang='lat' dir='ltr'>Paulotraditamesse</span> <span class='ocrx_word' id='word_1_227' title='bbox 422 2259 537 2336; x_wconf 84' lang='lat' dir='ltr'>scribit,</span> <span class='ocrx_word' id='word_1_228' title='bbox 550 2278 620 2321; x_wconf 89' lang='lat' dir='ltr'>cum</span> <span class='ocrx_word' id='word_1_229' title='bbox 631 2258 857 2334; x_wconf 87' lang='lat' dir='ltr'>ait¹,Placuisse</span> <span class='ocrx_word' id='word_1_230' title='bbox 907 2262 1006 2327; x_wconf 82' lang='lat' dir='ltr'>salvet</span> <span class='ocrx_word' id='word_1_231' title='bbox 1032 2262 1143 2339; x_wconf 79' lang='lat' dir='ltr'>iesus,</span> <span class='ocrx_word' id='word_1_232' title='bbox 1166 2264 1312 2323; x_wconf 90' lang='lat' dir='ltr'>omnibus</span> <span class='ocrx_word' id='word_1_233' title='bbox 1338 2261 1481 2324; x_wconf 87' lang='lat' dir='ltr'>fidelibus</span> <span class='ocrx_word' id='word_1_234' title='bbox 1506 2256 1677 2319; x_wconf 88' lang='lat' dir='ltr'>iniantibus</span> 
     </span>
     <span class='ocr_line' id='line_1_22' title="bbox 99 2344 1675 2431; baseline 0.002 -26"><span class='ocrx_word' id='word_1_235' title='bbox 99 2344 178 2421; x_wconf 88' lang='lat' dir='ltr'>Deo,</span> <span class='ocrx_word' id='word_1_236' title='bbox 192 2351 223 2407; x_wconf 85' lang='lat' dir='ltr'>et</span> <span class='ocrx_word' id='word_1_237' title='bbox 232 2346 312 2408; x_wconf 83' lang='lat' dir='ltr'>Patri</span> <span class='ocrx_word' id='word_1_238' title='bbox 325 2348 499 2411; x_wconf 88' lang='lat' dir='ltr'>instaurare</span> <span class='ocrx_word' id='word_1_239' title='bbox 513 2352 619 2413; x_wconf 89' lang='lat' dir='ltr'>omnia</span> <span class='ocrx_word' id='word_1_240' title='bbox 635 2352 668 2413; x_wconf 88' lang='lat' dir='ltr'>in</span> <span class='ocrx_word' id='word_1_241' title='bbox 678 2353 824 2415; x_wconf 63' lang='lat' dir='ltr'>curetur.</span> <span class='ocrx_word' id='word_1_242' title='bbox 838 2373 854 2411; x_wconf 77' lang='grc' dir='ltr'>ιι</span> <span class='ocrx_word' id='word_1_243' title='bbox 907 2352 1064 2413; x_wconf 81' lang='lat' dir='ltr'>Christum</span> <span class='ocrx_word' id='word_1_244' title='bbox 1072 2359 1165 2431; x_wconf 82' lang='lat' dir='ltr'>negat</span> <span class='ocrx_word' id='word_1_245' title='bbox 1178 2355 1367 2415; x_wconf 90' lang='lat' dir='ltr'>esseJesum.</span> <span class='ocrx_word' id='word_1_246' title='bbox 1380 2350 1675 2429; x_wconf 85' lang='lat' dir='ltr'>Quidicit,inquam,</span> 
     </span>
     <span class='ocr_line' id='line_1_23' title="bbox 98 2437 1678 2523; baseline 0.002 -26"><span class='ocrx_word' id='word_1_247' title='bbox 98 2437 206 2498; x_wconf 69' lang='lat' dir='ltr'>hunde</span> <span class='ocrx_word' id='word_1_248' title='bbox 218 2439 450 2501; x_wconf 88' lang='lat' dir='ltr'>instaurationis</span> <span class='ocrx_word' id='word_1_249' title='bbox 459 2442 663 2504; x_wconf 84' lang='lat' dir='ltr'>istiusmodos</span> <span class='ocrx_word' id='word_1_250' title='bbox 676 2442 857 2519; x_wconf 78' lang='lat' dir='ltr'>singillatim</span> <span class='ocrx_word' id='word_1_251' title='bbox 906 2443 1081 2506; x_wconf 87' lang='lat' dir='ltr'>infantilem</span> <span class='ocrx_word' id='word_1_252' title='bbox 1101 2450 1224 2507; x_wconf 77' lang='lat' dir='ltr'>atatem</span> <span class='ocrx_word' id='word_1_253' title='bbox 1250 2464 1314 2507; x_wconf 91' lang='lat' dir='ltr'>non</span> <span class='ocrx_word' id='word_1_254' title='bbox 1340 2445 1455 2507; x_wconf 86' lang='lat' dir='ltr'>babere</span> <span class='ocrx_word' id='word_1_255' title='bbox 1481 2442 1565 2523; x_wconf 88' lang='lat' dir='ltr'>quod</span> <span class='ocrx_word' id='word_1_256' title='bbox 1582 2441 1678 2501; x_wconf 89' lang='lat' dir='ltr'>salvet</span> 
     </span>
     <span class='ocr_line' id='line_1_24' title="bbox 98 2526 1677 2616; baseline 0.004 -29"><span class='ocrx_word' id='word_1_257' title='bbox 98 2526 241 2590; x_wconf 86' lang='lat' dir='ltr'>abeodem</span> <span class='ocrx_word' id='word_1_258' title='bbox 254 2531 405 2611; x_wconf 86' lang='lat' dir='ltr'>Apostolo</span> <span class='ocrx_word' id='word_1_259' title='bbox 416 2536 590 2614; x_wconf 76' lang='lat' dir='ltr'>proposItos</span> <span class='ocrx_word' id='word_1_260' title='bbox 603 2534 756 2596; x_wconf 82' lang='lat' dir='ltr'>trifariam</span> <span class='ocrx_word' id='word_1_261' title='bbox 765 2536 859 2615; x_wconf 88' lang='lat' dir='ltr'>parti-</span> <span class='ocrx_word' id='word_1_262' title='bbox 906 2537 996 2598; x_wconf 90' lang='lat' dir='ltr'>Jesus</span> <span class='ocrx_word' id='word_1_263' title='bbox 1008 2538 1042 2598; x_wconf 92' lang='lat' dir='ltr'>in</span> <span class='ocrx_word' id='word_1_264' title='bbox 1054 2555 1102 2614; x_wconf 89' lang='lat' dir='ltr'>ea,</span> <span class='ocrx_word' id='word_1_265' title='bbox 1118 2538 1197 2599; x_wconf 92' lang='lat' dir='ltr'>nihil</span> <span class='ocrx_word' id='word_1_266' title='bbox 1210 2538 1294 2599; x_wconf 87' lang='lat' dir='ltr'>aliud</span> <span class='ocrx_word' id='word_1_267' title='bbox 1307 2537 1392 2611; x_wconf 91' lang='lat' dir='ltr'>dicit,</span> <span class='ocrx_word' id='word_1_268' title='bbox 1413 2554 1509 2616; x_wconf 90' lang='lat' dir='ltr'>quam</span> <span class='ocrx_word' id='word_1_269' title='bbox 1521 2534 1677 2595; x_wconf 74' lang='lat' dir='ltr'>Christum</span> 
     </span>
     <span class='ocr_line' id='line_1_25' title="bbox 98 2622 1678 2706; baseline 0.003 -26"><span class='ocrx_word' id='word_1_270' title='bbox 98 2625 151 2681; x_wconf 83' lang='lat' dir='ltr'>tur.</span> <span class='ocrx_word' id='word_1_271' title='bbox 165 2622 242 2683; x_wconf 90' lang='lat' dir='ltr'>Nam</span> <span class='ocrx_word' id='word_1_272' title='bbox 265 2630 298 2683; x_wconf 89' lang='lat' dir='ltr'>et</span> <span class='ocrx_word' id='word_1_273' title='bbox 320 2625 435 2703; x_wconf 72' lang='lat' dir='ltr'>peccati</span> <span class='ocrx_word' id='word_1_274' title='bbox 460 2625 639 2699; x_wconf 87' lang='lat' dir='ltr'>damnandi,</span> <span class='ocrx_word' id='word_1_275' title='bbox 670 2627 857 2706; x_wconf 85' lang='lat' dir='ltr'>extingucn-</span> <span class='ocrx_word' id='word_1_276' title='bbox 907 2629 1077 2689; x_wconf 90' lang='lat' dir='ltr'>Dominum</span> <span class='ocrx_word' id='word_1_277' title='bbox 1101 2629 1244 2690; x_wconf 87' lang='lat' dir='ltr'>fidelibus</span> <span class='ocrx_word' id='word_1_278' title='bbox 1277 2628 1468 2703; x_wconf 86' lang='lat' dir='ltr'>infantibus,</span> <span class='ocrx_word' id='word_1_279' title='bbox 1505 2627 1536 2688; x_wconf 92' lang='lat' dir='ltr'>id</span> <span class='ocrx_word' id='word_1_280' title='bbox 1567 2631 1614 2686; x_wconf 87' lang='lat' dir='ltr'>est</span> <span class='ocrx_word' id='word_1_281' title='bbox 1643 2627 1678 2685; x_wconf 92' lang='lat' dir='ltr'>in</span> 
     </span>
     <span class='ocr_line' id='line_1_26' title="bbox 99 2710 1674 2800; baseline 0.002 -27"><span class='ocrx_word' id='word_1_282' title='bbox 99 2710 179 2791; x_wconf 87' lang='lat' dir='ltr'>dique</span> <span class='ocrx_word' id='word_1_283' title='bbox 202 2714 304 2791; x_wconf 87' lang='lat' dir='ltr'>gratia</span> <span class='ocrx_word' id='word_1_284' title='bbox 336 2714 456 2777; x_wconf 74' lang='lat' dir='ltr'>venisse</span> <span class='ocrx_word' id='word_1_285' title='bbox 491 2717 665 2793; x_wconf 83' lang='lat' dir='ltr'>Christum,</span> <span class='ocrx_word' id='word_1_286' title='bbox 694 2736 733 2779; x_wconf 86' lang='lat' dir='ltr'>cx</span> <span class='ocrx_word' id='word_1_287' title='bbox 759 2719 858 2796; x_wconf 90' lang='lat' dir='ltr'>capite</span> <span class='ocrx_word' id='word_1_288' title='bbox 907 2719 1026 2781; x_wconf 82' lang='lat' dir='ltr'>Christo</span> <span class='ocrx_word' id='word_1_289' title='bbox 1042 2720 1201 2800; x_wconf 83' lang='lat' dir='ltr'>baptizatis</span> <span class='ocrx_word' id='word_1_290' title='bbox 1214 2720 1384 2782; x_wconf 89' lang='lat' dir='ltr'>infantibus</span> <span class='ocrx_word' id='word_1_291' title='bbox 1398 2738 1462 2781; x_wconf 91' lang='lat' dir='ltr'>non</span> <span class='ocrx_word' id='word_1_292' title='bbox 1476 2736 1541 2779; x_wconf 89' lang='lat' dir='ltr'>esse</span> <span class='ocrx_word' id='word_1_293' title='bbox 1554 2718 1674 2778; x_wconf 88' lang='lat' dir='ltr'>Jesum.</span> 
     </span>
     <span class='ocr_line' id='line_1_27' title="bbox 99 2806 1673 2892; baseline 0.003 -29"><span class='ocrx_word' id='word_1_294' title='bbox 99 2809 194 2866; x_wconf 75' lang='lat' dir='ltr'>octavo</span> <span class='ocrx_word' id='word_1_295' title='bbox 227 2806 366 2885; x_wconf 80' lang='lat' dir='ltr'>epistulas</span> <span class='ocrx_word' id='word_1_296' title='bbox 404 2806 445 2868; x_wconf 74' lang='lat' dir='ltr'>act</span> <span class='ocrx_word' id='word_1_297' title='bbox 476 2808 621 2871; x_wconf 80' lang='lat' dir='ltr'>Romanos</span> <span class='ocrx_word' id='word_1_298' title='bbox 646 2810 856 2872; x_wconf 87' lang='lat' dir='ltr'>demonstrat:</span> <span class='ocrx_word' id='word_1_299' title='bbox 906 2811 994 2872; x_wconf 84' lang='lat' dir='ltr'>lesus</span> <span class='ocrx_word' id='word_1_300' title='bbox 1020 2813 1104 2872; x_wconf 91' lang='lat' dir='ltr'>enim</span> <span class='ocrx_word' id='word_1_301' title='bbox 1132 2812 1294 2892; x_wconf 86' lang='lat' dir='ltr'>quidest?</span> <span class='ocrx_word' id='word_1_302' title='bbox 1320 2815 1543 2891; x_wconf 84' lang='lat' dir='ltr'>Interpretatur</span> <span class='ocrx_word' id='word_1_303' title='bbox 1569 2809 1673 2880; x_wconf 90' lang='lat' dir='ltr'>Jesus,</span> 
     </span>
     <span class='ocr_line' id='line_1_28' title="bbox 99 2897 1676 2981; baseline 0.002 -22"><span class='ocrx_word' id='word_1_304' title='bbox 99 2897 292 2975; x_wconf 85' lang='lat' dir='ltr'>quemlocum</span> <span class='ocrx_word' id='word_1_305' title='bbox 303 2901 397 2979; x_wconf 87' lang='lat' dir='ltr'>paulo</span> <span class='ocrx_word' id='word_1_306' title='bbox 408 2905 480 2961; x_wconf 85' lang='lat' dir='ltr'>ante</span> <span class='ocrx_word' id='word_1_307' title='bbox 489 2902 859 2981; x_wconf 79' lang='lat' dir='ltr'>posuimuszeteumdem</span> <span class='ocrx_word' id='word_1_308' title='bbox 909 2902 1062 2965; x_wconf 81' lang='lat' dir='ltr'>Salvator.</span> <span class='ocrx_word' id='word_1_309' title='bbox 1074 2905 1214 2966; x_wconf 84' lang='lat' dir='ltr'>Salvator</span> <span class='ocrx_word' id='word_1_310' title='bbox 1234 2910 1280 2966; x_wconf 88' lang='lat' dir='ltr'>est</span> <span class='ocrx_word' id='word_1_311' title='bbox 1291 2905 1393 2965; x_wconf 79' lang='lat' dir='ltr'>iesus.</span> <span class='ocrx_word' id='word_1_312' title='bbox 1409 2904 1493 2977; x_wconf 85' lang='lat' dir='ltr'>Quos</span> <span class='ocrx_word' id='word_1_313' title='bbox 1501 2919 1566 2962; x_wconf 90' lang='lat' dir='ltr'>non</span> <span class='ocrx_word' id='word_1_314' title='bbox 1577 2900 1676 2962; x_wconf 88' lang='lat' dir='ltr'>salvat</span> 
     </span>
     <span class='ocr_line' id='line_1_29' title="bbox 99 2990 1677 3077; baseline 0.002 -27"><span class='ocrx_word' id='word_1_315' title='bbox 99 2990 310 3052; x_wconf 75' lang='lat' dir='ltr'>mmmcmcusse</span> <span class='ocrx_word' id='word_1_316' title='bbox 321 2993 409 3054; x_wconf 78' lang='lat' dir='ltr'>corui</span> <span class='ocrx_word' id='word_1_317' title='bbox 424 3010 460 3053; x_wconf 83' lang='lat' dir='ltr'>ae</span> <span class='ocrx_word' id='word_1_318' title='bbox 482 2993 634 3074; x_wconf 72' lang='lat' dir='ltr'>conquiri,</span> <span class='ocrx_word' id='word_1_319' title='bbox 664 3001 697 3054; x_wconf 85' lang='lat' dir='ltr'>ut</span> <span class='ocrx_word' id='word_1_320' title='bbox 710 3012 765 3074; x_wconf 85' lang='lat' dir='ltr'>per</span> <span class='ocrx_word' id='word_1_321' title='bbox 776 3013 859 3056; x_wconf 88' lang='lat' dir='ltr'>mor·</span> <span class='ocrx_word' id='word_1_322' title='bbox 906 3014 971 3057; x_wconf 92' lang='lat' dir='ltr'>non</span> <span class='ocrx_word' id='word_1_323' title='bbox 985 2996 1128 3058; x_wconf 87' lang='lat' dir='ltr'>habendo</span> <span class='ocrx_word' id='word_1_324' title='bbox 1144 2996 1227 3077; x_wconf 87' lang='lat' dir='ltr'>quod</span> <span class='ocrx_word' id='word_1_325' title='bbox 1241 2997 1276 3058; x_wconf 90' lang='lat' dir='ltr'>in</span> <span class='ocrx_word' id='word_1_326' title='bbox 1290 2996 1333 3058; x_wconf 89' lang='lat' dir='ltr'>eis</span> <span class='ocrx_word' id='word_1_327' title='bbox 1354 2995 1461 3069; x_wconf 88' lang='lat' dir='ltr'>salvet,</span> <span class='ocrx_word' id='word_1_328' title='bbox 1478 3012 1543 3054; x_wconf 94' lang='lat' dir='ltr'>non</span> <span class='ocrx_word' id='word_1_329' title='bbox 1555 2997 1602 3054; x_wconf 89' lang='lat' dir='ltr'>est</span> <span class='ocrx_word' id='word_1_330' title='bbox 1614 2993 1677 3054; x_wconf 91' lang='lat' dir='ltr'>illis</span> 
     </span>
     <span class='ocr_line' id='line_1_30' title="bbox 99 3080 1039 3167; baseline 0.005 -26"><span class='ocrx_word' id='word_1_331' title='bbox 99 3088 146 3141; x_wconf 79' lang='lat' dir='ltr'>teo</span> <span class='ocrx_word' id='word_1_332' title='bbox 161 3080 318 3144; x_wconf 77' lang='lat' dir='ltr'>destrueret</span> <span class='ocrx_word' id='word_1_333' title='bbox 334 3103 411 3160; x_wconf 83' lang='lat' dir='ltr'>eum,</span> <span class='ocrx_word' id='word_1_334' title='bbox 440 3084 495 3165; x_wconf 81' lang='lat' dir='ltr'>qui</span> <span class='ocrx_word' id='word_1_335' title='bbox 507 3084 629 3147; x_wconf 81' lang='lat' dir='ltr'>lubcbct</span> <span class='ocrx_word' id='word_1_336' title='bbox 643 3090 748 3147; x_wconf 84' lang='lat' dir='ltr'>mortis</span> <span class='ocrx_word' id='word_1_337' title='bbox 761 3086 857 3167; x_wconf 82' lang='lat' dir='ltr'>impe·</span> <span class='ocrx_word' id='word_1_338' title='bbox 906 3089 1007 3149; x_wconf 86' lang='lat' dir='ltr'>lesus.</span> <span class='ocrx_word' id='word_1_339' title='bbox 1022 3110 1039 3146; x_wconf 81' lang='grc' dir='ltr'>ι)</span> 
     </span>
    </p>

    <p class='ocr_par' dir='ltr' id='par_1_6' title="bbox 15 3174 1678 3441">
     <span class='ocr_line' id='line_1_31' title="bbox 15 3174 1678 3260; baseline 0.003 -28"><span class='ocrx_word' id='word_1_340' title='bbox 15 3220 17 3245; x_wconf 44' lang='grc'>;</span> <span class='ocrx_word' id='word_1_341' title='bbox 100 3174 526 3245; x_wconf 73' lang='lat' dir='ltr'>nhm,icestdrbbotum²:et</span> <span class='ocrx_word' id='word_1_342' title='bbox 546 3177 727 3259; x_wconf 78' lang='lat' dir='ltr'>inproprie</span> <span class='ocrx_word' id='word_1_343' title='bbox 750 3178 859 3239; x_wconf 82' lang='lat' dir='ltr'>venisse</span> <span class='ocrx_word' id='word_1_344' title='bbox 946 3179 1071 3258; x_wconf 77' lang='lat' dir='ltr'>Agitde</span> <span class='ocrx_word' id='word_1_345' title='bbox 1095 3180 1156 3241; x_wconf 91' lang='lat' dir='ltr'>hoo</span> <span class='ocrx_word' id='word_1_346' title='bbox 1176 3188 1362 3260; x_wconf 85' lang='lat' dir='ltr'>argumento</span> <span class='ocrx_word' id='word_1_347' title='bbox 1376 3180 1438 3241; x_wconf 83' lang='lat' dir='ltr'>late</span> <span class='ocrx_word' id='word_1_348' title='bbox 1458 3179 1542 3240; x_wconf 91' lang='lat' dir='ltr'>idem</span> <span class='ocrx_word' id='word_1_349' title='bbox 1556 3178 1678 3257; x_wconf 76' lang='lat' dir='ltr'>dugrrs·</span> 
     </span>
     <span class='ocr_line' id='line_1_32' title="bbox 100 3261 1674 3352; baseline 0.001 -24"><span class='ocrx_word' id='word_1_350' title='bbox 100 3261 221 3346; x_wconf 60' lang='lat' dir='ltr'>daque,</span> <span class='ocrx_word' id='word_1_351' title='bbox 260 3275 293 3327; x_wconf 79' lang='lat' dir='ltr'>ut</span> <span class='ocrx_word' id='word_1_352' title='bbox 317 3269 373 3348; x_wconf 71' lang='lat' dir='ltr'>qui</span> <span class='ocrx_word' id='word_1_353' title='bbox 397 3286 464 3330; x_wconf 85' lang='lat' dir='ltr'>eum</span> <span class='ocrx_word' id='word_1_354' title='bbox 482 3268 664 3349; x_wconf 72' lang='lat' dir='ltr'>reciperent,</span> <span class='ocrx_word' id='word_1_355' title='bbox 686 3274 858 3352; x_wconf 82' lang='lat' dir='ltr'>potestatem</span> <span class='ocrx_word' id='word_1_356' title='bbox 907 3273 993 3332; x_wconf 90' lang='lat' dir='ltr'>tinus</span> <span class='ocrx_word' id='word_1_357' title='bbox 1004 3272 1039 3331; x_wconf 91' lang='lat' dir='ltr'>in</span> <span class='ocrx_word' id='word_1_358' title='bbox 1052 3270 1183 3349; x_wconf 89' lang='lat' dir='ltr'>epistola</span> <span class='ocrx_word' id='word_1_359' title='bbox 1201 3289 1300 3333; x_wconf 75' lang='lat' dir='ltr'>cxxix</span> <span class='ocrx_word' id='word_1_360' title='bbox 1322 3276 1354 3333; x_wconf 88' lang='lat' dir='ltr'>et</span> <span class='ocrx_word' id='word_1_361' title='bbox 1374 3288 1424 3345; x_wconf 79' lang='lat' dir='ltr'>cr,</span> <span class='ocrx_word' id='word_1_362' title='bbox 1449 3276 1481 3332; x_wconf 88' lang='lat' dir='ltr'>et</span> <span class='ocrx_word' id='word_1_363' title='bbox 1498 3271 1580 3331; x_wconf 89' lang='lat' dir='ltr'>inter</span> <span class='ocrx_word' id='word_1_364' title='bbox 1594 3270 1674 3331; x_wconf 84' lang='lat' dir='ltr'>alia:</span> 
     </span>
     <span class='ocr_line' id='line_1_33' title="bbox 100 3353 1678 3441; baseline 0.003 -23"><span class='ocrx_word' id='word_1_365' title='bbox 100 3353 226 3418; x_wconf 77' lang='lat' dir='ltr'>lederent</span> <span class='ocrx_word' id='word_1_366' title='bbox 237 3359 322 3436; x_wconf 78' lang='lat' dir='ltr'>filios</span> <span class='ocrx_word' id='word_1_367' title='bbox 334 3358 392 3420; x_wconf 86' lang='lat' dir='ltr'>Dei</span> <span class='ocrx_word' id='word_1_368' title='bbox 397 3358 494 3441; x_wconf 59' lang='lat' dir='ltr'>ficri.</span> <span class='ocrx_word' id='word_1_369' title='bbox 911 3384 926 3422; x_wconf 89' lang='grc' dir='ltr'>ιι</span> <span class='ocrx_word' id='word_1_370' title='bbox 940 3363 1061 3437; x_wconf 91' lang='lat' dir='ltr'>Sinant,</span> <span class='ocrx_word' id='word_1_371' title='bbox 1074 3362 1176 3441; x_wconf 88' lang='lat' dir='ltr'>inquit</span> <span class='ocrx_word' id='word_1_372' title='bbox 1185 3361 1208 3440; x_wconf 84' lang='lat'>⁸,</span> <span class='ocrx_word' id='word_1_373' title='bbox 1224 3362 1325 3424; x_wconf 86' lang='lat' dir='ltr'>filium</span> <span class='ocrx_word' id='word_1_374' title='bbox 1338 3362 1476 3423; x_wconf 89' lang='lat' dir='ltr'>hominis</span> <span class='ocrx_word' id='word_1_375' title='bbox 1493 3361 1527 3421; x_wconf 94' lang='lat' dir='ltr'>in</span> <span class='ocrx_word' id='word_1_376' title='bbox 1540 3360 1678 3439; x_wconf 87' lang='lat' dir='ltr'>qualibet</span> 
     </span>
    </p>

    <p class='ocr_par' dir='ltr' id='par_1_7' title="bbox 101 3449 1677 3991">
     <span class='ocr_line' id='line_1_34' title="bbox 134 3449 1675 3535; baseline 0.003 -26"><span class='ocrx_word' id='word_1_377' title='bbox 134 3449 425 3530; x_wconf 83' lang='lat' dir='ltr'>Quoenyrilliloco</span> <span class='ocrx_word' id='word_1_378' title='bbox 433 3451 496 3512; x_wconf 92' lang='lat' dir='ltr'>duo</span> <span class='ocrx_word' id='word_1_379' title='bbox 510 3451 721 3513; x_wconf 86' lang='lat' dir='ltr'>conficiuntur</span> <span class='ocrx_word' id='word_1_380' title='bbox 732 3471 870 3535; x_wconf 86' lang='lat' dir='ltr'>genera,</span> <span class='ocrx_word' id='word_1_381' title='bbox 908 3459 996 3514; x_wconf 79' lang='lat' dir='ltr'>astate</span> <span class='ocrx_word' id='word_1_382' title='bbox 1019 3471 1169 3533; x_wconf 84' lang='lat' dir='ltr'>quaerere,</span> <span class='ocrx_word' id='word_1_383' title='bbox 1195 3459 1227 3514; x_wconf 89' lang='lat' dir='ltr'>et</span> <span class='ocrx_word' id='word_1_384' title='bbox 1249 3454 1370 3515; x_wconf 87' lang='lat' dir='ltr'>salvum</span> <span class='ocrx_word' id='word_1_385' title='bbox 1393 3453 1493 3514; x_wconf 86' lang='lat' dir='ltr'>iacere</span> <span class='ocrx_word' id='word_1_386' title='bbox 1514 3453 1599 3532; x_wconf 91' lang='lat' dir='ltr'>quod</span> <span class='ocrx_word' id='word_1_387' title='bbox 1621 3470 1675 3532; x_wconf 90' lang='lat' dir='ltr'>pe·</span> 
     </span>
     <span class='ocr_line' id='line_1_35' title="bbox 101 3542 1677 3627; baseline 0.003 -28"><span class='ocrx_word' id='word_1_388' title='bbox 101 3544 129 3599; x_wconf 86' lang='lat' dir='ltr'>et</span> <span class='ocrx_word' id='word_1_389' title='bbox 149 3542 232 3619; x_wconf 89' lang='lat' dir='ltr'>quasi</span> <span class='ocrx_word' id='word_1_390' title='bbox 254 3542 358 3622; x_wconf 89' lang='lat' dir='ltr'>capita</span> <span class='ocrx_word' id='word_1_391' title='bbox 376 3542 611 3606; x_wconf 89' lang='lat' dir='ltr'>benefactorum</span> <span class='ocrx_word' id='word_1_392' title='bbox 631 3545 699 3620; x_wconf 87' lang='lat' dir='ltr'>Dei,</span> <span class='ocrx_word' id='word_1_393' title='bbox 715 3564 785 3625; x_wconf 81' lang='lat' dir='ltr'>quae</span> <span class='ocrx_word' id='word_1_394' title='bbox 803 3563 860 3625; x_wconf 91' lang='lat' dir='ltr'>per</span> <span class='ocrx_word' id='word_1_395' title='bbox 908 3547 1046 3627; x_wconf 70' lang='lat' dir='ltr'>flerat.»</span> <span class='ocrx_word' id='word_1_396' title='bbox 1066 3545 1260 3606; x_wconf 83' lang='lat' dir='ltr'>Tumiulib.·</span> <span class='ocrx_word' id='word_1_397' title='bbox 1273 3546 1316 3606; x_wconf 89' lang='lat'>111</span> <span class='ocrx_word' id='word_1_398' title='bbox 1331 3544 1367 3606; x_wconf 83' lang='lat' dir='ltr'>dc</span> <span class='ocrx_word' id='word_1_399' title='bbox 1379 3545 1572 3607; x_wconf 85' lang='lat' dir='ltr'>Peccatorum</span> <span class='ocrx_word' id='word_1_400' title='bbox 1585 3544 1677 3605; x_wconf 85' lang='lat' dir='ltr'>meri-</span> 
     </span>
     <span class='ocr_line' id='line_1_36' title="bbox 102 3630 1673 3719; baseline 0.003 -27"><span class='ocrx_word' id='word_1_401' title='bbox 102 3630 340 3696; x_wconf 83' lang='lat' dir='ltr'>lncernationem</span> <span class='ocrx_word' id='word_1_402' title='bbox 364 3634 399 3696; x_wconf 92' lang='lat' dir='ltr'>in</span> <span class='ocrx_word' id='word_1_403' title='bbox 424 3654 482 3696; x_wconf 91' lang='lat' dir='ltr'>nos</span> <span class='ocrx_word' id='word_1_404' title='bbox 501 3636 599 3697; x_wconf 79' lang='lat' dir='ltr'>divini</span> <span class='ocrx_word' id='word_1_405' title='bbox 615 3636 709 3697; x_wconf 90' lang='lat' dir='ltr'>Verbi</span> <span class='ocrx_word' id='word_1_406' title='bbox 720 3637 859 3698; x_wconf 85' lang='lat' dir='ltr'>derivata</span> <span class='ocrx_word' id='word_1_407' title='bbox 908 3636 957 3714; x_wconf 86' lang='lat' dir='ltr'>tis,</span> <span class='ocrx_word' id='word_1_408' title='bbox 968 3645 997 3698; x_wconf 84' lang='lat' dir='ltr'>ct</span> <span class='ocrx_word' id='word_1_409' title='bbox 1011 3637 1189 3713; x_wconf 70' lang='lat' dir='ltr'>remissione,</span> <span class='ocrx_word' id='word_1_410' title='bbox 1204 3634 1276 3698; x_wconf 83' lang='lat' dir='ltr'>etde</span> <span class='ocrx_word' id='word_1_411' title='bbox 1292 3635 1673 3719; x_wconf 79' lang='lat' dir='ltr'>Baptismopcruulorum⁸z</span> 
     </span>
     <span class='ocr_line' id='line_1_37' title="bbox 103 3724 1673 3808; baseline 0.002 -24"><span class='ocrx_word' id='word_1_412' title='bbox 103 3730 175 3784; x_wconf 85' lang='lat' dir='ltr'>sant.</span> <span class='ocrx_word' id='word_1_413' title='bbox 186 3724 326 3787; x_wconf 80' lang='lat' dir='ltr'>Alterum</span> <span class='ocrx_word' id='word_1_414' title='bbox 336 3726 419 3787; x_wconf 87' lang='lat' dir='ltr'>mala</span> <span class='ocrx_word' id='word_1_415' title='bbox 432 3728 653 3806; x_wconf 77' lang='lat' dir='ltr'>complectitur,</span> <span class='ocrx_word' id='word_1_416' title='bbox 664 3727 860 3808; x_wconf 80' lang='lat' dir='ltr'>quibuslibe</span> <span class='ocrx_word' id='word_1_417' title='bbox 908 3734 939 3790; x_wconf 90' lang='lat' dir='ltr'>et</span> <span class='ocrx_word' id='word_1_418' title='bbox 948 3728 1128 3807; x_wconf 83' lang='lat' dir='ltr'>Fulgentius</span> <span class='ocrx_word' id='word_1_419' title='bbox 1141 3730 1175 3790; x_wconf 89' lang='lat' dir='ltr'>in</span> <span class='ocrx_word' id='word_1_420' title='bbox 1186 3729 1269 3789; x_wconf 89' lang='lat' dir='ltr'>libro</span> <span class='ocrx_word' id='word_1_421' title='bbox 1281 3727 1315 3790; x_wconf 83' lang='lat' dir='ltr'>de</span> <span class='ocrx_word' id='word_1_422' title='bbox 1332 3728 1554 3805; x_wconf 81' lang='lat' dir='ltr'>lncarootiorre,</span> <span class='ocrx_word' id='word_1_423' title='bbox 1573 3736 1601 3790; x_wconf 76' lang='lat' dir='ltr'>e‘.</span> <span class='ocrx_word' id='word_1_424' title='bbox 1615 3743 1673 3788; x_wconf 84' lang='lat' dir='ltr'>vu.</span> 
     </span>
     <span class='ocr_line' id='line_1_38' title="bbox 104 3816 1673 3900; baseline 0.003 -26"><span class='ocrx_word' id='word_1_425' title='bbox 104 3816 282 3878; x_wconf 78' lang='lat' dir='ltr'>rafisumus.</span> <span class='ocrx_word' id='word_1_426' title='bbox 305 3818 464 3893; x_wconf 78' lang='lat' dir='ltr'>Alterum,</span> <span class='ocrx_word' id='word_1_427' title='bbox 481 3818 575 3896; x_wconf 87' lang='lat' dir='ltr'>hona,</span> <span class='ocrx_word' id='word_1_428' title='bbox 600 3837 671 3899; x_wconf 77' lang='lat' dir='ltr'>quac</span> <span class='ocrx_word' id='word_1_429' title='bbox 689 3837 728 3880; x_wconf 85' lang='lat' dir='ltr'>ex</span> <span class='ocrx_word' id='word_1_430' title='bbox 750 3821 860 3881; x_wconf 90' lang='lat' dir='ltr'>eodem</span> <span class='ocrx_word' id='word_1_431' title='bbox 948 3821 1076 3882; x_wconf 89' lang='lat' dir='ltr'>VLNec</span> <span class='ocrx_word' id='word_1_432' title='bbox 1089 3821 1457 3900; x_wconf 87' lang='lat' dir='ltr'>minusalterumpeccati</span> <span class='ocrx_word' id='word_1_433' title='bbox 1472 3837 1579 3900; x_wconf 86' lang='lat' dir='ltr'>genus,</span> <span class='ocrx_word' id='word_1_434' title='bbox 1591 3818 1673 3899; x_wconf 91' lang='lat' dir='ltr'>quod</span> 
     </span>
     <span class='ocr_line' id='line_1_39' title="bbox 103 3904 1676 3991; baseline 0.002 -24"><span class='ocrx_word' id='word_1_435' title='bbox 103 3904 150 3967; x_wconf 90' lang='lat' dir='ltr'>itio</span> <span class='ocrx_word' id='word_1_436' title='bbox 161 3908 241 3970; x_wconf 83' lang='lat' dir='ltr'>fonte</span> <span class='ocrx_word' id='word_1_437' title='bbox 252 3910 480 3990; x_wconf 87' lang='lat' dir='ltr'>profluxerunt.</span> <span class='ocrx_word' id='word_1_438' title='bbox 909 3911 1024 3973; x_wconf 82' lang='lat' dir='ltr'>actuale</span> <span class='ocrx_word' id='word_1_439' title='bbox 1035 3929 1145 3974; x_wconf 80' lang='lat' dir='ltr'>vocare</span> <span class='ocrx_word' id='word_1_440' title='bbox 1159 3911 1270 3987; x_wconf 87' lang='lat' dir='ltr'>solent,</span> <span class='ocrx_word' id='word_1_441' title='bbox 1285 3911 1413 3991; x_wconf 84' lang='lat' dir='ltr'>benigni</span> <span class='ocrx_word' id='word_1_442' title='bbox 1423 3909 1676 3989; x_wconf 79' lang='lat' dir='ltr'>Salvatorisprae·</span> 
     </span>
    </p>

    <p class='ocr_par' dir='ltr' id='par_1_8' title="bbox 15 3999 1675 4085">
     <span class='ocr_line' id='line_1_40' title="bbox 15 3999 1675 4085; baseline 0.004 -29"><span class='ocrx_word' id='word_1_443' title='bbox 15 4010 88 4058; x_wconf 64' lang='lat' dir='ltr'>seen</span> <span class='ocrx_word' id='word_1_444' title='bbox 138 3999 172 4060; x_wconf 89' lang='lat' dir='ltr'>V.</span> <span class='ocrx_word' id='word_1_445' title='bbox 194 4002 231 4062; x_wconf 91' lang='lat' dir='ltr'>In</span> <span class='ocrx_word' id='word_1_446' title='bbox 253 4002 354 4083; x_wconf 88' lang='lat' dir='ltr'>priori</span> <span class='ocrx_word' id='word_1_447' title='bbox 381 4020 506 4082; x_wconf 88' lang='lat' dir='ltr'>genere,</span> <span class='ocrx_word' id='word_1_448' title='bbox 533 4003 674 4083; x_wconf 86' lang='lat' dir='ltr'>princeps</span> <span class='ocrx_word' id='word_1_449' title='bbox 698 4003 773 4064; x_wconf 90' lang='lat' dir='ltr'>illud</span> <span class='ocrx_word' id='word_1_450' title='bbox 802 4009 859 4081; x_wconf 91' lang='lat' dir='ltr'>est,</span> <span class='ocrx_word' id='word_1_451' title='bbox 909 4004 1050 4077; x_wconf 69' lang='lat' dir='ltr'>sentam,</span> <span class='ocrx_word' id='word_1_452' title='bbox 1080 4021 1233 4085; x_wconf 85' lang='lat' dir='ltr'>opemque</span> <span class='ocrx_word' id='word_1_453' title='bbox 1260 4002 1429 4083; x_wconf 86' lang='lat' dir='ltr'>flagitabat,</span> <span class='ocrx_word' id='word_1_454' title='bbox 1455 4001 1539 4081; x_wconf 89' lang='lat' dir='ltr'>qnod</span> <span class='ocrx_word' id='word_1_455' title='bbox 1562 4005 1675 4081; x_wconf 74' lang='lat' dir='ltr'>preter</span> 
     </span>
    </p>

    <p class='ocr_par' dir='ltr' id='par_1_9' title="bbox 15 4066 1673 4175">
     <span class='ocr_line' id='line_1_41' title="bbox 15 4066 1673 4175; baseline 0 -21"><span class='ocrx_word' id='word_1_456' title='bbox 15 4066 88 4173; x_wconf 47' lang='grc' dir='ltr'>ἦ</span> <span class='ocrx_word' id='word_1_457' title='bbox 106 4092 268 4172; x_wconf 70' lang='lat' dir='ltr'>aninetque</span> <span class='ocrx_word' id='word_1_458' title='bbox 282 4112 348 4174; x_wconf 78' lang='lat' dir='ltr'>proe</span> <span class='ocrx_word' id='word_1_459' title='bbox 373 4096 502 4171; x_wconf 81' lang='lat' dir='ltr'>caeteris,</span> <span class='ocrx_word' id='word_1_460' title='bbox 518 4095 604 4174; x_wconf 89' lang='lat' dir='ltr'>quod</span> <span class='ocrx_word' id='word_1_461' title='bbox 621 4104 692 4156; x_wconf 88' lang='lat' dir='ltr'>ante</span> <span class='ocrx_word' id='word_1_462' title='bbox 706 4096 860 4175; x_wconf 88' lang='lat' dir='ltr'>signitica—</span> <span class='ocrx_word' id='word_1_463' title='bbox 909 4095 1039 4156; x_wconf 90' lang='lat' dir='ltr'>modum</span> <span class='ocrx_word' id='word_1_464' title='bbox 1060 4096 1287 4173; x_wconf 83' lang='lat' dir='ltr'>ingravescens,</span> <span class='ocrx_word' id='word_1_465' title='bbox 1304 4113 1340 4156; x_wconf 87' lang='lat' dir='ltr'>ac</span> <span class='ocrx_word' id='word_1_466' title='bbox 1353 4113 1435 4156; x_wconf 86' lang='lat' dir='ltr'>nova</span> <span class='ocrx_word' id='word_1_467' title='bbox 1448 4094 1482 4154; x_wconf 94' lang='lat' dir='ltr'>in</span> <span class='ocrx_word' id='word_1_468' title='bbox 1495 4093 1560 4155; x_wconf 92' lang='lat' dir='ltr'>dies</span> <span class='ocrx_word' id='word_1_469' title='bbox 1573 4094 1673 4155; x_wconf 89' lang='lat' dir='ltr'>incre·</span> 
     </span>
    </p>

    <p class='ocr_par' dir='ltr' id='par_1_10' title="bbox 15 4173 1679 4635">
     <span class='ocr_line' id='line_1_42' title="bbox 15 4173 1675 4279; baseline 0.003 -37"><span class='ocrx_word' id='word_1_470' title='bbox 15 4173 80 4279; x_wconf 43' lang='grc' dir='ltr'><strong>ᾖ</strong></span> <span class='ocrx_word' id='word_1_471' title='bbox 106 4180 205 4259; x_wconf 78' lang='lat' dir='ltr'>vimus,</span> <span class='ocrx_word' id='word_1_472' title='bbox 218 4186 365 4247; x_wconf 87' lang='lat' dir='ltr'>extinctio</span> <span class='ocrx_word' id='word_1_473' title='bbox 381 4205 415 4247; x_wconf 90' lang='lat' dir='ltr'>ac</span> <span class='ocrx_word' id='word_1_474' title='bbox 429 4186 680 4267; x_wconf 87' lang='lat' dir='ltr'>deletiopeccati,</span> <span class='ocrx_word' id='word_1_475' title='bbox 694 4193 725 4248; x_wconf 90' lang='lat' dir='ltr'>et</span> <span class='ocrx_word' id='word_1_476' title='bbox 740 4192 861 4249; x_wconf 81' lang='lat' dir='ltr'>naturae</span> <span class='ocrx_word' id='word_1_477' title='bbox 910 4192 1016 4248; x_wconf 87' lang='lat' dir='ltr'>menta</span> <span class='ocrx_word' id='word_1_478' title='bbox 1027 4188 1161 4266; x_wconf 88' lang='lat' dir='ltr'>capiens,</span> <span class='ocrx_word' id='word_1_479' title='bbox 1178 4187 1358 4248; x_wconf 88' lang='lat' dir='ltr'>universum</span> <span class='ocrx_word' id='word_1_480' title='bbox 1383 4191 1557 4266; x_wconf 89' lang='lat' dir='ltr'>occuparat,</span> <span class='ocrx_word' id='word_1_481' title='bbox 1582 4191 1675 4264; x_wconf 86' lang='lat' dir='ltr'>atque</span> 
     </span>
     <span class='ocr_line' id='line_1_43' title="bbox 106 4277 1675 4358; baseline 0.003 -22"><span class='ocrx_word' id='word_1_482' title='bbox 106 4280 207 4336; x_wconf 71' lang='lat' dir='ltr'>nuuc</span> <span class='ocrx_word' id='word_1_483' title='bbox 232 4278 420 4357; x_wconf 88' lang='lat' dir='ltr'>repurgatio.</span> <span class='ocrx_word' id='word_1_484' title='bbox 450 4278 569 4358; x_wconf 80' lang='lat' dir='ltr'>Duplex</span> <span class='ocrx_word' id='word_1_485' title='bbox 592 4296 685 4358; x_wconf 91' lang='lat' dir='ltr'>porro</span> <span class='ocrx_word' id='word_1_486' title='bbox 699 4284 861 4358; x_wconf 81' lang='lat' dir='ltr'>peccatum</span> <span class='ocrx_word' id='word_1_487' title='bbox 911 4284 1105 4358; x_wconf 88' lang='lat' dir='ltr'>oppresserat</span> <span class='ocrx_word' id='word_1_488' title='bbox 1128 4279 1292 4339; x_wconf 89' lang='lat' dir='ltr'>hominum</span> <span class='ocrx_word' id='word_1_489' title='bbox 1306 4296 1415 4358; x_wconf 84' lang='lat' dir='ltr'>genus.</span> <span class='ocrx_word' id='word_1_490' title='bbox 1433 4277 1581 4339; x_wconf 85' lang='lat' dir='ltr'>Describit</span> <span class='ocrx_word' id='word_1_491' title='bbox 1594 4277 1675 4340; x_wconf 86' lang='lat' dir='ltr'>banc</span> 
     </span>
     <span class='ocr_line' id='line_1_44' title="bbox 107 4369 1676 4450; baseline 0.004 -26"><span class='ocrx_word' id='word_1_492' title='bbox 107 4371 160 4426; x_wconf 82' lang='lat' dir='ltr'>ast:</span> <span class='ocrx_word' id='word_1_493' title='bbox 174 4386 272 4430; x_wconf 89' lang='lat' dir='ltr'>unum</span> <span class='ocrx_word' id='word_1_494' title='bbox 285 4386 463 4445; x_wconf 86' lang='lat' dir='ltr'>commune,</span> <span class='ocrx_word' id='word_1_495' title='bbox 478 4375 510 4431; x_wconf 90' lang='lat' dir='ltr'>et</span> <span class='ocrx_word' id='word_1_496' title='bbox 526 4369 565 4430; x_wconf 91' lang='lat' dir='ltr'>ab</span> <span class='ocrx_word' id='word_1_497' title='bbox 588 4370 708 4448; x_wconf 88' lang='lat' dir='ltr'>origine</span> <span class='ocrx_word' id='word_1_498' title='bbox 721 4376 859 4432; x_wconf 88' lang='lat' dir='ltr'>contrac-</span> <span class='ocrx_word' id='word_1_499' title='bbox 910 4369 1038 4431; x_wconf 89' lang='lat' dir='ltr'>illorum</span> <span class='ocrx_word' id='word_1_500' title='bbox 1050 4369 1170 4431; x_wconf 87' lang='lat' dir='ltr'>cladem</span> <span class='ocrx_word' id='word_1_501' title='bbox 1188 4376 1219 4431; x_wconf 90' lang='lat' dir='ltr'>ct</span> <span class='ocrx_word' id='word_1_502' title='bbox 1242 4370 1448 4432; x_wconf 86' lang='lat' dir='ltr'>calamitatem</span> <span class='ocrx_word' id='word_1_503' title='bbox 1469 4387 1591 4431; x_wconf 90' lang='lat' dir='ltr'>summa</span> <span class='ocrx_word' id='word_1_504' title='bbox 1604 4388 1676 4450; x_wconf 88' lang='lat' dir='ltr'>gra-</span> 
     </span>
     <span class='ocr_line' id='line_1_45' title="bbox 106 4459 1677 4542; baseline 0.006 -26"><span class='ocrx_word' id='word_1_505' title='bbox 106 4459 180 4519; x_wconf 88' lang='lat' dir='ltr'>tum:</span> <span class='ocrx_word' id='word_1_506' title='bbox 194 4460 861 4542; x_wconf 80' lang='lat' dir='ltr'>alternmcujusqueprivatum,etuoluntate</span> <span class='ocrx_word' id='word_1_507' title='bbox 910 4461 1004 4524; x_wconf 86' lang='lat' dir='ltr'>vitate</span> <span class='ocrx_word' id='word_1_508' title='bbox 1027 4466 1059 4522; x_wconf 89' lang='lat' dir='ltr'>et</span> <span class='ocrx_word' id='word_1_509' title='bbox 1078 4462 1219 4524; x_wconf 88' lang='lat' dir='ltr'>ubertate</span> <span class='ocrx_word' id='word_1_510' title='bbox 1247 4462 1394 4523; x_wconf 88' lang='lat' dir='ltr'>orationis</span> <span class='ocrx_word' id='word_1_511' title='bbox 1417 4462 1615 4536; x_wconf 80' lang='lat' dir='ltr'>Athanasius,</span> <span class='ocrx_word' id='word_1_512' title='bbox 1638 4480 1677 4525; x_wconf 84' lang='lat' dir='ltr'>ex</span> 
     </span>
     <span class='ocr_line' id='line_1_46' title="bbox 108 4552 1679 4635; baseline 0.006 -27"><span class='ocrx_word' id='word_1_513' title='bbox 108 4552 304 4614; x_wconf 84' lang='lat' dir='ltr'>conmissum.</span> <span class='ocrx_word' id='word_1_514' title='bbox 336 4553 385 4614; x_wconf 81' lang='lat' dir='ltr'>hd</span> <span class='ocrx_word' id='word_1_515' title='bbox 417 4552 602 4631; x_wconf 91' lang='lat' dir='ltr'>originalem</span> <span class='ocrx_word' id='word_1_516' title='bbox 625 4553 861 4632; x_wconf 87' lang='lat' dir='ltr'>abstergendam</span> <span class='ocrx_word' id='word_1_517' title='bbox 911 4573 972 4634; x_wconf 92' lang='lat' dir='ltr'>quo</span> <span class='ocrx_word' id='word_1_518' title='bbox 983 4572 1080 4634; x_wconf 90' lang='lat' dir='ltr'>pauca</span> <span class='ocrx_word' id='word_1_519' title='bbox 1090 4554 1144 4615; x_wconf 89' lang='lat' dir='ltr'>illa</span> <span class='ocrx_word' id='word_1_520' title='bbox 1156 4555 1331 4635; x_wconf 87' lang='lat' dir='ltr'>decerpam.</span> <span class='ocrx_word' id='word_1_521' title='bbox 1349 4555 1527 4617; x_wconf 81' lang='lat' dir='ltr'>«Homines</span> <span class='ocrx_word' id='word_1_522' title='bbox 1540 4555 1679 4617; x_wconf 89' lang='lat' dir='ltr'>indelic-</span> 
     </span>
    </p>
   </div>
   <div class='ocr_carea' id='block_1_4' title="bbox 108 4704 1680 5358">
    <p class='ocr_par' dir='ltr' id='par_1_11' title="bbox 108 4704 1680 5358">
     <span class='ocr_line' id='line_1_47' title="bbox 139 4704 1679 4782; baseline 0.006 -25"><span class='ocrx_word' id='word_1_523' title='bbox 139 4719 158 4757; x_wconf 82' lang='lat' dir='ltr'><strong><em>a</em></strong></span> <span class='ocrx_word' id='word_1_524' title='bbox 171 4704 262 4775; x_wconf 75' lang='lat' dir='ltr'>symb.</span> <span class='ocrx_word' id='word_1_525' title='bbox 278 4704 341 4762; x_wconf 82' lang='lat' dir='ltr'>Nic.</span> <span class='ocrx_word' id='word_1_526' title='bbox 356 4705 403 4759; x_wconf 80' lang='grc' dir='ltr'>Τον</span> <span class='ocrx_word' id='word_1_527' title='bbox 413 4706 522 4777; x_wconf 73' lang='grc' dir='ltr'>δι’ἠμᾶς</span> <span class='ocrx_word' id='word_1_528' title='bbox 535 4706 591 4769; x_wconf 68' lang='grc' dir='ltr'>τοὺς</span> <span class='ocrx_word' id='word_1_529' title='bbox 605 4705 755 4778; x_wconf 75' lang='grc' dir='ltr'><strong>ἀνθρώπους,</strong></span> <span class='ocrx_word' id='word_1_530' title='bbox 765 4706 806 4759; x_wconf 75' lang='grc' dir='ltr'>καὶ</span> <span class='ocrx_word' id='word_1_531' title='bbox 821 4706 862 4760; x_wconf 78' lang='lat' dir='ltr'>ut</span> <span class='ocrx_word' id='word_1_532' title='bbox 910 4704 1002 4760; x_wconf 72' lang='grc' dir='ltr'>ἐκείνου</span> <span class='ocrx_word' id='word_1_533' title='bbox 1023 4704 1221 4780; x_wconf 57' lang='grc' dir='ltr'>ἔνσανματόστως</span> <span class='ocrx_word' id='word_1_534' title='bbox 1234 4708 1304 4781; x_wconf 67' lang='lat' dir='ltr'>lutei&lt;</span> <span class='ocrx_word' id='word_1_535' title='bbox 1323 4711 1457 4782; x_wconf 76' lang='grc' dir='ltr'>γεγόναμεν</span> <span class='ocrx_word' id='word_1_536' title='bbox 1467 4707 1593 4771; x_wconf 59' lang='lat' dir='ltr'>&#39;iudicate</span> <span class='ocrx_word' id='word_1_537' title='bbox 1610 4709 1679 4767; x_wconf 77' lang='lat' dir='ltr'>Vide</span> 
     </span>
     <span class='ocr_line' id='line_1_48' title="bbox 108 4781 1277 4860; baseline 0.009 -25"><span class='ocrx_word' id='word_1_538' title='bbox 108 4781 265 4860; x_wconf 68' lang='grc' dir='ltr'>τὴνὴμιτίραν</span> <span class='ocrx_word' id='word_1_539' title='bbox 280 4783 403 4860; x_wconf 70' lang='grc' dir='ltr'>σωτηρίαν</span> <span class='ocrx_word' id='word_1_540' title='bbox 416 4788 575 4853; x_wconf 74' lang='grc' dir='ltr'>κατελθόντα,</span> <span class='ocrx_word' id='word_1_541' title='bbox 589 4788 631 4841; x_wconf 73' lang='grc' dir='ltr'>καὶ</span> <span class='ocrx_word' id='word_1_542' title='bbox 643 4788 807 4860; x_wconf 80' lang='grc' dir='ltr'>σαρκωθόντα,</span> <span class='ocrx_word' id='word_1_543' title='bbox 821 4792 862 4843; x_wconf 79' lang='grc' dir='ltr'>καὶ</span> <span class='ocrx_word' id='word_1_544' title='bbox 910 4796 938 4845; x_wconf 83' lang='lat' dir='ltr'>et</span> <span class='ocrx_word' id='word_1_545' title='bbox 951 4795 1019 4845; x_wconf 80' lang='lat' dir='ltr'>orat.</span> <span class='ocrx_word' id='word_1_546' title='bbox 1033 4805 1063 4845; x_wconf 82' lang='grc' dir='ltr'>ιιι</span> <span class='ocrx_word' id='word_1_547' title='bbox 1078 4796 1153 4846; x_wconf 78' lang='lat' dir='ltr'>corti.</span> <span class='ocrx_word' id='word_1_548' title='bbox 1168 4794 1277 4847; x_wconf 74' lang='lat' dir='ltr'>Arion.</span> 
     </span>
     <span class='ocr_line' id='line_1_49' title="bbox 110 4863 1679 4947; baseline 0.001 -21"><span class='ocrx_word' id='word_1_549' title='bbox 110 4863 322 4940; x_wconf 67' lang='grc' dir='ltr'>θνθροπόσαντα.</span> <span class='ocrx_word' id='word_1_550' title='bbox 344 4870 447 4927; x_wconf 87' lang='lat' dir='ltr'>Eadem</span> <span class='ocrx_word' id='word_1_551' title='bbox 461 4871 558 4942; x_wconf 85' lang='lat' dir='ltr'>paucis</span> <span class='ocrx_word' id='word_1_552' title='bbox 569 4870 670 4927; x_wconf 87' lang='lat' dir='ltr'>additis</span> <span class='ocrx_word' id='word_1_553' title='bbox 684 4870 767 4927; x_wconf 87' lang='lat' dir='ltr'>babet</span> <span class='ocrx_word' id='word_1_554' title='bbox 787 4872 861 4928; x_wconf 86' lang='lat' dir='ltr'>Con·</span> <span class='ocrx_word' id='word_1_555' title='bbox 946 4886 961 4926; x_wconf 88' lang='lat' dir='ltr'>o</span> <span class='ocrx_word' id='word_1_556' title='bbox 979 4872 1072 4927; x_wconf 81' lang='lat' dir='ltr'>Creu.</span> <span class='ocrx_word' id='word_1_557' title='bbox 1089 4872 1124 4927; x_wconf 88' lang='lat' dir='ltr'>tlt</span> <span class='ocrx_word' id='word_1_558' title='bbox 1139 4877 1265 4929; x_wconf 76' lang='lat' dir='ltr'>taloan.</span> <span class='ocrx_word' id='word_1_559' title='bbox 1276 4872 1368 4928; x_wconf 74' lang='grc' dir='ltr'>Οὔκοῦν</span> <span class='ocrx_word' id='word_1_560' title='bbox 1380 4874 1438 4947; x_wconf 73' lang='grc' dir='ltr'>μίαν</span> <span class='ocrx_word' id='word_1_561' title='bbox 1454 4873 1496 4947; x_wconf 75' lang='grc' dir='ltr'>μὲν</span> <span class='ocrx_word' id='word_1_562' title='bbox 1510 4873 1679 4945; x_wconf 74' lang='grc' dir='ltr'>όσπιράληθῆ</span> 
     </span>
     <span class='ocr_line' id='line_1_50' title="bbox 110 4951 1680 5029; baseline 0.002 -23"><span class='ocrx_word' id='word_1_563' title='bbox 110 4952 241 5024; x_wconf 79' lang='lat' dir='ltr'>smthop.</span> <span class='ocrx_word' id='word_1_564' title='bbox 260 4951 354 5022; x_wconf 73' lang='lat' dir='ltr'>symb.</span> <span class='ocrx_word' id='word_1_565' title='bbox 909 4971 945 5019; x_wconf 78' lang='grc' dir='ltr'>τα,</span> <span class='ocrx_word' id='word_1_566' title='bbox 960 4955 1172 5027; x_wconf 67' lang='grc' dir='ltr'>καλγινικωτάτιιν</span> <span class='ocrx_word' id='word_1_567' title='bbox 1187 4955 1265 5010; x_wconf 73' lang='grc' dir='ltr'>αἰτίαν</span> <span class='ocrx_word' id='word_1_568' title='bbox 1279 4960 1322 5025; x_wconf 75' lang='grc' dir='ltr'>τῆς</span> <span class='ocrx_word' id='word_1_569' title='bbox 1337 4954 1540 5029; x_wconf 57' lang='lat' dir='ltr'>lentipes-lucore</span> <span class='ocrx_word' id='word_1_570' title='bbox 1553 4961 1596 5010; x_wconf 83' lang='grc' dir='ltr'>τοῦ</span> <span class='ocrx_word' id='word_1_571' title='bbox 1605 4975 1680 5028; x_wconf 83' lang='grc' dir='ltr'>μονο-</span> 
     </span>
     <span class='ocr_line' id='line_1_51' title="bbox 142 5031 1680 5111; baseline 0.002 -24"><span class='ocrx_word' id='word_1_572' title='bbox 142 5031 267 5092; x_wconf 76' lang='lat' dir='ltr'>hltnau.</span> <span class='ocrx_word' id='word_1_573' title='bbox 286 5035 334 5092; x_wconf 85' lang='lat' dir='ltr'>lib.</span> <span class='ocrx_word' id='word_1_574' title='bbox 357 5035 393 5092; x_wconf 77' lang='lat' dir='ltr'>de</span> <span class='ocrx_word' id='word_1_575' title='bbox 415 5038 530 5092; x_wconf 76' lang='lat' dir='ltr'>lucam.</span> <span class='ocrx_word' id='word_1_576' title='bbox 551 5034 587 5090; x_wconf 85' lang='lat' dir='ltr'>&#39;ll</span> <span class='ocrx_word' id='word_1_577' title='bbox 611 5036 682 5108; x_wconf 72' lang='lat' dir='ltr'>ipsiu</span> <span class='ocrx_word' id='word_1_578' title='bbox 697 5035 762 5091; x_wconf 77' lang='lat' dir='ltr'>cirta</span> <span class='ocrx_word' id='word_1_579' title='bbox 776 5036 860 5109; x_wconf 73' lang='grc' dir='ltr'>ἐκείνῳ</span> <span class='ocrx_word' id='word_1_580' title='bbox 908 5042 993 5109; x_wconf 76' lang='grc' dir='ltr'>γονοῦς</span> <span class='ocrx_word' id='word_1_581' title='bbox 1009 5037 1110 5110; x_wconf 77' lang='grc' dir='ltr'>όσοφός</span> <span class='ocrx_word' id='word_1_582' title='bbox 1123 5038 1181 5111; x_wconf 66' lang='grc' dir='ltr'>ἡμῖν</span> <span class='ocrx_word' id='word_1_583' title='bbox 1197 5037 1355 5111; x_wconf 77' lang='grc' dir='ltr'>ἐξηγούμενος</span> <span class='ocrx_word' id='word_1_584' title='bbox 1373 5040 1470 5101; x_wconf 77' lang='grc' dir='ltr'>Παῦλος</span> <span class='ocrx_word' id='word_1_585' title='bbox 1484 5038 1596 5110; x_wconf 78' lang='grc' dir='ltr'>ἔφασκεν·</span> <span class='ocrx_word' id='word_1_586' title='bbox 1613 5037 1680 5090; x_wconf 68' lang='lat' dir='ltr'>det»</span> 
     </span>
     <span class='ocr_line' id='line_1_52' title="bbox 109 5113 1680 5195; baseline 0.003 -26"><span class='ocrx_word' id='word_1_587' title='bbox 109 5113 182 5184; x_wconf 61' lang='lat' dir='ltr'>tirou</span> <span class='ocrx_word' id='word_1_588' title='bbox 192 5120 309 5190; x_wconf 76' lang='grc' dir='ltr'>πρόφασις</span> <span class='ocrx_word' id='word_1_589' title='bbox 321 5122 365 5187; x_wconf 77' lang='grc' dir='ltr'>τῆς</span> <span class='ocrx_word' id='word_1_590' title='bbox 378 5118 491 5172; x_wconf 77' lang='grc' dir='ltr'>καθόδου·</span> <span class='ocrx_word' id='word_1_591' title='bbox 505 5120 546 5172; x_wconf 82' lang='grc' dir='ltr'>καὶ</span> <span class='ocrx_word' id='word_1_592' title='bbox 559 5118 574 5187; x_wconf 80' lang='grc' dir='ltr'>ἠ</span> <span class='ocrx_word' id='word_1_593' title='bbox 586 5117 658 5191; x_wconf 64' lang='grc' dir='ltr'>ἡμῶν</span> <span class='ocrx_word' id='word_1_594' title='bbox 672 5120 807 5191; x_wconf 81' lang='grc' dir='ltr'>παρόόασις</span> <span class='ocrx_word' id='word_1_595' title='bbox 816 5114 861 5173; x_wconf 68' lang='lat' dir='ltr'>rob</span> <span class='ocrx_word' id='word_1_596' title='bbox 908 5139 966 5188; x_wconf 83' lang='grc' dir='ltr'>κησε</span> <span class='ocrx_word' id='word_1_597' title='bbox 980 5119 1027 5192; x_wconf 77' lang='grc' dir='ltr'>γὰρ</span> <span class='ocrx_word' id='word_1_598' title='bbox 1041 5120 1055 5174; x_wconf 93' lang='grc' dir='ltr'>ό</span> <span class='ocrx_word' id='word_1_599' title='bbox 1069 5122 1122 5183; x_wconf 81' lang='grc' dir='ltr'>θεός</span> <span class='ocrx_word' id='word_1_600' title='bbox 1135 5123 1175 5176; x_wconf 79' lang='grc' dir='ltr'>καὶ</span> <span class='ocrx_word' id='word_1_601' title='bbox 1188 5122 1269 5195; x_wconf 63' lang='grc' dir='ltr'>πατὴρ</span> <span class='ocrx_word' id='word_1_602' title='bbox 1283 5121 1541 5194; x_wconf 76' lang='grc' dir='ltr'>ἀνακεφαλαιώσασθαι</span> <span class='ocrx_word' id='word_1_603' title='bbox 1555 5118 1586 5175; x_wconf 73' lang='grc' dir='ltr'>τὰ</span> <span class='ocrx_word' id='word_1_604' title='bbox 1598 5121 1680 5174; x_wconf 78' lang='grc' dir='ltr'>πάντα</span> 
     </span>
     <span class='ocr_line' id='line_1_53' title="bbox 109 5193 1109 5277; baseline 0.007 -25"><span class='ocrx_word' id='word_1_605' title='bbox 109 5193 222 5267; x_wconf 62' lang='lat' dir='ltr'>limavit</span> <span class='ocrx_word' id='word_1_606' title='bbox 234 5201 417 5273; x_wconf 65' lang='lat' dir='ltr'>principaretur</span> <span class='ocrx_word' id='word_1_607' title='bbox 432 5199 599 5273; x_wconf 66' lang='grc' dir='ltr'>ἐξεκαλέσατο,</span> <span class='ocrx_word' id='word_1_608' title='bbox 615 5202 680 5256; x_wconf 76' lang='grc' dir='ltr'>όιστα</span> <span class='ocrx_word' id='word_1_609' title='bbox 693 5203 735 5255; x_wconf 73' lang='grc' dir='ltr'>καὶ</span> <span class='ocrx_word' id='word_1_610' title='bbox 749 5202 781 5265; x_wconf 83' lang='grc' dir='ltr'>εἰς</span> <span class='ocrx_word' id='word_1_611' title='bbox 795 5202 860 5275; x_wconf 69' lang='grc' dir='ltr'>ἡμᾶς</span> <span class='ocrx_word' id='word_1_612' title='bbox 909 5200 934 5256; x_wconf 74' lang='grc' dir='ltr'>όν</span> <span class='ocrx_word' id='word_1_613' title='bbox 947 5209 983 5276; x_wconf 79' lang='grc' dir='ltr'>τῷ</span> <span class='ocrx_word' id='word_1_614' title='bbox 998 5204 1109 5277; x_wconf 78' lang='grc' dir='ltr'>Χριστῷ.</span> 
     </span>
     <span class='ocr_line' id='line_1_54' title="bbox 110 5278 859 5358; baseline 0.001 -22"><span class='ocrx_word' id='word_1_615' title='bbox 110 5278 196 5352; x_wconf 55' lang='lat' dir='ltr'>M,</span> <span class='ocrx_word' id='word_1_616' title='bbox 206 5284 245 5336; x_wconf 76' lang='grc' dir='ltr'>καὶ</span> <span class='ocrx_word' id='word_1_617' title='bbox 262 5289 367 5356; x_wconf 73' lang='grc' dir='ltr'>φανῆναι</span> <span class='ocrx_word' id='word_1_618' title='bbox 385 5282 426 5337; x_wconf 80' lang='grc' dir='ltr'>τόν</span> <span class='ocrx_word' id='word_1_619' title='bbox 446 5281 571 5355; x_wconf 69' lang='lat' dir='ltr'>tepore</span> <span class='ocrx_word' id='word_1_620' title='bbox 595 5283 739 5357; x_wconf 71' lang='grc' dir='ltr'>ἀνθρώποις.</span> <span class='ocrx_word' id='word_1_621' title='bbox 756 5288 798 5353; x_wconf 74' lang='grc' dir='ltr'>τῆς</span> <span class='ocrx_word' id='word_1_622' title='bbox 811 5285 859 5358; x_wconf 77' lang='grc' dir='ltr'>γὰρ</span> 
     </span>
    </p>
   </div>
   <div class='ocr_carea' id='block_1_5' title="bbox 112 5422 1676 5545">
    <p class='ocr_par' dir='ltr' id='par_1_12' title="bbox 112 5422 1676 5545">
     <span class='ocr_line' id='line_1_55' title="bbox 138 5422 1676 5486; baseline 0.004 -17"><span class='ocrx_word' id='word_1_623' title='bbox 138 5422 146 5463; x_wconf 86' lang='grc' dir='ltr'>Ι</span> <span class='ocrx_word' id='word_1_624' title='bbox 159 5424 206 5477; x_wconf 70' lang='grc' dir='ltr'>θνα.</span> <span class='ocrx_word' id='word_1_625' title='bbox 214 5435 230 5476; x_wconf 84' lang='grc' dir='ltr'>ι,</span> <span class='ocrx_word' id='word_1_626' title='bbox 239 5425 300 5470; x_wconf 86' lang='lat' dir='ltr'>tu-</span> <span class='ocrx_word' id='word_1_627' title='bbox 311 5426 563 5477; x_wconf 58' lang='lat' dir='ltr'>turbauit-timo.</span> <span class='ocrx_word' id='word_1_628' title='bbox 575 5427 641 5472; x_wconf 84' lang='lat' dir='ltr'>1.-t</span> <span class='ocrx_word' id='word_1_629' title='bbox 652 5429 761 5484; x_wconf 70' lang='grc' dir='ltr'>Δόμαι.</span> <span class='ocrx_word' id='word_1_630' title='bbox 774 5440 788 5471; x_wconf 83' lang='lat' dir='ltr'>r</span> <span class='ocrx_word' id='word_1_631' title='bbox 799 5429 826 5474; x_wconf 77' lang='lat' dir='ltr'>rte</span> <span class='ocrx_word' id='word_1_632' title='bbox 837 5429 877 5475; x_wconf 78' lang='lat' dir='ltr'>Ver</span> <span class='ocrx_word' id='word_1_633' title='bbox 888 5431 925 5485; x_wconf 80' lang='lat' dir='ltr'>tp.</span> <span class='ocrx_word' id='word_1_634' title='bbox 938 5440 1013 5475; x_wconf 76' lang='lat' dir='ltr'>orer</span> <span class='ocrx_word' id='word_1_635' title='bbox 1025 5432 1121 5475; x_wconf 67' lang='lat' dir='ltr'>ritmo.</span> <span class='ocrx_word' id='word_1_636' title='bbox 1132 5442 1141 5474; x_wconf 86' lang='lat' dir='ltr'>r</span> <span class='ocrx_word' id='word_1_637' title='bbox 1152 5430 1206 5476; x_wconf 84' lang='lat' dir='ltr'>thc</span> <span class='ocrx_word' id='word_1_638' title='bbox 1216 5438 1265 5476; x_wconf 82' lang='grc' dir='ltr'>οισ.</span> <span class='ocrx_word' id='word_1_639' title='bbox 1278 5438 1383 5475; x_wconf 74' lang='lat' dir='ltr'>sucuro</span> <span class='ocrx_word' id='word_1_640' title='bbox 1394 5430 1452 5486; x_wconf 77' lang='lat' dir='ltr'>Aug.</span> <span class='ocrx_word' id='word_1_641' title='bbox 1463 5440 1494 5473; x_wconf 86' lang='lat' dir='ltr'>sc.</span> <span class='ocrx_word' id='word_1_642' title='bbox 1502 5428 1676 5484; x_wconf 67' lang='lat' dir='ltr'>urrerem.-</span> 
     </span>
     <span class='ocr_line' id='line_1_56' title="bbox 112 5481 749 5545; baseline 0.009 -17"><span class='ocrx_word' id='word_1_643' title='bbox 112 5481 189 5538; x_wconf 68' lang='lat' dir='ltr'>5As3.</span> <span class='ocrx_word' id='word_1_644' title='bbox 198 5496 230 5542; x_wconf 75' lang='lat' dir='ltr'>ep.</span> <span class='ocrx_word' id='word_1_645' title='bbox 239 5498 263 5530; x_wconf 83' lang='grc' dir='ltr'>τι</span> <span class='ocrx_word' id='word_1_646' title='bbox 274 5498 299 5532; x_wconf 80' lang='lat' dir='ltr'>cx</span> <span class='ocrx_word' id='word_1_647' title='bbox 312 5490 374 5533; x_wconf 72' lang='lat' dir='ltr'>tace</span> <span class='ocrx_word' id='word_1_648' title='bbox 384 5498 405 5533; x_wconf 88' lang='lat' dir='ltr'>c.</span> <span class='ocrx_word' id='word_1_649' title='bbox 417 5489 515 5534; x_wconf 70' lang='lat' dir='ltr'>rra-t</span> <span class='ocrx_word' id='word_1_650' title='bbox 528 5488 591 5533; x_wconf 73' lang='lat' dir='ltr'>Pras.</span> <span class='ocrx_word' id='word_1_651' title='bbox 606 5500 623 5533; x_wconf 87' lang='grc' dir='ltr'>ο.</span> <span class='ocrx_word' id='word_1_652' title='bbox 636 5500 659 5532; x_wconf 87' lang='grc' dir='ltr'>ιν</span> <span class='ocrx_word' id='word_1_653' title='bbox 670 5498 691 5533; x_wconf 87' lang='lat' dir='ltr'>ct</span> <span class='ocrx_word' id='word_1_654' title='bbox 702 5501 749 5545; x_wconf 85' lang='lat' dir='ltr'>seq.</span> 
     </span>
    </p>
   </div>
   <div class='ocr_carea' id='block_1_6' title="bbox 0 0 2039 6162">
    <p class='ocr_par' dir='ltr' id='par_1_13' title="bbox 0 0 2039 6162">
     <span class='ocr_line' id='line_1_57' title="bbox 0 0 2039 6162; baseline 0 0"><span class='ocrx_word' id='word_1_655' title='bbox 0 0 2039 6162; x_wconf 95' lang='lat' dir='ltr'> </span> 
     </span>
    </p>
   </div>
  </div>
 </body>
</html>
