4036 6162
541 449 592 510 DE
612 446 910 526 INGARNA'I'IONE,
931 447 1003 509 LIB.
1026 446 1065 525 II,
1086 446 1170 511 GAP.
1192 446 1272 507 XIII.
1648 446 1707 507 att

126 638 144 675 ι
169 615 285 696 Ipsum,
313 614 367 690 ait,
397 614 538 677 ellectum
567 612 786 676 misericordie
811 631 887 688 sua,
938 611 1169 692 ingratitudinis
1191 611 1381 674 occasionem
1394 611 1476 675 ultra
1497 612 1649 693 reperiret
1673 613 1708 683 in

122 725 218 788 quam
232 704 420 769 restitutioni
430 706 809 788 impendebathumaue:
826 706 891 767 sola
937 704 1076 766 homine.
1091 725 1107 763 a
1124 705 1243 785 Nempe
1255 722 1296 768 ne
1310 706 1350 767 ob
1363 705 1493 767 remedii
1515 703 1705 784 facilitatem,

122 800 232 878 exequi
239 798 622 878 poteratvirtutedeitatis,
633 798 891 860 uterenturamad
937 795 1123 859 meddam
1139 796 1217 858 illud
1231 801 1453 875 contemneret,
1469 814 1527 859 nee
1539 813 1572 858 sa
1584 803 1706 877 gratnm

122 890 292 970 imaginem
313 891 369 953 liei
393 891 550 954 mnditam
568 891 645 971 jugo
658 890 735 952 dira
746 888 888 952 domina·
938 887 1097 951 liberatori
1110 906 1166 949 suo
1180 890 1343 969 praeberet.

121 984 226 1058 tionis
242 988 377 1045 maeret.
389 1004 405 1043 a
980 980 1188 1044 Guitmundus
1201 984 1377 1043 Aversanus
1397 982 1558 1062 epIscopus
1576 980 1609 1042 in
1631 980 1707 1044 Con·

158 1075 241 1138 Viti.
258 1075 449 1137 Gaudentius
473 1075 508 1138 in
528 1082 660 1139 tmcmtu
677 1078 770 1139 tertio
786 1097 795 1138 ι
812 1078 890 1141 «An
939 1073 1063 1154 lenione
1075 1071 1192 1155 fidel«
1205 1074 1294 1151 Mori,
1309 1074 1421 1154 inquit,
1436 1092 1507 1136 cum
1520 1073 1588 1136 aliae
1601 1075 1707 1138 multe

121 1167 248 1229 brtasse
273 1174 431 1249 putamus,
456 1169 568 1249 inquit,
583 1170 656 1249 quia
679 1170 706 1231 si
728 1170 889 1251 poenituis-
939 1165 1086 1241 rationes,
1102 1166 1215 1244 quibus
1239 1184 1295 1228 nos
1308 1167 1482 1245 redImeret,
1497 1171 1705 1249 suppeterent,

121 1264 187 1321 sent
214 1260 361 1338 imeiitae,
386 1260 476 1323 aliter
500 1263 697 1342 omnipotens
722 1263 805 1324 iilius
831 1264 890 1324 Dei
938 1258 1077 1320 voluit»

119 1352 238 1414 salvare
257 1370 322 1414 non
346 1353 482 1433 potuerit
500 1354 677 1417 mundum?
690 1381 704 1409 ι
724 1355 890 1435 Gregorius
980 1350 1088 1413 Petrus
1103 1351 1237 1430 dentque
1251 1350 1415 1413 CellensIs⁸
1437 1376 1451 1405 ι
1464 1352 1534 1413 Non
1547 1351 1709 1428 inclinaret

120 1444 191 1506 bem
212 1443 328 1525 Papa¹,
353 1445 489 1508 devera
512 1452 543 1508 et
564 1447 725 1510 excellenti
747 1465 888 1528 compas-
939 1441 1031 1505 coelos
1043 1443 1314 1522 pertusvirgineus
1329 1463 1336 1504 :
1352 1445 1378 1505 si
1388 1443 1709 1522 partumprohibitum

119 1536 201 1598 done
232 1554 339 1616 agene
367 1555 438 1617 quas
462 1560 477 1597 u
504 1556 578 1600 cum
604 1558 642 1602 eo
665 1540 749 1620 quod
776 1540 889 1602 sissicto
938 1535 1290 1614 noneontingeretEvae
1301 1535 1624 1597 taetustcmersriusn

119 1628 261 1709 porrigit,
291 1628 399 1691 afflicti
419 1647 543 1712 quoque
568 1633 602 1693 in
628 1650 661 1694 se
683 1633 825 1695 animum
838 1651 891 1694 su·
979 1628 1123 1689 Poterant
1136 1633 1168 1690 et
1189 1628 1250 1689 alia
1262 1628 1353 1708 plura
1372 1627 1421 1689 his
1435 1627 1507 1691 addi
1530 1628 1707 1691 testimonia

117 1721 184 1796 mit,
199 1742 217 1778 u
238 1721 305 1801 ejus
325 1720 460 1784 formam
483 1724 526 1786 sin
539 1725 574 1785 in
585 1725 707 1787 chasse
721 1725 810 1787 nohis
823 1726 888 1787 edi-
938 1724 1090 1795 veterum,
1104 1720 1218 1799 quibus
1235 1719 1375 1781 absoluta
1399 1720 1452 1780 illa
1474 1720 1637 1782 necessitas
1659 1723 1710 1782 Iu·

118 1818 180 1875 tam
203 1831 272 1875 esse
287 1813 433 1877 declaret.
453 1817 580 1892 «Quam
601 1816 745 1879 videlicet
769 1818 891 1898 pietatis
938 1812 1124 1873 carnationis
1138 1812 1177 1874 ab
1192 1811 1340 1874 hnselmo
1352 1813 1451 1892 posita
1472 1811 1632 1874 relabitur.
1648 1814 1709 1876 Sed

118 1905 413 1968 IormamMediator
426 1907 518 1968 nobis
536 1908 590 1970 Dei
610 1914 641 1970 et
657 1909 822 1971 hominnm
837 1910 891 1972 de-
938 1904 1017 1965 uihil
1041 1909 1087 1965 est
1104 1922 1239 1967 neeesse·
1265 1906 1343 1965 Eum
1369 1902 1544 1965 scholastici
1571 1905 1708 1985 theologi

119 1996 250 2071 ditoni
273 2015 344 2059 cum
367 2005 470 2078 posset
487 2001 578 2061 nobis
603 2000 698 2063 etium
727 2020 793 2063 non
818 2020 890 2064 mo·
939 1997 1092 2059 Thomam
1125 1993 1333 2076 Aquinatem*
1354 1996 1465 2057 ducem
1498 1997 1596 2058 secuti
1615 1998 1708 2076 vulgo

118 2088 228 2149 riendo
257 2106 450 2170 concurrere,
483 2092 647 2154 subvenire
681 2103 787 2158 tamea
820 2114 889 2157 mo·
939 2089 1033 2151 etiam
1047 2089 1235 2169 improbant.
1780 2098 1859 2162 rans,

118 2180 228 2241 tiendo
242 2181 423 2244 hominibus
442 2182 543 2246 voluit
563 2185 658 2265 :quia
672 2205 728 2247 nos
749 2187 891 2249 videlicet
981 2182 1038 2241 IX.
1055 2182 1097 2242 De
1110 2181 1262 2242 Richardo
1284 2178 1471 2255 Victorino⁸,
1487 2179 1542 2259 qui
1553 2186 1623 2261 post
1643 2179 1708 2241 An·
1750 2151 1859 2249 {iiiiii}

120 2270 229 2329 minus
242 2276 381 2344 amasset,
404 2271 463 2333 nisi
476 2278 508 2334 et
529 2273 659 2337 vrrInera
672 2280 778 2338 nostra
793 2278 890 2338 susci·
940 2272 1073 2334 selmum
1087 2291 1151 2334 non
1170 2272 1264 2351 longo
1278 2272 1440 2351 interjecto
1467 2273 1565 2353 spatio
1591 2273 1706 2347 floruit,
1733 2258 1872 2316 capuana.

121 2366 213 2441 peret
230 2380 305 2424 :nec
321 2363 387 2423 vim
401 2363 492 2424 uobis
517 2383 581 2427 sue
596 2366 768 2428 dilectionis
788 2374 891 2430 osten·
940 2363 1075 2426 dubitari
1093 2370 1203 2445 potest.
1218 2365 1309 2425 Hunc
1327 2364 1412 2425 euim
1422 2364 1563 2444 plerique
1577 2365 1611 2426 in
1625 2382 1709 2426 eam-

120 2452 222 2530 deret,
249 2454 305 2514 uisi
325 2455 397 2531 hoo,
426 2456 509 2536 quod
533 2476 552 2519 a
574 2458 664 2519 nobis
691 2459 824 2537 wlleret,
852 2461 892 2523 ed
941 2455 1013 2517 dem
1041 2473 1114 2517 cum
1140 2456 1288 2517 Anselmo
1325 2456 1510 2517 sententium
1533 2456 1708 2519 includunt.

120 2548 245 2625 tempus
269 2545 334 2627 ipse
370 2548 546 2612 sustineret.
586 2550 746 2613 Passibiles
777 2554 892 2634 quippe
943 2548 1076 2608 Eteerte
1089 2547 1211 2608 videtur
1229 2567 1269 2610 ex
1281 2547 1339 2609 isto
1359 2565 1430 2627 quaa
1444 2548 1483 2610 de
1494 2548 1546 2609 illa
1560 2567 1594 2610 re
1605 2549 1712 2628 dispu-

121 2638 329 2719 mortalesque
342 2657 400 2701 nos
421 2640 537 2720 reperit
553 2661 561 2701 z
577 2646 608 2703 et
620 2643 675 2722 qui
688 2661 745 2704 nos
763 2644 894 2706 exismre
945 2644 988 2700 tat
1001 2644 1112 2701 rnutuo
1124 2640 1299 2720 sumpsisse.
1315 2640 1396 2701 Nam
1416 2640 1587 2702 rationibus
1603 2640 1712 2703 iisdem

121 2728 187 2792 tecit
200 2730 366 2804 exultatio,
387 2749 533 2795 revocare
555 2733 696 2795 videlicet
721 2736 815 2797 etiam
828 2737 894 2799 sine
944 2732 1093 2793 utitvrad
1115 2732 1201 2793 illam
1228 2732 1486 2812 qualemcumque
1517 2733 1710 2812 probandam

122 2841 174 2884 sua
190 2830 297 2884 morte
320 2824 453 2903 potuita
476 2825 626 2904 passione.
652 2826 714 2888 Sed
729 2833 765 2888 ut
778 2835 894 2907 quanta
944 2824 1157 2885 necemitatem
1178 2824 1412 2899 incarnationis,
1434 2824 1606 2903 dequibus
1627 2842 1711 2899 mox.

122 2921 197 2976 esset
208 2915 310 2977 virtus
323 2916 542 2996 compassionis
556 2918 743 2995 ostenderet,
757 2920 824 2981 lieri
837 2938 895 3000 pro
945 2917 1062 2977 Verum
1075 2917 1100 2977 si
1116 2916 1187 2996 quis
1212 2921 1328 2977 attente
1353 2922 1444 2997 caput
1470 2915 1548 2976 illud
1570 2921 1713 2977 octavum

123 3009 207 3069 nobis
226 3007 372 3085 diguatus
381 3009 520 3088 estquod
531 3027 596 3071 esse
609 3028 668 3071 nos
680 3010 820 3072 voluit.»
944 3006 1017 3067 libri
1029 3006 1278 3069 dclneornotione
1296 3007 1386 3069 Verbi
1399 3013 1607 3087 recognoscat,
1622 3006 1714 3069 intel-

159 3100 386 3163 Bernardusiu
413 3100 543 3180 epistola
569 3102 735 3164 centesima
761 3121 896 3183 nonage-
944 3099 1020 3179 liget
1046 3100 1124 3161 nihil
1156 3100 1216 3162 sibi
1242 3100 1434 3161 Richardum
1463 3099 1547 3162 aliud
1568 3099 1712 3177 voluisse,

123 3191 198 3253 sima
225 3197 336 3253 couha
358 3194 488 3254 Petrum
513 3193 712 3255 abaelardum
739 3195 893 3272 scribens,
945 3191 1005 3253 nisi
1019 3191 1089 3266 hoc,
1108 3191 1191 3270 quod
1205 3191 1293 3252 initio
1314 3192 1424 3271 capitis
1446 3192 1716 3268 diximus3neoos·

128 3285 227 3359 «Quis
242 3291 347 3365 negat,
360 3285 473 3365 inquit,
491 3286 698 3366 omnipotenti
711 3288 751 3349 nd
764 3306 895 3349 manum
945 3283 1061 3344 sarium
1075 3283 1110 3343 in
1123 3301 1214 3344 carne
1228 3282 1321 3344 fulsse
1333 3284 1501 3344 adventum
1516 3284 1584 3344 Filii
1598 3284 1665 3357 Dei,
1680 3290 1717 3345 ut

124 3376 214 3439 tuisse
243 3376 378 3453 alios,<et
397 3378 475 3439 alios
495 3379 604 3440 modos
617 3384 731 3441 nostrae
751 3381 894 3462 redemp-
944 3392 1002 3457 pro
1028 3374 1130 3436 ablata
1155 3375 1273 3436 Diuinae
1295 3375 1449 3453 maJ'estati
1471 3376 1509 3436 ab
1536 3376 1716 3438 hominibus

124 3470 228 3548 mnis,
251 3469 498 3549 justificationis,
536 3470 746 3537 liberationis?
777 3474 897 3535 Verum
944 3467 1059 3545 injuria
1072 3467 1175 3547 plene,
1189 3485 1225 3528 ac
1239 3466 1395 3529 cumulate
1408 3466 1575 3545 exjustitia
1587 3468 1717 3530 sahsfie-

124 3560 180 3624 Ime
203 3579 275 3623 non
297 3560 478 3641 prejudicat
503 3563 608 3642 lamus,
635 3581 729 3643 quem
748 3583 765 3626 e
790 3566 898 3627 multis
945 3564 1004 3635 ret,
1015 3577 1081 3620 non
1093 3577 1133 3621 ex
1145 3560 1280 3638 gratuita
1294 3559 1522 3621 condonatione
1540 3578 1576 3621 aa
1596 3561 1717 3622 miseri·
1768 3587 1770 3591 ¹

126 3653 227 3734 degit,
254 3652 408 3715 efficaciae.
431 3654 469 3714 Et
490 3654 619 3717 fortasse
641 3657 668 3716 is
689 3662 827 3736 praestat,
841 3675 898 3737 per
946 3651 1063 3714 cordia.
1085 3651 1174 3725 Quod
1200 3653 1238 3713 iis
1262 3650 1364 3713 verbIs
1386 3652 1588 3729 demonstrat,
1603 3654 1717 3734 quibm

127 3764 219 3826 quern
233 3746 270 3807 in
282 3752 367 3807 terra
389 3746 564 3822 oblivionis,
587 3748 774 3827 gravedinis,
793 3749 898 3829 lapsas
948 3743 1003 3820 ait,
1021 3743 1114 3804 csine
1134 3743 1339 3805 satisfactione
1356 3744 1517 3806 homiuem
1530 3745 1570 3806 ad
1589 3745 1718 3825 plenum

127 3838 237 3915 nomi,
251 3841 298 3899 tot
308 3843 341 3900 et
351 3838 448 3899 tantis
465 3839 700 3918 gravaminibus
711 3842 898 3918 reparatoris
947 3834 1085 3914 reparari
1107 3853 1171 3896 non
1191 3853 1279 3915 possa
1292 3855 1300 3897 z
1314 3836 1359 3897 hd
1374 3836 1600 3916 plenitudinem
1612 3842 1718 3897 autem

127 3927 248 4005 lortius,
270 3935 302 3991 et
317 3929 454 3991 vivacius
479 3930 761 3993 admoneremur.»
781 3931 899 3996 Auctor
948 3926 1162 3988 satisiactionis
1179 3928 1362 4007 oportuisse,
1380 3932 1512 3988 uttanta
1525 3928 1719 3990 essethumi-

128 4018 197 4081 libri
214 4019 410 4102 deoperitur
434 4020 644 4101 Cordtnolttus
657 4024 693 4084 in
714 4024 844 4086 homilia
863 4024 899 4087 de
947 4019 1033 4081 liatio
1047 4020 1081 4080 iu
1096 4019 1282 4099 expiatione,
1296 4023 1412 4099 quanta
1432 4019 1533 4080 iuerat
1548 4036 1718 4100 praesump-

130 4109 309 4175 Notiuitcte.
328 4115 394 4175 cIn
407 4113 495 4175 brevi
507 4119 638 4195 poterat,
653 4116 768 4195 inquit,
784 4117 900 4196 patrari
948 4112 992 4173 tio
1012 4111 1046 4172 iu
1065 4111 1325 4192 prevaricatione.
1349 4131 1364 4169 a
1388 4112 1458 4173 Non
1491 4111 1586 4191 igitur
1612 4119 1716 4192 negat,

129 4206 290 4284 negotium
307 4225 315 4267 ε
330 4211 362 4266 et
374 4211 495 4286 poterat
507 4212 612 4268 tantus
625 4207 713 4268 labor
725 4207 901 4269 abbreviari
948 4204 1045 4265 chum
1060 4210 1227 4283 tantamque
1240 4203 1455 4278 sahsIaciendi,
1477 4204 1527 4265 vel
1546 4204 1612 4266 sine
1635 4207 1721 4267 satis-
1745 4282 1751 4293 ,

129 4295 167 4356 ud
188 4297 294 4359 solum
314 4297 427 4359 Christi
448 4297 590 4376 verbum,
607 4299 686 4361 sicut
699 4299 796 4361 iactus
810 4317 902 4361 mun·
947 4296 1079 4357 lectione
1092 4294 1245 4357 hheraudi
1257 4294 1392 4357 hominis
1405 4295 1535 4357 modum
1548 4296 1583 4356 in
1599 4298 1654 4359 Dei
1666 4317 1720 4378 po·

130 4387 197 4463 dus,
211 4395 246 4450 et
257 4390 526 4470 dIspoaitaonncta
548 4392 588 4453 ad
608 4392 675 4470 ejus
690 4392 866 4471 imperium.
880 4412 897 4449 a
946 4392 1056 4449 testate
1081 4387 1175 4448 fuisse
1192 4407 1198 4448 :
1214 4387 1267 4449 sed
1288 4386 1417 4467 plenum
1437 4389 1720 4465 tantummodum

131 4479 214 4542 Idem
228 4481 323 4543 sentit
337 4489 444 4543 auctor
462 4483 598 4545 hamilioe
612 4482 647 4545 de
666 4483 902 4544 decantatione
946 4480 1130 4560 perfectum,
1147 4482 1181 4569 et
1197 4479 1232 4539 in
1252 4498 1314 4559 quo
1337 4495 1504 4556 summam,
1520 4486 1720 4561 exactamque

132 4570 371 4653 dominicaque
393 4575 427 4635 in
452 4575 622 4654 appendice
635 4574 751 4636 tomiX
778 4577 901 4651 hugau-
943 4572 1097 4651 justitiam
1111 4589 1204 4632 nemo
1220 4570 1436 4632 desideraret:
1458 4588 1530 4633 cum
1547 4572 1721 4635 incaeteris

133 4665 187 4725 tini
201 4670 359 4727 oetnxxv.
375 4686 392 4724 n
410 4666 510 4742 Quod,
535 4666 647 4747 inquit,
676 4666 731 4728 Dei
751 4667 901 4745 sapientia
948 4663 1094 4726 omnibus
1110 4662 1329 4724 misericordiae
1355 4662 1489 4723 consiliis
1502 4663 1620 4744 aliquid
1634 4665 1719 4727 iutu-

132 4756 233 4834 potnit
246 4756 347 4819 faeere
367 4757 521 4837 saplenter
540 4763 571 4819 et
599 4757 729 4832 fortiter,
745 4757 844 4820 voluit
858 4758 901 4819 fa·
948 4774 1020 4818 rum
1029 4760 1118 4832 esset,
1131 4755 1214 4835 quod
1223 4772 1360 4832 mmnaa,
1373 4755 1456 4817 unde
1468 4755 1718 4832 hermanarent,

135 4866 201 4909 cere
213 4849 361 4925 suaviter,
377 4849 489 4910 uniens
499 4850 559 4910 sibi
575 4849 789 4911 infirmitatem
802 4850 903 4912 earnis
949 4848 1050 4927 ignari
1075 4846 1291 4928 providentias,
1315 4865 1351 4907 ao
1373 4847 1529 4925 malevoli,
1550 4849 1719 4925 demones,

134 4948 285 5016 aarum»
302 4947 363 5002 etc.
389 4942 510 5003 Rursus
524 4942 698 5003 Bernartius
711 4959 853 5004 sermone
867 4960 901 5004 xr
949 4946 1041 5019 atque
1060 4939 1202 5001 homiues
1228 4938 1358 5015 causari,
1388 4958 1425 5000 nc.
1446 4940 1626 5019 redargueri
1649 4960 1720 5021 pos-

136 5031 169 5091 in
197 5031 369 5095 Comicae
391 5033 453 5095 Scd
474 5033 549 5095 dicit
572 5033 685 5113 aliquis
700 5053 708 5093 z
724 5034 795 5094 Nou
807 5032 906 5095 valuit
950 5038 1029 5095 sent.
1761 5046 1880 5092 nummu·

137 5139 212 5202 opus
225 5142 318 5186 suum
330 5143 477 5205 reparare
489 5125 614 5186 Creator
627 5125 743 5204 absque
767 5125 826 5186 istu
850 5125 907 5186 dif-
990 5126 1033 5186 X.
1044 5124 1209 5187 Anselmus
1222 5140 1296 5185 vero
1313 5142 1378 5186 non
1396 5124 1569 5205 simplicem
1581 5123 1720 5205 quidem,
1747 5100 1893 5199 '‘iiiiii''

136 5212 289 5279 mutate?
303 5217 419 5294 Valuit,
434 5216 486 5277 sed
501 5216 610 5278 maluit
619 5233 693 5277 cum
704 5216 817 5295 iniuria
830 5217 879 5277 sui
895 5237 903 5278 ε
950 5217 1151 5297 absoluteque
1164 5221 1332 5297 spectatam
1344 5216 1379 5277 in
1394 5218 1457 5278 Deo
1477 5217 1571 5278 tuisse
1593 5216 1722 5277 nemesi·
1746 5206 1891 5251 ⁰⁰¹¹⁶¹¹¹⁰⁰¹·

1761 5267 1783 5304 Io
1800 5269 1879 5302 netu·

136 5323 176 5367 ne
202 5309 381 5389 pessimum,
414 5316 507 5391 atqua
532 5308 759 5373 odiosinimum
794 5308 905 5374 vitium
950 5316 1047 5373 tatem
1071 5311 1226 5373 existimat
1249 5308 1416 5370 inducendi
1433 5307 1634 5370 sibihurnaui
1647 5325 1720 5369 cor-
1747 5312 1889 5411 maffi-

1747 5414 1891 5464 nausearis.

139 5602 153 5645 ⁵
164 5538 350 5650 IiIstiextIcm
361 5552 479 5647 clusa·
488 5541 504 5587 2
514 5542 573 5589 suta
586 5543 637 5590 tvi
648 5543 704 5590 stit.
716 5543 841 5594 com.-
852 5545 867 5589 s
880 5545 936 5591 Patr.
945 5544 1000 5590 cett.
1010 5544 1025 5593 l.
1036 5543 1064 5587 rte
1074 5542 1132 5590 Pan.
1143 5554 1163 5588 a.
1179 5541 1219 5598 iit,
1229 5549 1245 5587 t.
1258 5538 1725 5596 vtattt.cot.asa—tru.p.q.1,s.s.-

206 5638 211 5651 .
297 5634 303 5648 .
315 5615 336 5649 s.
348 5615 379 5650 ru
391 5636 397 5647 .
