4072 6164
577 345 627 406 DE
646 344 952 423 INCARNATIONE,
974 347 1050 408 LIB.
1074 346 1126 420 IV,
1151 346 1238 409 CAP.
1256 347 1310 410 xt.
1670 353 1730 414 533

135 513 223 574 tibus
237 512 368 591 meritis,
382 512 465 573 filius
474 512 528 574 Dei
537 512 581 572 sic
593 518 672 573 esset
683 511 723 572 ab
734 511 835 589 initio,
849 531 911 592 quo
962 520 1060 594 capte
1073 513 1221 574 virtatem
1243 513 1339 574 Verbi
1353 514 1440 575 nullo
1454 515 1604 595 temporis
1614 522 1730 596 puncto

135 623 206 667 esse
216 605 315 667 homo
322 604 476 684 caepisset,
488 609 524 665 ut
534 604 611 682 ipse,
626 608 659 664 et
666 604 816 681 Verbum,
828 605 912 684 quod
963 605 1092 667 detuisse
1106 606 1280 683 credamus;
1289 625 1347 668 nec
1358 606 1445 687 prius
1450 606 1628 680 formatum,
1637 614 1730 688 utque

135 699 208 759 sine
221 696 311 758 initio
325 700 383 771 est,
397 715 461 757 nus
473 714 607 776 persona
621 702 710 757 esset.
727 717 743 754 n
963 699 1138 759 animatum
1161 700 1313 778 templum
1332 700 1470 785 corporis
1497 699 1620 775 Christi,
1645 701 1731 779 quod

179 791 235 851 Sic
247 791 282 851 in
305 789 384 850 libro
402 788 438 850 de
459 786 722 850 Proedestioutiooe
733 796 909 862 1111111111,
962 788 1021 849 sibi
1042 791 1265 869 superveniens
1287 790 1458 851 vindicaret
1476 790 1650 852 habitator:
1675 792 1729 853 sed

135 882 242 962 capite
256 900 304 953 11,
323 903 339 941 a
357 882 468 942 Nonne
491 880 632 948 iaciente,
664 898 700 941 ac
728 880 911 959 suscipiente
962 881 1076 961 ipsum,
1102 887 1134 941 et
1153 883 1186 942 in
1205 884 1285 961 ipso,
1301 901 1382 943 novo
1407 883 1528 949 homini
1541 884 1648 944 datum
1663 902 1730 945 esse

134 975 257 1049 Verbo,
282 973 348 1054 ipse
360 974 468 1043 homo,
484 991 523 1034 ex
545 991 608 1052 quo
630 989 697 1033 esse
710 973 813 1050 coepit,
830 972 912 1034 tilius
962 974 1161 1054 principiam.
1174 997 1189 1032 u
1206 976 1245 1034 Et
1259 976 1294 1035 in
1308 976 1436 1056 epistola
1450 977 1624 1049 undecima,
1643 977 1730 1037 «Na-

133 1068 195 1128 Dei
221 1067 332 1128 unicus
353 1083 420 1127 esse
444 1064 555 1143 coepit?
575 1086 591 1122 u
614 1064 654 1124 Et
668 1062 701 1124 in
714 1063 796 1124 libro
809 1064 912 1143 primo
961 1070 1043 1136 tura,
1060 1066 1172 1144 inquit,
1189 1073 1294 1127 nostra
1308 1084 1373 1126 non
1391 1066 1434 1127 sic
1445 1072 1605 1144 assumpta
1618 1057 1681 1141 est,
1694 1072 1730 1128 ut

132 1156 427 1220 contradictionum
452 1153 778 1236 Operr'simperleeti‘.
813 1176 828 1213 a
843 1156 912 1216 Non
961 1157 1048 1236 prius
1069 1164 1189 1232 ereata,
1205 1170 1276 1237 post
1300 1164 1524 1235 assumeretur3
1549 1160 1603 1221 sed
1615 1165 1651 1219 ut
1663 1160 1729 1240 ipsa

132 1250 225 1312 enim
246 1255 278 1311 et
299 1248 419 1310 homini
434 1247 553 1309 Christo
570 1247 669 1326 gratia
683 1252 806 1327 peccata
819 1247 911 1308 dimi·
960 1250 1169 1328 assumptione
1181 1256 1379 1312 crearetur.»
1470 1260 1476 1268 ·

132 1345 194 1414 sit,
221 1348 278 1403 aut
303 1360 367 1403 uon
380 1359 454 1403 eum
468 1339 568 1418 gratia
592 1339 687 1400 talem
700 1339 782 1415 fecit,
809 1345 845 1399 ut
869 1339 910 1399 ab
1003 1340 1182 1401 Vincentius
1209 1341 1386 1418 Lirinensis,
1418 1364 1434 1400 c
1468 1344 1540 1403 Hrec
1572 1343 1667 1421 igitur
1695 1343 1729 1403 in

132 1435 230 1496 initio
258 1452 379 1513 semper
407 1437 486 1495 esset
515 1432 630 1508 bonus,
654 1430 732 1492 sicut
758 1430 797 1491 ab
820 1430 910 1491 initio
961 1432 1082 1492 Christo
1097 1450 1237 1512 personas
1250 1434 1371 1509 unitas,
1397 1434 1514 1513 inquit,
1530 1452 1729 1514 nequaquam

132 1544 264 1606 semper
292 1525 344 1586 Dei
372 1525 466 1586 iilius.
489 1546 505 1583 a
532 1526 571 1584 Et
597 1522 713 1584 alibi':
744 1544 760 1581 c
788 1523 850 1584 Nec
870 1524 912 1584 sic
960 1529 1030 1604 post
1043 1525 1179 1603 Virginis
1198 1530 1335 1605 partum,
1363 1526 1416 1586 sed
1441 1527 1475 1587 in
1500 1527 1566 1603 ipso
1594 1526 1731 1606 Virginis

132 1626 316 1697 assumptus
336 1623 397 1687 est,
421 1624 456 1678 ut
473 1617 559 1697 prius
573 1622 711 1693 creatus,
735 1621 805 1696 post
824 1633 910 1675 ussu-
959 1622 1049 1676 utero
1073 1623 1242 1696 compacta,
1273 1624 1365 1697 atque
1388 1619 1522 1698 perfecta
1550 1626 1605 1680 est.
1628 1619 1729 1679 Vehe-

132 1718 295 1785 meretur;
312 1709 409 1771 sedat
418 1710 485 1789 ipsa
499 1709 709 1788 assumptione
723 1714 907 1768 crearetur.»
960 1715 1080 1769 menter
1089 1709 1173 1769 enim
1183 1727 1355 1788 precavere
1365 1710 1566 1785 debemua,ut
1575 1710 1730 1772 Christum

173 1803 329 1884 Leporius
341 1800 512 1862 monachus
520 1801 554 1861 in
564 1800 668 1861 libello
674 1797 909 1875 Emendationis,
959 1820 1025 1863 uon
1051 1801 1145 1862 modo
1169 1820 1290 1874 unum,
1318 1802 1479 1863 sedetiam
1494 1821 1616 1883 semper
1629 1820 1730 1863 unum

130 1896 186 1958 cui
201 1894 406 1975 Augustinus,
419 1893 534 1972 aliique
549 1890 686 1953 Africani
693 1891 826 1972 episcopi
841 1890 912 1951 sub·
959 1893 1177 1965 confiteamur,
1207 1893 1280 1972 quia
1302 1893 1523 1966 intoleranda„
1540 1901 1576 1955 ut
1609 1894 1729 1956 etiamsi

130 1988 349 2068 scripserunt,
376 1989 524 2046 retractat
554 1984 604 2057 id,
634 1982 718 2063 quod
743 1981 910 2062 aliquando
960 2003 1044 2047 nune
1057 2003 1130 2046 eum
1153 2004 1253 2046 unum
1277 2004 1341 2047 esse
1366 1986 1515 2046 concedas
1537 1985 1729 2065 blasphemia

130 2080 340 2142 detenderet:
371 2077 477 2139 uNon
496 2077 599 2156 ipsum
623 2077 726 2137 Deum
749 2076 909 2137 hominem
959 2086 1024 2153 est,
1040 2070 1205 2157 aliquando
1221 2084 1325 2139 111111
1352 2096 1417 2138 non
1445 2095 1558 2153 unum,
1583 2078 1636 2139 sed
1650 2079 1727 2139 daos

130 2179 265 2247 natum,
284 2169 601 2250 sedperiectumcum
611 2169 674 2228 Deo
687 2173 797 2229 natum
810 2168 910 2228 homi·
959 2170 1052 2232 fuisse
1066 2171 1231 2231 concedas:
1261 2187 1361 2230 unum
1383 2169 1495 2231 scilicet
1514 2176 1583 2250 post
1604 2175 1728 2251 tempus

133 2263 254 2325 nem⁸z
271 2267 303 2323 et
317 2282 333 2319 (1
346 2261 511 2322 confitetur
530 2258 660 2320 unicum
685 2258 786 2319 filium
800 2259 858 2319 Dei
871 2259 908 2319 de
958 2263 1167 2343 baptismatis3
1196 2262 1360 2323 duosvero
1374 2261 1432 2322 sub
1454 2266 1592 2340 tempore
1617 2264 1729 2324 nativi·

132 2355 258 2436 Spiritu
272 2358 393 2421 111111,
410 2360 441 2414 11
457 2352 554 2415 Maria
568 2368 691 2429 semper
702 2351 829 2429 Virgine
842 2350 908 2411 fac·
959 2357 1037 2417 tatis.
1054 2354 1142 2428 Quod
1155 2355 1341 2415 immensum
1352 2352 1547 2432 sacrilegium
1561 2372 1626 2415 nou
1639 2355 1728 2417 aliter

130 2454 205 2508 tum
218 2448 383 2507 hominem
397 2447 495 2505 Deum
508 2447 638 2504 natum:
666 2446 697 2502 ei
718 2460 757 2502 ex
768 2447 908 2522 tempore
958 2447 1094 2527 proiecto
1105 2448 1203 2506 vitare
1214 2446 1395 2525 poterimus,
1410 2446 1470 2505 nisi
1484 2446 1607 2506 unitum
1629 2446 1729 2507 homi·

130 2543 287 2617 stasaeptas
312 2536 424 2605 carnis,
456 2534 551 2617 (quod
576 2533 683 2613 utique
710 2533 744 2593 in
771 2534 909 2613 Virginis
959 2557 1033 2600 nem
1044 2541 1106 2600 Deo
1116 2540 1149 2599 in
1162 2526 1728 2617 unitatepersonse,nonasoensu,vel

130 2638 239 2705 utero,
256 2628 361 2690 statim
374 2625 776 2707 atqueietusestiormatus
791 2626 907 2695 accidit)
958 2630 1202 2704 resurrectione,
1233 2629 1283 2690 111
1310 2629 1481 2707 baptismo;
1511 2629 1564 2689 sed
1594 2629 1660 2707 jam
1694 2630 1727 2690 iu

131 2724 179 2783 sio
194 2722 320 2796 omnia,
335 2737 405 2799 quse
424 2723 514 2779 eraut
526 2718 580 2778 Dei
595 2716 739 2778 transisse
758 2717 791 2776 in
806 2716 909 2777 homi·
959 2729 1068 2793 matra,
1080 2723 1148 2800 jam
1158 2722 1192 2781 in
1206 2726 1306 2797 atara,
1314 2720 1382 2798 jam
1394 2719 1528 2798 danique
1541 2720 1574 2779 in
1590 2720 1655 2799 ipsa
1667 2720 1728 2781 atr.

131 2831 222 2889 nem,
237 2818 273 2872 nt
286 2812 402 2879 omnia,
416 2827 486 2890 qma
500 2814 589 2870 erant
602 2808 747 2883 hominis,
761 2808 794 2868 in
808 2809 909 2868 Deum
958 2814 1054 2894 ginali
1066 2815 1266 2892 conceptione
1277 2812 1441 2873 fateamur.
1456 2832 1472 2869 a

132 2902 311 2968 venirene.
343 2924 355 2961 1
387 2904 482 2965 Mox:
511 2924 526 2959 a
551 2899 704 2961 Eumdem
727 2917 745 2959 1
771 2905 910 2980 tempore
1001 2905 1140 2967 Gelasius
1160 2922 1239 2984 papa
1255 2904 1313 2964 sub
1331 2904 1456 2963 initium
1468 2902 1540 2963 libri
1560 2901 1595 2964 dc
1616 2902 1728 2964 duobus

132 3003 289 3077 suscepta
300 2995 403 3056 camis
415 2995 532 3055 1111111111
542 2995 641 3053 Deum
654 2990 815 3051 hominem
828 2993 909 3052 affir·
958 2998 1086 3071 nutans,
1104 2996 1212 3058 itidem
1226 2996 1303 3056 iilud
1317 2995 1433 3056 indicat
1447 2995 1548 3055 verbis
1559 2996 1640 3056 istis:
1657 3017 1672 3053 a
1687 2996 1728 3056 Ut

132 3096 221 3152 mat:
239 3105 300 3149 nec
312 3087 401 3168 quasi
415 3104 471 3166 per
484 3085 598 3164 gradus
611 3089 642 3144 et
655 3089 797 3163 tempora
813 3084 908 3163 profi·
959 3091 1120 3168 utriusque
1134 3094 1255 3149 11111111
1268 3087 1465 3148 ineffabiliter
1479 3085 1594 3163 unitio,
1609 3086 1727 3167 abipso

133 3180 317 3245 cientemin
329 3180 439 3239 Deum.
457 3177 593 3255 Ideoque
606 3193 670 3235 una
685 3192 816 3254 persona
830 3175 910 3236 acci-
959 3200 1023 3242 suae
1037 3180 1247 3259 conceptionis
1267 3187 1391 3254 exortu,
1412 3179 1606 3255 mirabiliter,
1622 3198 1658 3240 ac
1668 3196 1727 3259 po·

133 3273 253 3355 pieuda
268 3275 316 3333 est
335 3270 436 3331 carrtis
453 3274 485 3330 et
497 3268 614 3344 Verbi,
634 3273 671 3328 111
699 3267 831 3328 fideliter
844 3268 909 3328 sine
958 3278 1060 3334 tenter
1073 3273 1231 3333 existerat:
1247 3288 1305 3331 nec
1317 3270 1350 3330 in
1360 3275 1473 3330 sancta
1483 3271 1587 3331 Marioe
1600 3288 1727 3349 prorsus

133 3367 243 3445 aliqua
251 3362 445 3425 dubitatione
456 3361 629 3434 credamus,
640 3377 740 3419 unum
752 3360 911 3421 eumdem·
960 3363 1090 3425 internis
1103 3363 1191 3423 istius
1204 3363 1390 3422 sacramenti
1403 3361 1573 3440 quidquam
1584 3361 1635 3421 111
1648 3380 1726 3441 pree·

12 3518 17 3527 ,
134 3477 199 3539 que
210 3457 266 3517 Dei
274 3455 375 3516 filium
386 3452 624 3533 inseparabilem
636 3468 768 3530 semper,
777 3451 910 3530 geminae
960 3456 1093 3531 cesserit,
1109 3455 1159 3515 vel
1181 3458 1252 3534 post
1263 3460 1402 3514 secutum
1416 3452 1510 3514 fuerit
1531 3453 1724 3515 institutum:

135 3547 319 3610 substantiae
345 3547 439 3606 etiam
464 3545 622 3623 gigantem
644 3542 851 3618 nominatum,
875 3542 910 3603 in
959 3548 1012 3609 sed
1024 3547 1119 3625 hujus
1132 3547 1231 3626 magis
1240 3544 1335 3606 simul
1346 3545 1490 3607 effectum
1504 3545 1644 3624 mysterii
1657 3565 1729 3608 eon·

134 3642 249 3703 diebus
271 3639 373 3700 earnis
394 3655 458 3697 suae
480 3642 512 3698 et
537 3654 608 3698 1111
633 3653 756 3713 semper
782 3635 909 3713 gessisse
959 3645 1065 3719 eaptus
1078 3640 1135 3699 iste
1153 3637 1356 3717 prarenerit3
1379 3655 1438 3698 nec
1451 3637 1515 3699 illic
1528 3638 1631 3718 aliqua
1645 3658 1726 3719 pra·

135 3734 257 3808 omnia,
282 3749 353 3810 quae
378 3737 451 3790 sunt
476 3728 630 3805 hominis,
655 3732 771 3788 111111
788 3744 910 3806 semper
959 3732 1104 3793 veniente
1114 3729 1294 3805 substantia,
1309 3729 1454 3809 perfectio
1468 3730 1618 3791 unitionis
1631 3748 1729 3791 acces

136 3823 309 3907 possedisse
323 3840 394 3901 quus
407 3820 462 3882 [111
473 3825 555 3881 sunt.
571 3842 586 3878 o
959 3825 1047 3897 serit3
1060 3822 1113 3883 sed
1121 3822 1160 3882 ab
1170 3821 1309 3882 unitione
1315 3821 1448 3900 perfecta
1459 3822 1559 3900 potius
1568 3822 1728 3901 utriusque

177 3918 238 3978 VI.
262 3914 427 3976 Cassianus
439 3913 472 3973 in
481 3912 617 3974 secundo
630 3911 709 3972 libro
723 3910 758 3971 de
767 3908 910 3972 Incurua-
960 3914 1138 3977 substantiae
1151 3912 1444 3974 fueritinchoatum.
1460 3934 1475 3970 1

137 4009 221 4070 tione
233 4017 333 4067 contra
348 4004 535 4079 Nestorium,
552 4003 651 4083 capite
664 4007 763 4078 sexto,
776 4002 911 4081 impium
1001 4008 1038 4067 Et
1071 4005 1255 4084 quibusdam
1293 4004 1480 4082 interjectis3
1520 4005 1729 4084 Eutychianos

136 4092 349 4161 hoehoeretiei
362 4095 574 4157 istiusdictum
588 4094 805 4174 reprehendit;
818 4115 833 4153 u
848 4095 910 4154 Ho-
960 4099 1037 4159 duas
1064 4102 1135 4157 ante
1165 4094 1388 4156 adunationem
1420 4100 1546 4155 naturas
1580 4096 1728 4158 exstitisse

138 4192 260 4253 minem
273 4190 390 4269 ipsum,
404 4206 498 4268 quem
512 4188 685 4249 solitarium
700 4186 831 4258 dicebat,
846 4204 911 4246 non
961 4190 1106 4265 dicentes,
1119 4189 1203 4248 idem
1225 4205 1296 4247 cum
1310 4187 1450 4247 Nestorio
1464 4188 1577 4248 sentire
1596 4188 1728 4249 demon·
1766 4189 1769 4193 ’

139 4302 214 4346 cum
241 4285 303 4343 Deo
328 4287 450 4357 natum,
466 4282 519 4343 sed
539 4286 645 4360 postea
658 4297 677 4339 a
692 4280 753 4340 Deo
767 4296 911 4359 assump·
961 4286 1047 4342 strat.
1077 4279 1145 4339 aSi
1175 4279 1238 4339 ittic
1270 4278 1469 4340 interstitium
1502 4279 1730 4358 quantumlibet

140 4383 222 4438 tum.
237 4395 254 4433 1
271 4375 308 4435 Et
322 4373 421 4452 capite
446 4373 608 4451 sequenti:
634 4393 647 4423 1
664 4371 742 4445 Quia
761 4370 910 4440 Christus,
960 4373 1162 4433 interuenisse
1175 4371 1305 4445 dicatur,
1316 4389 1378 4451 quo
1392 4371 1508 4450 aliquid
1519 4378 1591 4432 ante
1603 4390 1730 4452 praeces

141 4468 256 4546 inquit,
271 4470 376 4527 totum
395 4469 463 4525 erat
475 4464 560 4544 quod
574 4464 667 4536 Deus,
685 4463 787 4522 omnis
799 4462 833 4521 in
846 4462 914 4542 ipsa
961 4465 1046 4539 serit,
1061 4467 1094 4524 et
1115 4463 1232 4542 aliquid
1247 4470 1355 4542 postea
1367 4464 1406 4523 sit
1418 4469 1579 4540 secutum;
1605 4483 1641 4539 11
1666 4483 1730 4526 non

142 4560 248 4622 statim
255 4556 392 4619 hominis
405 4556 607 4632 conceptione
618 4554 676 4616 Dei
688 4554 796 4630 virtus,
812 4555 914 4615 omnis
962 4556 1066 4637 potins
1079 4559 1110 4616 et
1123 4555 1187 4633 ipse
1203 4555 1295 4615 fucrit
1308 4560 1474 4635 conceptus
1494 4556 1605 4630 unitio,
1622 4561 1653 4618 et
1664 4558 1732 4637 ipsa

142 4650 315 4712 divinitatis
336 4648 423 4709 venit
451 4647 623 4727 plenitudo.
650 4645 728 4706 Inde
755 4645 840 4706 euim
867 4646 914 4706 ilii
963 4647 1204 4729 primordialiter
1222 4645 1374 4707 exstiterit
1393 4648 1533 4709 unitione
1548 4656 1729 4729 conceptus,
1801 4698 1806 4711 .

143 4743 248 4804 omnis
270 4739 441 4801 divinitatis
465 4738 625 4819 perfectio,
654 4737 738 4797 unde
759 4741 791 4797 et
812 4737 911 4815 origo.
964 4746 1055 4818 atque
1066 4739 1099 4799 in
1108 4739 1202 4817 hujus
1211 4738 1360 4799 unitionis
1369 4738 1479 4801 effectu
1489 4759 1615 4821 prorsus
1626 4759 1730 4818 omne,

145 4835 252 4913 Neque
265 4832 351 4893 enim
374 4847 514 4909 unquam
539 4831 605 4891 sine
618 4830 681 4890 Deo
698 4828 800 4888 111111
819 4828 913 4889 homo
965 4830 1048 4909 quod
1062 4829 1186 4906 dicitur,
1210 4835 1302 4891 antea
1315 4836 1346 4891 11
1358 4837 1481 4911 postea,
1506 4833 1545 4893 sit
1557 4841 1729 4895 remotum:

145 4926 207 5003 ille,
233 4925 287 5002 qui
300 4924 408 5003 utique
432 4921 665 4999 inhocipsum,
689 4919 773 5000 quod
796 4927 871 4997 erat,
895 4940 915 4981 a
965 4922 1037 5000 quia
1049 4939 1113 4980 non
1125 4922 1211 4981 velut
1219 4921 1289 4982 duae
1300 4921 1481 4985 substantiae
1490 4925 1634 5003 primitus
1644 4925 1733 4986 exsti·

147 5018 209 5078 Deo
223 5021 357 5097 oeperst.
371 5035 387 5072 o
963 5019 1080 5087 terunt,
1105 5012 1138 5073 id
1163 5020 1220 5089 est,
1248 5015 1345 5093 ipsius
1356 5016 1503 5076 humanas
1518 5015 1636 5091 tormer,
1661 5034 1731 5094 quse

170 5108 250 5170 'teo
276 5108 408 5185 Magnus
441 5123 584 5167 sermone
606 5109 716 5166 octavo
743 5102 779 5165 dr
805 5103 916 5166 Natali
952 5111 1121 5184 ,suseepta3
1138 5110 1170 5166 et
1183 5105 1319 5181 deitatis,
1335 5125 1405 5185 quae
1419 5107 1562 5186 suscepit,
1577 5112 1613 5167 ut
1625 5124 1732 5166 esrum

148 5199 281 5277 Domini,
310 5220 326 5257 a
348 5199 486 5274 Portum,
515 5198 629 5277 inquit,
658 5198 759 5258 Beatoe
778 5196 915 5275 Virginis
964 5203 1071 5278 postea
1093 5197 1240 5258 adunatio
1269 5204 1462 5277 sequeretur:
1485 5198 1538 5258 sed
1552 5197 1732 5259 hocineffs·

149 5291 267 5372 integre
280 5291 462 5370 cogitemus:
478 5295 515 5352 ut
528 5290 615 5351 carni
629 5337 637 5368 ,
651 5289 828 5368 animmque
841 5308 917 5349 con·
965 5288 1028 5350 bile
1052 5306 1263 5368 magnumque
1284 5289 1469 5369 mysterium
1491 5288 1675 5351 adunatione
1693 5289 1734 5350 sit

178 5494 188 5537 t
204 5491 583 5549 Cap.cmrur.-⁸1Aug.t.roat.
597 5492 669 5537 Sena·
680 5494 742 5536 aaut.
752 5500 772 5535 1.
787 5489 1008 5546 1111-31111111
1023 5491 1099 5545 opusc
1111 5489 1239 5544 Doara-t
1250 5488 1304 5536 ibid.
