4078 6168
341 302 400 363 {58
841 297 1166 362 THEOLOGIGORUM
1193 298 1410 361 DOGMATUM

381 466 531 530 Hoectere
544 471 617 526 sunt
630 464 788 547 praecipua
802 470 909 526 contra
922 465 981 526 hoc
994 463 1107 542 dogma
1157 463 1329 541 hominem,
1366 481 1405 525 ex
1439 464 1561 525 Doridis
1581 463 1798 525 tantummodo
1831 463 1925 542 stirpe

339 560 413 622 fidei
447 575 589 620 errorum
625 556 764 635 fastigia:
800 574 935 636 quorum
958 556 1106 635 pleraque
1157 556 1341 618 descendere
1367 577 1374 616 :
1418 557 1680 635 quemadmodum
1722 560 1850 616 ceteros
1885 554 1925 615 ab
2017 588 2018 637 t

339 653 440 714 varias
454 651 486 711 in
499 655 602 730 partes
621 649 781 722 distracta,
796 649 937 709 novasin
951 648 1107 709 haeresum
1156 649 1265 710 eodem
1300 648 1414 709 Decide
1446 650 1627 728 progenitos
1661 648 1765 709 tilios:
1793 651 1826 707 at
1850 663 1924 707 rere

338 747 454 807 formas
467 743 621 813 abierunt,
646 741 685 801 de
712 740 824 819 quihus
849 746 990 802 accurate
1012 739 1106 820 paulo
1155 759 1214 802 nec
1236 760 1300 803 csse
1314 742 1425 817 Deum,
1450 741 1564 821 ipsum,
1584 759 1686 821 nequa
1702 739 1842 801 Verbum
1854 757 1924 800 car·
2017 730 2019 813 Ξ

339 843 417 919 post.
434 837 512 897 Nam
526 832 648 913 singule
659 850 878 912 percurremus
888 851 1013 912 genera,
1029 837 1060 893 et
1072 832 1105 891 in
1155 850 1229 893 nem
1243 851 1308 894 esse
1321 832 1438 893 tactum
1458 834 1619 894 crederent
1635 853 1642 907 ;
1663 832 1732 893 ideo
1750 831 1925 892 admirabili

339 931 377 991 lis
390 929 561 1009 presertim
581 925 759 1003 diligentius
781 924 1019 997 elaborabimus,
1034 943 1104 1003 quaa
1155 925 1286 1004 quadam
1302 924 1468 1005 prudentia
1479 925 1563 986 beati
1576 925 1724 1005 Apostoli,
1737 942 1807 1003 quae
1825 923 1926 984 homi·

340 1020 507 1083 nobiliores
534 1018 648 1079 scelere
680 1035 715 1079 ac
742 1017 872 1095 perfidia
910 1016 985 1099 (nec
1020 1018 1104 1077 enim
1154 1018 1203 1078 nis
1216 1018 1442 1096 propriaerant
1455 1018 1489 1077 in
1514 1017 1671 1078 Salvatore
1693 1016 1813 1078 tudaeis
1835 1015 1925 1076 initio
2017 1018 2018 1103 t

340 1113 540 1175 inclarescere
570 1109 658 1170 aliter
694 1106 831 1190 possunt)
857 1109 990 1170 haereses
1011 1127 1104 1188 pepe·
1154 1108 1423 1189 praedimhant⁶.»
2017 1110 2018 1139 t

339 1210 464 1279 rerunt,
481 1210 517 1264 ut
535 1202 568 1263 in
591 1207 690 1274 sexto,
705 1206 738 1262 et
762 1201 903 1280 septimo,
920 1218 1055 1281 quorum
1068 1219 1106 1262 er
1196 1202 1236 1262 ll.
1252 1201 1369 1261 Fuinde
1388 1202 1483 1262 secuti
1498 1200 1543 1262 illi
1561 1206 1645 1273 sunt,
1673 1201 1728 1280 qui
1744 1199 1803 1260 sub
1824 1201 1926 1262 Chris
1955 1212 1999 1260 νον

339 1298 457 1379 priore,
487 1295 697 1375 Eutychiana:
723 1311 761 1354 ex
787 1294 901 1369 altero,
926 1294 1107 1355 Nestoriana
1155 1293 1240 1354 tiano
1267 1298 1436 1372 utcumque
1463 1292 1631 1361 vocabulo,
1660 1298 1692 1353 et
1713 1292 1922 1372 professione,
1956 1262 2006 1375 aiu·⁴

338 1388 433 1470 pestis
445 1388 556 1467 erupit.
1155 1384 1317 1446 tudaicam
1331 1385 1369 1445 de
1383 1385 1502 1445 Christo
1523 1385 1707 1446 sententiam
1724 1383 1873 1465 amplexi,
1892 1386 1923 1444 in
1947 1367 2007 1461 Ἢ

1155 1476 1256 1538 νοτίοιο
1269 1477 1402 1537 haereses
1414 1476 1568 1537 abierunt.
1584 1478 1674 1547 Nam,
1686 1483 1721 1536 ut
1729 1482 1812 1537 recte
1822 1476 1926 1537 obser·
1963 1474 2006 1580 ’ρξ’

1155 1575 1264 1629 vatum
1278 1574 1324 1630 est
1337 1588 1355 1629 a
1369 1570 1491 1645 Basilio,
1518 1587 1590 1629 cum
1616 1568 1757 1629 diabolus
1783 1567 1925 1629 animad·
2017 1586 2019 1649 ξ

1158 1665 1300 1733 verteret,
1313 1660 1473 1721 ludaicam
1487 1660 1658 1740 perfidiam,
1671 1678 1741 1740 qaae
1750 1678 1862 1721 rarum
1872 1661 1925 1721 Dei

556 1743 764 1828 CAPUT
825 1744 887 1827 ΙΙ,
1157 1751 1257 1812 filiurn
1271 1759 1374 1832 neget,
1389 1758 1420 1813 et
1435 1753 1605 1813 Gentilium
1623 1759 1749 1826 sectam,
1769 1771 1841 1832 quas
1857 1752 1926 1832 plu-

745 1904 748 1909 ,
1157 1843 1240 1904 rium
1261 1846 1396 1905 Deorum
1405 1845 1523 1906 cultum
1533 1845 1673 1920 adstruit,
1683 1863 1721 1907 ex
1728 1863 1817 1924 aequo
1824 1844 1926 1906 Chris

1157 1935 1249 1995 tianis
1274 1936 1405 1997 invisam
1431 1955 1513 2015 esse,
1543 1956 1579 1998 aa
1619 1936 1669 1998 vel
1700 1938 1826 1998 nomine
1860 1936 1927 2016 ipso
2017 1950 2018 1999 l

340 2041 384 2104 De
397 2039 571 2116 Hoereticis,
587 2038 641 2121 qui
655 2038 763 2101 Divr‘m'
777 2036 865 2101 Verbi
880 2039 1106 2101 incarnationem
1158 2028 1387 2103 detestandam
1404 2035 1505 2089 astute
1518 2029 1550 2089 ld
1564 2029 1757 2108 &Affigitsslitr
1771 2036 1809 2089 ut
1821 2030 1927 2090 mlh&

377 2132 517 2215 funditus
550 2130 741 2212 abnegarunt.
779 2130 928 2193 Tredecim
957 2132 1108 2213 precipui
1159 2118 1218 2181 bus
1231 2120 1440 2181 Christianum
1454 2128 1569 2182 nomen
1583 2123 1928 2201 imponerct3quoam·
2017 2146 2018 2213 p

378 2232 571 2297 recensentur,
587 2241 622 2283 oc
630 2224 767 2304 primum
792 2221 1029 2304 Carpocratr‘oar',
1057 2223 1108 2285 Cp
1159 2211 1928 2293 borumimpietatcmexadversoscrespirientium
2017 2218 2018 2313 l

378 2315 504 2390 cinthus,
520 2315 672 2391 Nazoroer',
685 2314 845 2390 Ebionitoe,
862 2315 1107 2389 Hetccsoec',Arte·
1159 2304 1193 2363 in
1212 2304 1316 2364 fflssdi⁰
1327 2305 1435 2383 P0⁵itis
1448 2304 1513 2365 istis
1524 2305 1737 2385 imlisssssslsslb·
2017 2360 2018 2397 ι

379 2426 457 2484 mon,
478 2405 637 2468 Theodotus
652 2405 985 2482 Cariorios,theodotm
1001 2407 1108 2487 Trape·
1200 2396 1287 2469 Qussd
1299 2396 1426 2475 quidem
1438 2397 1472 2456 in
1484 2397 1577 2457 Verbi
1595 2398 1787 2458 dilifliffliflffl
1803 2397 1928 2461 intuetu
2017 2404 2018 2469 l

378 2500 450 2573 zita,
476 2497 636 2580 Beryttueg
665 2517 790 2579 quorum
815 2499 947 2560 omnium
972 2500 1108 2581 dogmata
1160 2487 1292 2551 Basilius
1305 2488 1347 2549 ita
1360 2489 1490 2568 scripsit.
1516 2488 1576 2549 Sed
1587 2507 1654 2549 non
1674 2490 1777 2550 minas
1795 2508 1871 2551 vere
1892 2491 1928 2552 ad
2017 2506 2018 2575 ἦ

378 2591 582 2654 declarantur.
1161 2579 1408 2641 incarnationem
1433 2581 1571 2658 ejusdem
1597 2578 1706 2641 referri
1732 2586 1833 2660 potest
1861 2602 1870 2643 ι
1896 2583 1929 2643 in
2017 2580 2018 2673 l

1160 2673 1249 2752 cujus
1263 2672 1428 2751 pessimam
1441 2672 1729 2752 interpretationem
1743 2679 1879 2753 utraque
1891 2692 1929 2736 ex

181 2790 301 2842 1,„„r0,0m
380 2765 407 2824 I.
434 2765 606 2843 Implorum
636 2764 722 2825 ducit
748 2781 873 2843 agmen,
900 2768 932 2825 et
950 2763 983 2823 in
1006 2763 1107 2826 fronte
1159 2781 1250 2844 aequo
1275 2763 1458 2825 Judaeorum
1485 2782 1521 2825 ec
1543 2765 1713 2826 Gentilium
1742 2767 1930 2845 conspirarit
2017 2758 2018 2845 i

169 2846 314 2941 ὼῗζξρξξξω
339 2856 452 2918 merito
464 2856 996 2935 collocaturludaieapertidia,quee
1006 2857 1109 2918 Chris·
1160 2857 1306 2917 amentia.
1323 2857 1401 2917 Narn
1421 2856 1476 2935 qui
1495 2857 1575 2917 nihil
1595 2858 1883 2937 prmterhominem
1896 2858 1930 2919 in
2017 2848 2018 2923 i

192 2951 291 3006 cattle·
339 2955 408 3011 tum
433 2968 555 3010 merum
578 2967 642 3010 esse
668 2949 797 3009 credidit
818 2948 998 3024 hominem3
1020 2948 1108 3008 nullo
1160 2949 1282 3008 Christo
1303 2949 1434 3027 reperiri
1460 2955 1621 3028 putarunt,
1646 2956 1683 3010 ut
1704 2950 1869 3028 Emeritos,
1894 2970 1930 3011 ac

339 3059 414 3103 vero
429 3041 521 3101 modo
536 3041 645 3100 Deum.
659 3041 722 3101 Nec
733 3040 771 3099 de
784 3039 837 3099 illo
850 3044 974 3100 tantum
990 3040 1108 3100 Christo
1161 3040 1578 3115 Samosetentintertudaeos
1585 3044 1695 3105 merito
1703 3048 1928 3105 numerantur:

339 3133 461 3211 loquor,
480 3131 534 3209 qui
559 3147 669 3193 revera
695 3132 753 3191 fuit
767 3130 930 3209 ejusmodi,
953 3149 1109 3210 quemque
1159 3139 1190 3193 et
1202 3133 1296 3193 iidem
1323 3131 1596 3213 nihilominuspro
1610 3133 1780 3210 gentilibus
1794 3134 1930 3197 habendi
2017 3136 2018 3213 t

339 3223 385 3284 illi
399 3223 1109 3298 nonmodonudumhominem,sedhominum
1160 3231 1243 3300 sunt,
1265 3230 1419 3304 quatenns
1444 3225 1518 3287 huic.
1542 3226 1613 3306 ipsi,
1639 3226 1690 3286 cui
1715 3227 1794 3287 nihil
1815 3235 1930 3308 prseter

339 3316 431 3377 etiam
447 3315 640 3392 intimum,ac
654 3315 856 3376 deterrimum
871 3315 1110 3392 arbitrati,ign'o
1160 3316 1331 3378 humanam
1353 3330 1500 3378 naturam
1519 3318 1690 3397 imputant,
1714 3318 1889 3382 divinitatis
1902 3326 1931 3380 et
2017 3326 2018 3387 j

340 3408 472 3469 miniosa
487 3427 561 3469 nece
573 3407 765 3469 sustulerunt
779 3408 910 3468 :Verum
923 3408 1012 3468 illum
1022 3408 1108 3468 insu-
1160 3427 1289 3485 nomen,
1299 3415 1330 3470 et
1344 3408 1633 3471 cultumtribuu‘nt:
1648 3415 1684 3471 ut
1696 3411 1808 3472 eodem
1819 3413 1853 3472 in
1863 3411 1930 3473 loco
2017 3438 2018 3489 ss

339 3519 396 3581 per
405 3518 635 3580 quemcumque
651 3500 779 3561 tandem
793 3518 810 3560 c
824 3500 917 3560 sacris
938 3500 1056 3574 litteris,
1074 3519 1110 3561 ac
1162 3502 1292 3562 Basilius
1330 3501 1508 3574 adnotavit,
1549 3507 1580 3563 et
1609 3502 1796 3575 Athanasius
1837 3503 1928 3564 initio
2017 3494 2018 3569 ἶ

341 3594 564 3672 Prophetarum
586 3592 737 3653 vaticiniis
759 3592 909 3671 suspicari
929 3597 1108 3672 potuerunt,
1161 3593 1310 3654 orationis
1344 3593 1438 3670 illius,
1466 3611 1529 3673 qua
1563 3592 1714 3656 Christum
1746 3612 1805 3655 carc
1834 3614 1928 3656 saum
2017 3598 2018 3657 3

340 3690 371 3746 et
384 3687 485 3764 adhuc.
498 3690 672 3764 expectant,
687 3683 767 3745 nihil
785 3684 1019 3757 nisihominem
1032 3684 1109 3761 fore,
1161 3685 1322 3766 approbat.
2017 3756 2018 3759 ρ

339 3784 488 3858 perpetuo
497 3778 690 3857 judicarunt.
1201 3777 1252 3839 lll.
1270 3778 1368 3856 lgitur
1376 3777 1621 3839 Christianorum
1637 3800 1653 3837 c
1666 3778 1806 3858 quidam,
1820 3786 1858 3839 ut
1867 3781 1929 3840 Leo
2017 3782 2018 3831 ἒ

379 3872 525 3932 Testatur
552 3870 612 3931 hoc
638 3868 833 3942 Athanasius,
873 3867 928 3946 qui
951 3867 1111 3947 Apostolos
1162 3871 1245 3950 Papa
1276 3870 1381 3931 scribit
1405 3868 1426 3944 ¹,
1456 3888 1495 3930 err
1529 3870 1726 3931 documentis
1755 3871 1930 3932 Natiuitatis

340 3980 500 4036 excusans,
520 3962 604 4042 quod
626 3962 717 4022 initio
735 3960 921 4040 praedicandi
940 3960 1108 4038 Evangelii,
1162 3962 1285 4023 Domini
1301 3962 1398 4022 nostri
1410 3963 1484 4023 lesu
1504 3961 1626 4038 Christi,
1641 3981 1711 4042 quse
1730 3980 1804 4023 aum
1818 3980 1928 4025 verum

340 4055 379 4117 de
394 4053 880 4116 Christitantummodohumana
894 4059 1004 4112 natura
1017 4051 1111 4113 locuti
1161 4054 1297 4115 hominis
1319 4053 1419 4114 filium
1439 4054 1701 4126 demonstrabant,
1726 4054 1805 4115 nihil
1827 4055 1927 4133 ipsum

340 4146 496 4221 videntur,
513 4167 528 4204 c
543 4163 666 4206 causam
680 4145 749 4205 illos
759 4144 802 4204 ait
812 4143 907 4221 hujus
918 4143 1111 4223 probabilem
1162 4146 1305 4227 amplius,
1328 4163 1423 4225 quam
1448 4145 1585 4206 hominis
1600 4146 1701 4206 tilium
1719 4146 1927 4224 erediderunt,

340 4238 495 4301 habuisse.
508 4238 585 4299 Cum
600 4238 685 4297 enim
696 4235 870 4314 tudaei,qui
882 4236 978 4315 perid
990 4242 1112 4317 tempus
1163 4256 1228 4298 non
1242 4242 1386 4317 putantes
1399 4237 1444 4296 illi
1458 4237 1693 4299 adscribendam
1707 4256 1772 4299 asse
1790 4238 1929 4317 dignita·

340 4330 494 4410 degebant
506 4333 643 4391 errantes
656 4327 727 4407 ipsi,
738 4333 769 4388 et
781 4327 912 4408 gentiles
926 4328 960 4388 in
973 4346 1111 4390 errorem
1160 4336 1225 4391 tem
1254 4329 1321 4409 (sor.
1350 4328 1554 4409 divinitatem)
1583 4348 1677 4409 quem
1704 4335 1735 4390 et
1757 4330 1929 4410 primordia

340 4422 529 4485 abducentes
546 4421 784 4498 arbitrarentur,
805 4419 962 4482 Christum
985 4438 1109 4482 merum
1161 4421 1311 4498 infantiae,
1341 4427 1371 4482 et
1395 4420 1585 4483 incrementa
1610 4440 1773 4502 corporea,
1801 4427 1834 4482 et
1860 4440 1928 4502 pos

377 4625 399 4666 ο
416 4610 443 4665 s.
456 4609 558 4664 Arnas.
574 4606 611 4664 de
624 4608 689 4665 Sco.
708 4608 773 4662 Dto.
790 4605 837 4658 Καὶ
851 4605 894 4674 τὴν
909 4604 988 4660 αἰτίαν
1008 4605 1106 4679 ἔχουσιν
1194 4609 1211 4665 ὸ
1230 4609 1315 4664 Brsrs.
1332 4608 1496 4664 hominus
1510 4613 1616 4663 costra
1630 4609 1698 4665 Sed.
1711 4607 1802 4665 initio.
1822 4609 1928 4679 ’lincol

342 4692 452 4764 εὔλογον.
475 4689 555 4757 ἐπειδὴ
575 4709 622 4762 γαρ
634 4689 657 4742 oi
671 4691 727 4743 τότε
744 4687 866 4743 Ἰουδαῖοι
888 4689 1048 4757 πλανηθέντες
1069 4708 1107 4757 τι,
1158 4691 1205 4763 γὰρ
1223 4688 1274 4745 ἴδεν
1293 4692 1308 4745 ὁ
1330 4693 1406 4762 σορὸς
1428 4684 1473 4745 τοῦ
1492 4695 1654 4759 κακοποιῆσαι
1668 4692 1789 4753 Διάῦολος
1801 4692 1846 4761 τὴν
1869 4695 1928 4766 πρὸς

339 4777 380 4831 καὶ
401 4776 568 4843 πλονήσαντες
579 4771 710 4840 ’Ἕλληνας
729 4769 840 4842 ἐνόμιζον
863 4770 905 4826 τὸν
919 4772 1022 4843 Χριστὸν
1037 4773 1108 4845 ψιλὸν
1158 4772 1296 4842 Ἕλληνας,
1311 4774 1352 4827 κοιλ
1365 4772 1504 4837 Ἰουδαίους
1518 4780 1568 4829 τῶν
1583 4780 1732 4846 χριστιανῶν
1747 4772 1926 4848 ἀλλοτρίωσιν,

340 4859 467 4932 ἄνθρωπον
482 4858 557 4930 μόνον
568 4853 594 4909 ἔκ
607 4855 744 4926 σπέρματος
755 4854 832 4907 Aeolo
840 4853 952 4928 ἔρχεσθαι
965 4855 1018 4909 καθ’
1028 4857 1111 4929 ὁμοιό·
1157 4858 1198 4911 καὶ
1212 4859 1250 4911 ὅτι
1265 4858 1330 4920 εὐθὺς
1340 4855 1367 4911 ἔοι
1380 4863 1430 4911 τῶν
1440 4855 1568 4929 ὀνομάτων
1577 4856 1667 4929 ἔχομεν
1680 4857 1741 4929 πρὸς
1754 4857 1842 4921 σι’ντολνς
1854 4860 1927 4915 κολι-

340 4939 499 5012 cataclistis
512 4944 555 4994 τοῦ
570 4939 645 4993 nomo
659 4938 742 4991 ἄλλων
756 4938 894 5009 γενομένων
904 4938 1004 4991 τέκνων·
1021 4938 1109 4994 οὕτεδὲ
1159 4940 1230 5014 μίως,
1246 4941 1275 4994 τὸ
1291 4941 1410 5013 ἡμέτερον
1425 4938 1512 5002 setosi,
1532 4939 1653 5013 ἑκατέροις
1666 4941 1757 5013 ὄνομα,
1773 4941 1852 5004 οὕτως
1864 4940 1927 4997 ἔκτι-

340 5024 394 5079 Θεον
420 5022 504 5086 αὐτὸν,
531 5020 587 5075 οὔδε
608 5022 646 5075 ὅτι
669 5021 743 5092 λόγος
767 5019 825 5093 σὰρξ
849 5018 944 5093 ἐγένετο
972 5019 1107 5077 ἐπίστευον·
1158 5024 1241 5095 σάγειν
1259 5021 1378 5097 ἐπιχειρεῖ
1389 5024 1461 5078 πάλιν
1478 5023 1522 5092 rhu
1540 5021 1681 5091 Ἰοοδοιΐκὴν
1702 5022 1813 5096 ἄρνησιν,
1827 5025 1869 5079 καὶ
1882 5024 1926 5095 τὴν

339 5108 427 5164 τούτου
449 5106 519 5159 ἕνεκα
541 5103 602 5178 μετὰ
622 5103 715 5170 πολλῆς
737 5106 780 5171 τῆς
804 5104 922 5165 συνέσεως
947 5103 971 5157 οἱ
995 5105 1110 5177 μακάριοι
1164 5102 1465 5176 Ἐλληνικὴντολοθεΐαν

344 5189 492 5245 Ἀτόστολοι
506 5187 537 5242 τὰ
554 5186 694 5259 ἀνθρώπινοι
708 5190 751 5240 τοῦ
766 5186 881 5259 Σωτῆρος
900 5185 1030 5260 ἐξηγοῦντο
1044 5192 1111 5262 τρῶ-

339 5293 381 5329 τον
396 5276 448 5336 τοῖς
462 5270 603 5334 Ἰουδαίοις.

368 5450 377 5496 t
394 5452 440 5498 Sor.
453 5448 582 5497 resuta.
591 5459 610 5495 c.
624 5458 649 5492 rr.
