4072 6164
997 273 1008 288 ἱ

585 312 636 374 DE
655 310 966 405 incensatione,
988 312 1063 375 tte.
1085 313 1137 393 lV,
1159 314 1247 377 ΟΑΡ.
1270 315 1322 379 ΙΧ.
1681 314 1742 377 tls

151 469 922 559 misfioneDeustleret·?s'l'uminepistolapriore
971 477 1044 539 libri
1053 480 1144 554 tertii,
1154 481 1369 544 ublratiouem
1378 483 1528 553 edisserit,
1537 483 1739 560 modumque,

151 558 192 624 od
205 561 395 643 cledonium,
409 588 503 650 quem
517 570 689 634 orationem
702 586 729 634 ιι
744 577 920 643 numerant,
972 588 1035 651 quo
1061 590 1130 635 caro
1154 573 1234 636 Dens
1254 583 1295 636 est
1314 575 1424 656 secta,-
1450 581 1481 637 et
1505 583 1618 659 tpttcoe,
1634 591 1670 634 ac
1688 580 1741 643 td,

151 672 189 717 ex
203 656 342 732 Rustici,
365 661 454 741 cujus
473 681 567 745 suprs
587 666 735 739 memini,
758 664 920 725 versione:
972 664 1124 745 appellari
1148 667 1278 742 meruit,
1306 667 1366 729 hoc
1390 673 1437 730 est
1460 666 1587 750 equalis
1609 665 1681 741 Deo,
1705 683 1742 726 ac

154 769 169 805 ι
183 748 261 810 Haec
275 751 361 812 enirn
378 754 470 816 ambo
494 774 595 819 unum
608 758 834 831 commistione,
860 759 923 818 Deo
974 759 1050 818 Deus
1065 760 1129 837 r‘pso
1139 768 1163 819 θ.

150 839 282 920 quidem
305 844 526 925 inhumanat03
546 850 673 912 homine
698 868 772 911 vero
795 850 921 925 deitato,
1013 850 1199 932 Euthymios
1219 850 1251 912 in
1271 850 1437 934 panoplia,
1465 852 1547 914 inter
1575 853 1742 913 sententias

149 932 199 994 rel
235 938 472 1014 quomodolibet
499 943 569 1021 quis
602 941 769 1005 nominetl.
803 967 818 998 ι
858 943 924 1004 Ηοο
973 940 1124 1021 quasdam
1136 943 1277 1005 collectus
1297 962 1336 1004 ex
1358 945 1450 1005 variis
1470 945 1628 1019 Patribus,
1644 962 1741 1005 unam

150 1027 328 1103 expressius
350 1031 389 1090 ad
411 1032 551 1111 Gregorii
566 1040 714 1108 mentem,
730 1052 826 1115 quam
839 1034 923 1113 quod
971 1035 1078 1111 hebet,
1095 1036 1208 1116 quade
1233 1042 1343 1097 mutus
1357 1045 1541 1098 balluarum
1566 1037 1742 1099 communi·

25 1120 26 1127 ’
147 1121 309 1182 recentior
317 1121 480 1202 interpres,
495 1126 543 1187 vir
555 1128 721 1207 cmteroqui
734 1130 840 1190 Graece
854 1126 926 1188 doc·
972 1128 1092 1190 catione
1101 1146 1208 1207 agens,
1221 1130 1389 1208 quamdam
1404 1130 1538 1209 appellat
1552 1155 1566 1183 ι
1575 1130 1739 1209 aeqrmlem,

149 1210 315 1282 tissimus,
343 1216 478 1277 reddidit
497 1236 532 1292 3«
548 1219 647 1280 Ambo
667 1219 751 1280 enim
772 1220 923 1280 haeccon·
972 1219 1025 1280 sed
1039 1219 1232 1296 dissimilem,
1249 1221 1331 1281 utin
1345 1222 1407 1285 Deo
1424 1222 1646 1295 inhumanato,
1662 1221 1741 1283 etin

149 1302 288 1365 nexione
303 1322 404 1368 unum
418 1316 500 1382 sunt,
516 1311 590 1385 Deo,
613 1311 764 1373 nimirum
777 1312 924 1373 humani·
971 1311 1100 1373 homine
1114 1312 1264 1374 deificato.
1283 1314 1429 1386 eramvis
1442 1314 1527 1375 enim
1537 1319 1660 1375 tentum
1674 1313 1740 1374 dei·

149 1400 919 1484 tenemurquehominediviuitatemsuscipiente.»
972 1401 1083 1464 ficatus
1107 1404 1147 1464 sit
1167 1411 1343 1484 assumptus
1357 1406 1464 1475 bomo,
1481 1412 1632 1484 quantum
1647 1406 1741 1466 inhu-

148 1485 231 1548 Nam
241 1495 371 1570 σύγκρασις
380 1493 451 1573 plus
464 1501 509 1556 est
521 1496 650 1576 aliquid,
665 1515 759 1576 quam
769 1502 921 1573 commem,
973 1501 1116 1556 mansius
1129 1502 1176 1557 est
1195 1497 1249 1576 qui
1263 1498 1427 1577 assumpsit
1449 1500 1546 1559 Deus:
1578 1496 1741 1577 (siquidem

149 1584 181 1639 et
194 1583 429 1646 commistionem
449 1587 615 1666 significat.
643 1590 725 1650 Tum
745 1589 923 1651 humanitas
972 1586 1006 1645 irr
1028 1604 1167 1666 corpore,
1183 1589 1341 1659 stenima,
1358 1594 1389 1649 et
1400 1595 1505 1651 mente
1519 1596 1584 1650 tam
1598 1588 1743 1649 inhuma-

147 1689 218 1732 non
232 1674 305 1734 satis
318 1679 482 1740 commode
495 1680 641 1760 mmr'yrere
654 1680 923 1742 divinitatemdici·
972 1678 1056 1739 natio
1086 1678 1168 1740 taeta
1195 1685 1259 1755 est,
1289 1698 1384 1758 quam
1410 1681 1572 1751 deificatio)
1602 1680 1742 1740 dissimili

147 1769 214 1825 tur.
231 1765 375 1830 Notands
387 1788 480 1849 porro
494 1776 540 1833 est
559 1772 675 1834 factitia
698 1773 750 1833 illa
770 1790 848 1845 vox,
863 1771 924 1834 dei·
972 1773 1078 1831 tumen
1091 1770 1123 1831 id
1137 1772 1258 1832 ratione
1271 1773 1411 1848 contigit.
1436 1774 1517 1833 Deus
1530 1772 1614 1833 enim
1629 1779 1742 1833 natura

148 1863 248 1933 ιοιοσ,
264 1877 361 1938 qnam
375 1860 504 1941 fingere,
524 1882 559 1925 sc
573 1864 747 1925 subrustice
760 1865 844 1944 loqui
860 1883 924 1925 ma·
972 1860 1069 1923 iectus
1083 1870 1129 1923 est
1142 1863 1257 1924 bomo:
1275 1870 1305 1924 at
1320 1864 1371 1924 bic
1388 1863 1580 1926 institutione
1594 1863 1738 1925 Deest.»

146 1948 209 2010 luit
226 1950 383 2029 Rusticus,
399 1971 494 2033 quam
507 1956 697 2017 Nestoriauis
714 1956 922 2018 calumniandi
973 1954 1030 2027 Qui
1039 1954 1124 2015 locus
1134 1956 1362 2033 singrdarisest,
1373 1974 1475 2036 neque
1486 1961 1558 2017 satis
1568 1956 1740 2035 expeditus,

146 2061 261 2105 ansam
275 2045 424 2125 prebere,
434 2047 922 2130 sideificotnmautDenmfoctum
972 2053 1126 2126 quatenus
1141 2047 1236 2109 Deum
1250 2048 1294 2110 ait
1312 2054 1423 2110 nutura
1446 2067 1504 2110 ene
1523 2054 1634 2128 tactum
1649 2047 1743 2108 nomi-

147 2135 314 2198 scriberet.
520 2132 527 2147 '
972 2157 1057 2215 nem;
1072 2139 1217 2201 bominem
1239 2159 1307 2202 vero
1331 2149 1394 2202 tlon
1416 2142 1532 2221 sectum
1553 2142 1659 2201 Deum.
1680 2140 1743 2201 No·

188 2227 280 2289 ldem
300 2230 469 2310 Gregorius
496 2233 635 2295 oratione
659 2251 765 2297 xxxin
788 2238 820 2295 et
844 2252 920 2296 xm.
972 2231 1060 2292 mina
1072 2232 1141 2295 heea
1154 2233 1217 2294 duo
1231 2233 1331 2296 solent
1343 2234 1426 2293 inter
1439 2251 1471 2294 se
1483 2233 1597 2313 opponi
1611 2236 1742 2312 plorent

153 2344 169 2373 ι
191 2320 381 2395 Procedens,
415 2325 533 2403 inquit,
565 2327 649 2387 Deus
678 2343 751 2387 cum
776 2344 813 2388 eo
840 2327 924 2406 quod
972 2332 1051 2386 θισιιι
1067 2329 1102 2384 ut
1112 2342 1184 2385 cum
1197 2325 1235 2385 de
1251 2326 1327 2387 Filio
1339 2326 1471 2404 agimus,
1487 2325 1583 2385 alium
1611 2325 1743 2386 dicimus

146 2414 329 2493 assumpsit,
344 2433 444 2477 unum
472 2435 511 2477 ex
538 2417 661 2479 duobus
682 2418 765 2478 inter
791 2436 823 2478 se
851 2436 923 2479 con·
972 2415 1157 2488 natumlem,
1184 2424 1226 2478 m
1250 2424 1328 2496 φύσει,
1356 2417 1453 2477 elium
1479 2417 1670 2496 adoptivum,
1699 2425 1741 2479 τον

147 2506 266 2578 trariis,
291 2524 395 2579 carne,
424 2527 459 2570 ac
479 2509 608 2587 spiritu:
635 2526 771 2589 quorum
790 2510 924 2572 alterum
972 2516 1048 2582 θέσει,
1072 2508 1132 2569 hoc
1152 2515 1197 2569 est
1210 2509 1321 2590 gratio.
1339 2510 1410 2570 ldeo
1432 2511 1559 2570 latinus
1580 2510 1742 2589 Euthymii

147 2599 256 2659 Deum
282 2596 374 2676 fecit,
401 2601 533 2663 alterum
557 2603 638 2663 Deus
661 2602 778 2665 laetum
803 2609 920 2664 estne
972 2599 1124 2680 interpres
1136 2601 1239 2675 vertit,
1248 2600 1331 2662 domo
1341 2610 1439 2662 entem
1452 2620 1507 2683 per
1515 2601 1645 2681 gratiam
1653 2601 1741 2662 Deru.

150 2691 230 2752 ltem
267 2690 301 2752 in
335 2693 471 2757 lambieo
504 2696 641 2757 carmine
670 2700 774 2757 contro
801 2693 922 2776 Apolli·
974 2692 1036 2753 Sed
1062 2712 1102 2753 au
1126 2711 1191 2753 non
1215 2693 1310 2754 homo
1334 2694 1367 2754 in
1396 2694 1526 2764 Christo,
1552 2694 1697 2768 naturali,
1712 2700 1743 2755 at

147 2802 275 2856 neren,
971 2784 1164 2845 substantive
1178 2784 1262 2838 θνώοει
1276 2786 1375 2846 factus
1391 2791 1437 2847 est
1457 2786 1562 2847 Deus?
1581 2786 1740 2861 Existimo,

971 2885 1080 2937 natura
1095 2876 1155 2938 dici
1168 2875 1262 2937 Deum
1274 2876 1416 2938 dormirem
1428 2875 1555 2957 suctum,
1568 2878 1642 2956 quia
1654 2883 1743 2938 natu-

153 2989 171 3025 e
184 2968 236 3029 Sic
263 2969 348 3047 quod
375 2970 477 3031 Deum
503 2969 588 3046 fecit,
615 2970 856 3049 deificetumque
877 2977 924 3031 est
971 2968 1044 3029 ralis
1057 2969 1138 3030 inest
1163 2969 1225 3030 lieo
1249 2968 1388 3045 facultas,
1408 2974 1440 3030 et
1452 2974 1598 3048 potestas,
1622 2987 1684 3048 qua
1709 2986 1742 3030 sa

674 3065 767 3140 [unae
780 3060 887 3127 neue.
903 3085 918 3120 ο
971 3061 1133 3123 hominem
1147 3060 1247 3122 iacere
1259 3067 1377 3138 potest:
1395 3060 1547 3140 ejusmodi
1559 3067 1663 3122 autem
1677 3078 1742 3122 non

972 3159 1018 3214 est
1040 3153 1076 3213 in
1101 3152 1238 3214 hominis
1264 3160 1392 3225 natura,
1408 3159 1444 3214 ut
1465 3172 1497 3214 se
1522 3155 1620 3214 Deum
1644 3154 1742 3216 facere

190 3245 234 3305 V.
256 3245 393 3305 ioannes
406 3246 624 3321 Damascenis,
645 3247 793 3324 «Ipsum,
809 3245 920 3325 inquit,
971 3246 1084 3325 possit:
1102 3244 1171 3305 ideo
1185 3254 1260 3315 θέσει,
1276 3245 1336 3306 hoe
1373 3250 1429 3316 est,
1455 3250 1491 3304 ut
1510 3250 1594 3306 recte
1617 3246 1743 3307 vertisse

147 3335 295 3398 Verbum
310 3355 380 3398 caro
394 3335 510 3399 factum
524 3344 578 3411 est,
599 3345 783 3418 conceptum
796 3337 923 3417 quidem
972 3353 1022 3397 me
1047 3336 1190 3411 arbitror,
1213 3335 1415 3410 institutione,
1439 3337 1498 3396 boc
1518 3336 1563 3395 illi
1585 3337 1741 3415 obtigisse.

146 3447 189 3491 ex
204 3428 348 3505 Virgine,
369 3430 570 3509 progrediens
588 3449 664 3491 vero
688 3432 768 3491 Deus
792 3447 864 3490 cum
878 3447 923 3490 as
972 3428 1057 3489 Idem
1085 3433 1193 3489 auctor
1212 3427 1246 3488 iu
1272 3428 1354 3488 calce
1375 3427 1457 3487 tituli
1471 3427 1605 3507 septimi,
1626 3449 1640 3484 ι
1653 3429 1742 3495 Quod

146 3526 279 3599 sumpta
302 3528 425 3595 netum,
444 3520 508 3599 jam
523 3527 554 3582 et
566 3522 632 3601 ipsa
652 3522 693 3583 ab
713 3522 766 3582 illo
783 3521 923 3583 deificata
970 3524 1166 3599 ossrrmptum
1185 3525 1247 3595 est,
1260 3520 1325 3595 ait,
1341 3537 1381 3580 ex
1395 3518 1535 3579 unitione
1549 3519 1615 3599 ipsa
1627 3519 1743 3582 tactum

145 3610 249 3673 simul
271 3618 364 3691 atque
391 3630 455 3673 essa
476 3613 584 3691 coepit:
601 3613 678 3674 adeo
698 3619 735 3673 ut
748 3612 809 3673 tris
829 3612 923 3673 simul
972 3619 1018 3674 est
1032 3610 1143 3671 Deus‘.
1160 3632 1176 3668 ι)

146 3705 212 3765 iste
231 3702 359 3776 fuerint,
375 3694 558 3784 assumptio,
583 3706 756 3780 existentia,
779 3711 809 3766 et
835 3705 921 3765 deifi-
1013 3704 1247 3782 chrysostomus
1261 3701 1559 3782 quoque,siveulius
1573 3702 1644 3781 quis
1659 3705 1743 3780 lnam

147 3795 325 3858 catioillius
339 3815 357 3856 ιι
370 3795 528 3858 Verbum)
549 3797 587 3857 Et
605 3815 689 3868 mox,
708 3799 742 3859 B.
758 3797 923 3876 Virginem
972 3801 1131 3874 suspectus
1154 3801 1198 3855 est
1222 3792 1340 3874 auctor)
1356 3795 1389 3854 in
1415 3793 1543 3854 homilia
1562 3795 1695 3854 secunda
1708 3793 1744 3855 dc

146 3898 269 3952 θιοτόιον
284 3888 316 3948 id
331 3894 378 3949 est
392 3888 451 3950 Dei
464 3889 637 3967 genitricem
663 3889 812 3968 appellari
837 3889 922 3965 dicit,
973 3887 1156 3957 decessione,
1179 3886 1364 3947 «Christum
1376 3886 1415 3946 ed
1435 3904 1491 3945 uos
1502 3885 1620 3945 venisse
1643 3885 1697 3960 sit,
1713 3891 1745 3947 et

153 4006 170 4035 ι
184 3986 314 4061 propter
327 3979 552 4042 deificationem
565 3980 797 4042 humanitatisl.
811 4002 827 4038 »
977 3986 1124 4040 naturam
1157 3984 1294 4038 nostram
1328 3977 1549 4054 assumpsisse,
1577 3995 1613 4036 ac
1642 3978 1744 4039 Deum

193 4071 257 4133 Sed
271 4073 363 4134 latius
380 4073 515 4154 idipsum
528 4073 663 4153 explicat
682 4073 716 4133 iu
736 4073 835 4152 capite
856 4089 922 4132 ιινιι
972 4070 1149 4132 iecisset.»
1180 4070 1320 4130 Andreas
1342 4068 1417 4129 item
1440 4069 1609 4146 Cretensis,
1640 4069 1744 4149 «ejus

188 4311 213 4350 a
231 4293 298 4350 Nes.
315 4309 356 4349 or.
371 4309 464 4349 mvl.
484 4294 513 4347 Τί
526 4293 554 4347 tl
573 4296 660 4366 μεῖζον
674 4292 802 4365 ἀνθρώπου
815 4295 927 4347 concive
976 4293 1039 4363 ὁμοῦ
1047 4292 1157 4364 γενέσθαι
1170 4290 1202 4343 ric
1215 4290 1281 4363 τρία,
1296 4289 1340 4357 τὴν
1353 4289 1501 4362 πρόσληψιν,
1515 4289 1559 4357 τψν
1573 4288 1684 4362 ineptis,
1698 4288 1743 4357 sla

148 4392 219 4448 ιητι.
232 4379 248 4446 ἢ
263 4377 311 4449 θεῷ
324 4378 457 4446 nlenten,
472 4379 513 4431 nal
526 4376 636 4450 γενέσθαι
650 4375 746 4430 debile
767 4379 811 4444 ιῆς
825 4375 925 4448 μίξεως,
974 4375 1059 4429 θέωσιν
1075 4374 1148 4441 αὐτῆς
1161 4367 1359 4445 θιιθτοῦλθγοο.

189 4463 208 4518 ὁ
228 4462 355 4519 stttnz.
374 4468 444 4517 orel.
467 4478 501 4516 ιι.
521 4460 557 4514 rt
576 4460 624 4533 γὰρ
638 4459 764 4532 ἀμφότερα
782 4460 807 4513 tr
822 4463 852 4533 τῇ
866 4479 926 4532 συγ·
1011 4458 1031 4533 f
1046 4457 1114 4513 lbld.
1135 4456 1181 4510 Διὰ
1195 4455 1238 4523 τὴν
1248 4456 1334 4509 θέωσιν
1344 4460 1387 4509 τοῦ
1402 4453 1563 4527 ἀνθρωπίνου.

149 4546 249 4618 πρόσει,
264 4545 319 4599 θιοθ
334 4543 378 4617 μὶν
396 4540 633 4617 θνονθρωινψσανιος,
649 4544 777 4616 ἀνθρώπου
788 4543 814 4596 el
825 4540 926 4597 θεωθέν·
1009 4557 1030 4612 9
1048 4541 1088 4595 ld.
1105 4556 1164 4610 cap.
1191 4552 1258 4593 stu.
1280 4536 1327 4591 Καὶ
1348 4536 1437 4609 belm}
1454 4544 1498 4591 rot
1512 4537 1594 4609 κυρίου
1614 4538 1743 4593 relidebat

150 4646 207 4693 τος,
221 4628 315 4696 birram
328 4628 357 4681 ds
367 4644 404 4689 τις
414 4626 551 4700 ὀνομάσειε.
973 4624 1080 4697 λέγεται,
1095 4625 1136 4677 nal
1151 4621 1251 4694 θμθθεος
1264 4623 1304 4674 καὶ
1315 4620 1367 4682 debe
1380 4620 1499 4693 γενέσθαι.

190 4710 355 4767 enemim.
374 4710 503 4782 Προελθὼν
517 4708 544 4763 tl
557 4708 611 4770 θιθς
626 4708 688 4782 μετὰ
702 4714 744 4777 τῆς
757 4706 925 4782 προσλήψεως,
1010 4705 1028 4760 lc
1049 4707 1131 4761 Eure.
1154 4710 1226 4759 Pon.
1248 4720 1304 4774 par.
1332 4705 1352 4769 l,
1379 4704 1419 4761 tit.
1440 4705 1496 4759 Vll.
1524 4701 1558 4756 ‘ll
1581 4701 1624 4775 ptr
1649 4702 1690 4772 ἴση
1704 4707 1744 4758 καὶ

151 4796 180 4848 is
193 4792 221 4847 ln
234 4791 278 4848 tto
287 4798 337 4848 τῶν
347 4791 463 4847 θνσντθων
476 4793 564 4867 sepulte
577 4793 616 4845 nal
629 4793 775 4866 πνεύματος·
791 4788 827 4846 ὧν
841 4793 870 4846 rb
883 4791 926 4864 μὲν
975 4786 1088 4860 θνθμοιος
1113 4790 1147 4851 ὡς
1165 4786 1203 4841 let
1218 4792 1262 4845 rot
1276 4787 1480 4859 θνθρωιιισθθνσος
1490 4788 1555 4851 θεοῦ,
1574 4788 1615 4840 nal
1629 4782 1673 4841 τοῦ
1686 4789 1745 4841 lism-

152 4877 254 4941 ntem,
264 4877 294 4931 τθ
307 4877 334 4931 dl
348 4874 447 4944 θθιιθθη.
975 4873 1056 4933 θέντος
1071 4871 1206 4943 ἀνθρώπου.
1230 4869 1260 4924 El
1279 4869 1326 4942 γὰρ
1344 4871 1384 4924 nul
1397 4876 1516 4925 τοσοῦτον
1531 4870 1649 4938 {tuddul
1666 4888 1743 4943 προσ-

190 4958 272 5016 dld.
292 4963 324 5016 ln
338 4972 432 5016 carm.
455 4958 546 5014 lamb.
566 4958 799 5023 dimittentem,
814 4958 927 5013 caldeos-
974 4955 1072 5026 ληφθιθς
1100 4955 1241 5027 ἄνθρωπος,
1271 4956 1330 5007 θοον
1358 4952 1541 5026 ἱνηνθρθιιιηοιν
1562 4953 1576 5006 θ
1597 4952 1745 5024 προσλαθὼν

151 5042 195 5098 tle
210 5032 246 5105 sle
259 5044 322 5105 θιθς.
975 5038 1036 5100 debe·
1053 5034 1116 5115 ητθ
1133 5043 1208 5107 σῶμα
1221 5037 1279 5108 γὰρ,
1293 5035 1336 5089 nal
1348 5035 1438 5109 ψυχὴν,
1458 5038 1498 5089 οιαὶ
1512 5040 1579 5097 νοῦν,
1593 5034 1634 5087 nal
1647 5034 1663 5101 ἡ
1678 5033 1746 5087 lanr-

190 5127 340 5184 eDtnssc.
365 5125 415 5181 lib.
438 5125 483 5188 lll,
513 5141 574 5196 esp.
601 5139 650 5180 ιιι,
670 5122 836 5196 Αθτθςγθρθ
853 5122 928 5197 λόγος
975 5122 1108 5193 θριθσησις,
1124 5122 1162 5173 cal
1184 5121 1309 5187 ἡθέωσῑς·
1326 5119 1383 5172 ἀλλ’
1408 5118 1456 5190 Οὖχ
1480 5118 1616 5191 &nollet-⁸
1641 5117 1746 5190 μθγὰρ

152 5207 217 5281 σὰρξ
230 5206 327 5281 θγθνιτο
339 5208 433 5276 ιιιιηθιθς
451 5208 494 5280 ple
511 5204 537 5260 ln
557 5208 600 5275 τῆς
614 5208 745 5279 παρθένον,
760 5208 885 5279 προελθὼν
902 5207 928 5261 bl
974 5205 1044 5275 φύσει
1057 5206 1156 5276 γθγονιν
1170 5202 1306 5276 ἄνθρωπος,
1316 5201 1331 5255 θ
1342 5201 1369 5254 δὲ
1383 5201 1446 5255 dien
1457 5202 1518 5265 θινός.

150 5294 208 5355 debe
222 5288 336 5365 perbelle
347 5292 517 5364 προσλήψεως,
531 5293 579 5359 ἤθη
592 5290 632 5345 καθ
647 5295 690 5358 τῆς
710 5290 783 5359 abab<
795 5290 837 5345 ὑπ’
852 5290 927 5344 αὺτοῦ
1010 5290 1023 5343 θ
1042 5287 1112 5343 lbid.
1134 5287 1180 5343 Καὶ
1193 5288 1223 5339 ιθ
1238 5286 1391 5359 πρόσλιψιμσ
1407 5284 1433 5338 bl
1448 5283 1472 5346 θξ
1487 5283 1562 5351 «θοῆς
1574 5289 1618 5352 σῆς
1635 5283 1745 5349 lebetone

152 5376 284 5444 θιωθιίσος
306 5374 402 5448 ipae-,tl
424 5373 458 5438 ct,
474 5374 504 5427 τθ
532 5368 594 5428 elren
617 5374 707 5442 ταύτης
720 5377 867 5446 παραγωγῇ·
894 5374 928 5436 ὡς
976 5368 1076 5437 tezen.

1008 5455 1028 5523 j
1047 5453 1126 5509 Tom.
1141 5453 1163 5508 ll
1178 5450 1271 5507 Surtl.
1298 5450 1374 5506 hom.
1397 5466 1477 5509 οιιιι.
1502 5450 1573 5506 Ἀλλ’
1592 5444 1667 5505 admi
1685 5451 1746 5523 rapt<
