4078 6162
594 332 644 392 DE
664 328 966 407 INCARNA'IIONE,
989 331 1061 391 LIB.
1084 331 1136 407 lv,
1164 331 1250 394 GAP.
1274 332 1313 392 II.
1681 339 1740 398 III

185 492 277 554 VIII.
299 493 409 573 Itaque
435 514 451 553 ιι
475 493 554 556 nihil
574 494 659 559 aliud
682 495 741 558 illis
763 498 798 558 in
821 496 924 559 verbis
975 495 1092 576 aliquid
1113 497 1262 577 refugisse
1276 490 1446 570 videretur,
1466 515 1594 559 carnem
1612 495 1670 576 pro
1683 499 1741 560 ho·

137 584 245 646 debet
266 586 401 666 intelligi
426 585 485 669 (ait
508 586 613 649 Βοόοι
635 595 719 650 etex
732 608 769 651 eo
792 590 925 651 Albinus
973 589 1058 650 mine
1071 590 1213 668 posuit.»
1231 589 1308 651 Vide
1323 590 1469 651 eumdem
1483 590 1564 651 libro
1577 592 1741 652 LXXXIII

139 677 308 760 FIaceus')
323 698 417 758 quam
444 680 470 740 si
497 680 652 743 diceretur
668 729 676 759 ,
691 688 723 743 ct
736 685 816 744 Deus
829 684 924 743 homo
973 681 1237 761 questionumqu
1253 698 1344 745 lxxx.

136 768 253 832 faetus
279 777 337 833 est.
361 773 402 834 Ut
425 772 503 834 sicut
522 772 654 853 quisque
674 781 815 836 nostrum
842 793 924 836 unus
1014 774 1072 834 Cui
1083 792 1147 835 non
1161 775 1301 836 absimile
1313 781 1375 852 cst,
1390 774 1474 853 quod
1496 776 1671 836 Bernardus
1685 776 1739 854 ait,

136 861 248 923 homo
259 881 301 925 cx
315 882 406 927 earne
418 871 539 926 constat
552 872 584 928 et
596 867 702 929 anima
714 888 721 929 :
735 869 779 929 ita
790 886 871 929 unus
885 867 923 930 ab
974 864 1132 927 Christum
1143 868 1295 945 majorem
1307 868 1536 947 quodammodo
1551 869 1637 929 carni
1646 869 1743 929 hono-

138 955 380 1018 Incarnationis
393 964 533 1038 tompore
551 959 690 1021 Christus
701 978 740 1021 ex
751 960 922 1036 divinitate,
972 974 1041 1017 rem
1064 958 1189 1033 habere,
1214 978 1308 1039 quam
1336 960 1463 1034 animae,
1489 960 1623 1020 eumad
1655 960 1741 1021 illam

135 1065 256 1122 carne,
281 1055 313 1111 et
326 1050 430 1112 aalma
443 1054 581 1131 constet.
598 1053 680 1114 oeus
693 1053 732 1114 ab
750 1059 866 1114 aterno
889 1054 924 1113 in
973 1051 1180 1127 excitandam,
1213 1070 1250 1113 ac
1280 1053 1445 1127 beandam,
1477 1069 1543 1112 non
1576 1059 1612 1112 ut
1642 1054 1740 1132 prius,

136 1146 308 1204 arternum
329 1143 463 1205 existens
478 1162 582 1220 verus,
610 1151 737 1223 uteret,
763 1145 925 1207 hominem
974 1144 1098 1221 quando
1112 1145 1330 1225 recuperandae
1352 1145 1441 1206 istius
1460 1162 1552 1205 carisa
1572 1145 1740 1222 descendit,

136 1251 181 1294 cx
207 1240 357 1316 tempore
381 1254 542 1298 emuniens
560 1237 594 1299 in
607 1237 760 1301 unitatem
775 1258 839 1300 suae
852 1258 923 1319 pcr-
972 1234 1111 1312 humliis,
1124 1242 1156 1298 et
1167 1237 1317 1310 mortalis,
1339 1238 1393 1299 sad
1406 1237 1566 1316 majestate
1590 1256 1626 1300 ec
1645 1238 1743 1317 gloria

136 1342 235 1387 sonae
249 1346 480 1409 vernm,quem
494 1348 559 1391 non
572 1330 734 1393 habuerat.
749 1353 761 1390 ι
774 1332 927 1411 Ethugn·
974 1344 1136 1390 coruscans
1165 1329 1319 1391 adveniet.
1350 1330 1520 1390 «Humilis
1546 1330 1632 1390 enim
1656 1331 1742 1410 prius

136 1419 251 1480 sunus
265 1421 302 1481 in
315 1421 444 1501 epistola
463 1440 532 1503 cna,
548 1424 648 1503 capite
661 1441 693 1485 v.
714 1446 729 1483 o
744 1424 827 1486 Nihil
839 1426 925 1486 aliud
973 1420 1059 1481 venit
1072 1421 1192 1482 animes
1208 1421 1345 1497 salvare3
1364 1422 1506 1482 sublimis
1520 1427 1626 1483 autem
1638 1422 1743 1483 reniet

135 1509 269 1572 dictum
292 1531 372 1586 esse,
408 1513 529 1576 Verbum
551 1534 622 1577 coro
649 1515 843 1594 factumest,
868 1518 922 1593 ait,
973 1512 1103 1575 cadaver
1135 1514 1217 1574 istud
1250 1515 1449 1592 resuscitare,
1485 1519 1517 1575 et
1548 1514 1743 1593 configurare

135 1621 245 1681 quam
272 1606 472 1668 sidiceretur
494 1606 592 1668 Filius
615 1608 670 1670 hei
693 1608 775 1670 filius
788 1610 924 1671 hominis
973 1606 1096 1684 corpori
1126 1605 1273 1667 claritatis
1302 1624 1384 1682 suas3
1411 1613 1447 1668 ut
1477 1606 1642 1667 infirmiori
1671 1607 1744 1668 huic

133 1693 355 1759 iactasset.»
974 1697 1097 1757 vasculo
1120 1697 1382 1760 abundantiorem
1404 1699 1585 1781 impendere
1603 1699 1744 1760 rideatur

177 1789 399 1869 Perspicuum
420 1795 466 1853 est
475 1808 549 1853 vero
566 1793 668 1854 earnis
682 1793 925 1855 nominatorum
974 1787 1138 1851 honorem.
1154 1791 1241 1851 Tunc
1254 1791 1339 1853 enim
1357 1792 1512 1853 videbitur
1525 1810 1591 1852 eum
1600 1798 1745 1873 potestate

132 1879 285 1961 intelligi
299 1882 471 1944 hominem.
485 1884 563 1946 Nam
576 1890 607 1947 et
621 1885 696 1946 alias
707 1907 722 1944 ιι
729 1887 808 1947 solet
823 1888 925 1967 Scrip
974 1899 1083 1960 tropea
1097 1889 1125 1942 et
1139 1882 1289 1962 majestate
1299 1880 1322 1961 ⁷,
1337 1885 1391 1963 qui
1405 1884 1491 1965 prius
1512 1883 1546 1943 in
1564 1883 1744 1944 infirmitate

131 1977 215 2034 tura
245 1975 343 2036 modo
369 1977 502 2051 animae,
527 1977 620 2038 modo
644 1979 746 2039 earnis
772 1980 923 2041 vocabulo
974 1975 1076 2034 tarnis
1089 1974 1264 2036 latuerat-1>

132 2071 250 2127 totum
272 2066 436 2147 designare
460 2069 631 2144 homiuem,
657 2091 672 2129 ο
695 2075 731 2130 ut
756 2070 852 2132 iidem
879 2072 923 2133 illi
1013 2066 1054 2125 ht
1068 2064 1194 2128 Procius
1216 2068 1249 2129 in
1264 2066 1393 2146 epIstola
1407 2065 1447 2127 nd
1466 2067 1627 2144 hermes,
1641 2069 1742 2131 carnis

133 2159 318 2229 adnotant,
335 2178 370 2221 ac
383 2163 498 2240 passim
511 2161 579 2234 alii,
594 2168 630 2222 ut
643 2162 782 2242 Gregorii
797 2163 921 2240 ambo⁸,
973 2156 1086 2218 idcirco
1100 2159 1276 2220 memInissc
1296 2160 1315 2220 J
1318 2177 1452 2220 oannem
1471 2165 1577 2240 putat,
1593 2167 1629 2221 ut
1642 2161 1743 2222 filium

132 2250 379 2327 Nazianzenus,
399 2259 430 2313 ct
448 2254 622 2333 Nyssenus,
638 2260 669 2315 et
683 2254 847 2335 (tyrillus‘,
864 2255 924 2330 Qui
974 2249 1028 2309 Dei
1039 2250 1082 2310 sio
1095 2251 1267 2312 humanam
1280 2257 1426 2312 naturam
1440 2253 1640 2332 assumpsisse
1654 2254 1744 2315 doce·

132 2351 167 2405 er
177 2343 284 2405 aliam
298 2362 423 2405 causam
436 2345 549 2422 affeffl,
562 2347 601 2408 oh
614 2365 710 2426 quam
724 2347 789 2408 sola
802 2347 845 2407 ihi
854 2367 925 2409 caro
973 2346 1032 2417 ret,
1050 2347 1084 2401 ut
1093 2342 1132 2403 ab
1144 2344 1212 2421 ipso
1223 2343 1381 2404 formandi
1394 2344 1531 2405 hominis
1541 2346 1630 2406 initio
1644 2346 1745 2426 auspi·

133 2442 433 2497 commemoratur:
455 2439 603 2500 nimirum
615 2439 698 2520 quod
710 2442 791 2501 Deus
801 2439 876 2500 olim
890 2441 924 2500 in
974 2433 1038 2494 cari
1050 2435 1195 2496 voluerit.
1209 2436 1289 2497 Nam
1303 2453 1375 2497 oum
1386 2435 1481 2497 homo
1491 2438 1525 2496 in
1538 2437 1645 2498 matris
1655 2443 1743 2499 utero

134 2529 309 2589 adamum
336 2530 521 2591 sententiam
549 2529 668 2608 ferens,
699 2549 769 2592 eam
798 2548 924 2613 poenam
973 2526 1124 2605 gignitur,
1146 2546 1211 2588 non
1229 2529 1332 2589 statim
1345 2527 1511 2608 perlectus,
1525 2529 1744 2610 absolutusque

133 2619 319 2695 inflixerat,
341 2640 411 2700 quae
438 2622 478 2683 ad
501 2641 626 2685 earnem
652 2624 749 2685 solam
769 2625 925 2704 pertinere
974 2623 1041 2693 cst3
1068 2620 1121 2680 sed
1135 2619 1277 2681 informis
1290 2620 1426 2700 primum
1448 2626 1494 2682 est
1517 2640 1607 2683 earo:
1632 2622 1744 2685 deinde

132 2713 326 2775 videbatur.
346 2734 362 2771 ιι
376 2714 454 2774 Nam
468 2714 507 2775 ad
517 2716 615 2779 solam
630 2716 785 2794 pertinent
799 2734 925 2777 carnem
974 2709 1125 2789 paulatim
1149 2711 1338 2773 elaboratur.
1363 2714 1442 2774 «Ita
1455 2715 1535 2774 lleus
1550 2715 1691 2777 Verbum
1704 2716 1744 2775 ad

134 2806 194 2868 illa
218 2805 337 2878 verba,
357 2804 450 2867 Terra
470 2825 508 2877 ee,
524 2806 595 2868 etin
615 2816 727 2869 amam
745 2806 921 2870 reverteret,
973 2801 1163 2882 principium
1176 2811 1207 2865 et
1219 2804 1358 2865 radicem
1371 2804 1519 2866 humane
1537 2807 1745 2885 generationis

134 2901 252 2975 Quare
277 2898 425 2976 oportuit,
452 2899 485 2960 id
506 2900 589 2980 quod
616 2903 752 2962 maalme
775 2903 809 2961 in
834 2900 925 2962 nobis
972 2911 1137 2957 recurrens
1150 2896 1290 2977 primum
1310 2915 1381 2958 caro
1406 2897 1523 2958 factum
1546 2904 1607 2959 est:
1624 2917 1690 2960 non
1710 2899 1744 2959 in

136 2990 364 3054 calamitatem
390 2997 545 3066 senserat,
578 2993 707 3055 celerius
731 2992 924 3055 adsalutem
973 3005 1098 3050 earnem
1113 2991 1298 3051 conuersum
1312 3008 1320 3050 ε
1336 2988 1435 3051 Absit.
1447 2991 1555 3050 Manet
1566 2992 1652 3052 enim
1664 2991 1744 3051 divi·

133 3082 413 3164 perducturum
422 3082 925 3163 rita,quaenaturteconsentanea
974 3080 1054 3141 nitas
1076 3081 1249 3144 mutatione
1272 3082 1359 3143 omni
1374 3082 1571 3162 superior⁶.r
1594 3083 1653 3145 Oui
1667 3102 1744 3145 con-

134 3182 199 3253 est,
217 3175 261 3235 ad
277 3173 495 3253 incorruptum
518 3181 633 3238 statum
652 3177 802 3238 revocari.
825 3179 922 3257 Opor·
973 3171 1049 3233 cinit
1069 3173 1275 3253 Epiphanius,
1300 3176 1414 3235 «Cam
1437 3176 1521 3237 enim
1535 3175 1743 3256 italoquitur,

133 3267 250 3329 tuitid
266 3266 614 3348 quodpassumfucrat,
638 3270 714 3331 mali
733 3269 782 3331 sui
806 3270 924 3332 exitum
973 3264 1026 3342 ait,
1054 3264 1180 3327 Verbum
1206 3284 1275 3326 coro
1297 3264 1412 3344 factum
1435 3275 1489 3344 ert,
1510 3286 1575 3328 non
1591 3269 1636 3330 sic
1647 3270 1745 3350 accipi

133 3360 332 3423 habere⁰.r
973 3355 1075 3431 debet,
1093 3364 1243 3436 tanquam
1252 3357 1394 3419 Verbum
1408 3359 1442 3419 in
1455 3376 1549 3443 carne
1560 3378 1744 3422 conversum

179 3450 358 3527 Gregorius
382 3453 595 3513 Nazianzenus
616 3451 650 3512 in
674 3452 804 3533 epistola
820 3453 924 3533 priore
973 3449 1083 3527 luerit,
1103 3457 1135 3512 et
1148 3449 1252 3530 ipsum
1265 3467 1336 3511 caro
1358 3450 1469 3512 iuerIt:
1497 3453 1547 3513 vel
1570 3453 1603 3514 in
1617 3472 1744 3516 earnem

132 3544 179 3607 nd
197 3542 392 3623 Cledorium,
412 3544 493 3607 hano
519 3546 615 3605 etiam
631 3543 786 3606 rationem
809 3545 922 3623 reddit,
973 3547 1092 3603 mutata
1115 3541 1156 3603 sit
1180 3541 1334 3603 divinitas.
1350 3544 1467 3605 Verum
1486 3563 1559 3613 eum
1582 3546 1744 3611 diviuitatc

137 3659 155 3695 ο
169 3635 268 3718 quod
289 3654 354 3697 non
372 3636 432 3697 alio
454 3636 548 3699 modo
562 3640 685 3716 poterat
698 3637 753 3698 Ilei
771 3655 846 3717 erge
867 3654 925 3698 nos
973 3634 1132 3714 propriam
1155 3634 1213 3695 sibi
1241 3636 1468 3699 humanitatem
1496 3639 1577 3700 Deus
1602 3640 1744 3702 Verbum
1770 3694 1778 3711 ,

132 3726 284 3791 charitas
316 3728 494 3808 significari,
530 3745 625 3807 quam
650 3733 687 3789 ut
714 3729 815 3790 carnis
836 3729 926 3791 fieret
974 3725 1169 3807 anumpitt
1182 3753 1196 3782 ι

132 3821 290 3884 mentio:
315 3820 568 3901 quandoquidem
594 3826 721 3900 propter
743 3838 802 3882 nos
827 3820 925 3882 adid
1013 3820 1061 3880 Ea
1080 3819 1119 3880 iis
1133 3826 1262 3901 apparet
1274 3821 1417 3899 otiosam,
1443 3827 1475 3882 et
1500 3840 1652 3903 nugacem
1678 3841 1744 3886 esse

132 3930 247 3995 nsque
265 3913 350 3991 quod
369 3912 504 3975 deterius
513 3918 570 3990 est,
585 3911 763 3974 descendit⁶
773 3932 809 3972 ι»
832 3918 925 3993 atquc
975 3911 1126 3973 Eustathii
1139 3913 1316 3992 Berytensis
1329 3913 1642 3991 animadversionem,
1654 3916 1744 3995 cujus

134 4007 184 4069 ita
211 4004 479 4084 Theophylaotus.
496 4005 691 4084 Augustinus
713 4005 833 4066 ttemin
847 4005 925 4086 epis
974 4021 1067 4084 supra
1090 4003 1310 4066 meminimus⁸
1326 4026 1333 4066 :
1348 4006 1402 4085 qui
1416 4024 1540 4068 carnem
1554 4016 1744 4087 assumptam

137 4099 213 4161 tola
229 4097 515 4177 illaprozimeante
524 4097 662 4174 laudata,
679 4098 800 4173 ultore,
810 4098 923 4177 inquit,
974 4097 1111 4158 aVcrbo
1134 4116 1200 4159 non
1222 4097 1394 4175 hominem,
1410 4098 1624 4161 dicivolcbat:
1642 4100 1743 4161 homi·

135 4210 201 4253 sno
226 4189 397 4269 Scriptura,
422 4196 458 4250 ut
477 4189 587 4251 Christi
601 4189 811 4251 humilitatem
825 4189 926 4269 magis
974 4207 1049 4251 nem
1067 4208 1142 4251 vero
1161 4190 1300 4251 Verbum
1314 4190 1521 4253 essciactum.
1537 4192 1656 4272 Qqupe
1676 4211 1742 4254 car-

137 4282 338 4358 ostendcrct,
355 4283 510 4346 necarnis
528 4299 645 4344 nomen
659 4300 747 4362 quasi
737 4282 925 4362 indignum
974 4298 1047 4343 nem
1071 4281 1116 4343 ibi
1142 4287 1261 4343 constat
1284 4288 1420 4363 prototo
1440 4282 1579 4356 homine,
1606 4303 1671 4346 non
1685 4303 1743 4364 pro

175 4483 202 4524 ιε
223 4465 292 4522 Gra
304 4468 336 4521 in
348 4467 434 4520 lona.
458 4461 578 4517 Ἐπεὶκα
577 4462 661 4534 lapte
676 4459 793 4533 μόνηνεί
795 4480 850 4535 pero
875 4461 921 4530 τὴν
1007 4412 1137 4517 ei'noca.
1151 4476 1194 4532 ep.
1209 4477 1239 4516 u
1259 4462 1375 4525 Οότοςό
1388 4460 1442 4524 θεός
1458 4462 1534 4534 λόγος
1549 4461 1587 4517 ἐπ’
1608 4463 1682 4533 σόν-ὴν
1697 4464 1741 4535 τὴν

134 4552 235 4624 σάρκα,
250 4568 283 4621 γη
268 4542 381 4612 εί,ί
340 4567 372 4601 κα
370 4544 656 4619 λΛείςγῆνάπελεόσρ
630 4543 767 4598 Γειτοίνυν
777 4546 807 4598 τό
816 4545 923 4616 μάλιστα
971 4542 1060 4616 ἀρχὴν,
1075 4544 1116 4597 καλ
1135 4544 1249 4615 ῥίζαν
1219 4564 1262 4613 της
1285 4544 1434 4617 ἀνθρωπείας
1451 4546 1568 4618 γενέσεως
1581 4545 1741 4622 ἀναδραμὼν,

132 4636 302 4689 nomem
316 4628 341 4684 ἐν
359 4630 419 4703 ἡμῖν
443 4630 591 4702 γοργότερον
606 4627 783 4692 ἀνασώζεσθαι,
765 4629 843 4681 ικαλ
856 4647 919 4700 συμ-
970 4631 1067 4698 apertos
1081 4627 1167 4699 γέγονε
1183 4624 1253 4699 σάρ,ξ
1270 4626 1298 4680 οὖ
1313 4627 1411 4699 τραπείς
1426 4627 1459 4690 εἰς
1477 4629 1565 4701 σάρκα·
1583 4629 1740 4704 phyteuma·

134 4713 429 4788 πλοκῇκάλινεῇπρός
442 4710 507 4779 ζωὴν
521 4710 566 4779 τὴν
582 4711 645 4766 κατὰ
660 4710 729 4782 priore
746 4709 921 4764 ἀνακαλεῖσθαι
972 4710 1037 4781 μένει
1049 4708 1096 4782 γὰρ
1110 4708 1125 4776 ἡ
1140 4709 1224 4777 θεότος
1236 4709 1325 4764 ἀλλοι
1309 4729 1393 4773 ιινσεως
1407 4710 1526 4783 ἀνωτόρα.

135 4800 204 4872 πρὸς
229 4797 373 4871 ἀφθαρσίαν·
399 4794 448 4849 ibn
468 4794 498 4850 τό
517 4793 646 4861 πεπονθός,
668 4792 858 4866 λόσινεθρέσθαι
878 4812 921 4848 τον
1005 4790 1141 4848 dErrrn.
1158 4791 1226 4848 haer
1248 4809 1350 4861 tantu,
1366 4791 1382 4867 ἒ
1406 4795 1451 4851 29.
1472 4795 1522 4849 Κάν
1536 4808 1563 4851 τι
1581 4797 1629 4871 γὰρ
1644 4796 1711 4873 step,
1726 4799 1740 4852 ό

135 4883 233 4935 mod.
968 4874 1043 4947 λόγος
1057 4873 1117 4947 σὰρξ
1129 4873 1235 4947 ἐγένετο
1250 4875 1300 4951 οὖχ
1317 4879 1355 4931 ότι
1370 4875 1461 4950 tredan
1476 4878 1490 4931 ό
1503 4878 1578 4952 λόγος
1599 4878 1631 4942 είς
1650 4883 1738 4954 σάρκα,

178 4962 348 5023 bNtzullz.
369 4961 417 5015 liat
438 4962 491 5035 ἅμα
504 4961 548 5015 oin
561 4953 711 5025 ἀλλωςοίόν
727 4954 796 5026 rehu
810 4957 854 5026 τὴν
875 4963 920 5012 τοῦ
968 4958 1009 5010 καί
1030 4958 1129 5031 γέγονεν
1151 4959 1165 5012 ό
1184 4960 1259 5033 λόγος
1281 4958 1351 5033 σάρξ,
1372 4961 1388 5027 ἢ
1410 4961 1424 5030 ἠ
1448 4962 1740 5035 intempestaeque

137 5051 201 5104 θεοῦ
217 5047 357 5115 δηλωθῆναι
370 5063 426 5119 περι
418 5044 512 5195 ιὴρᾶς
531 5043 660 5117 ἀγάκηνῆ
645 5038 761 5112 hiriane
748 5060 921 5133 υμνηρονευ-
968 5042 1055 5177 σάρκα.
1069 5040 1170 5094 ἀλλά
1148 5060 1191 5096 συν
1206 5047 1235 5115 τῇ
1250 5043 1346 5111 oseae
1364 5040 1437 5097 ἔλαθε
1448 5044 1492 5113 τόν
1503 5043 1607 5098 ἰδίαν
1581 5051 1656 5099 αυτοῦ
1671 5044 1739 5099 itcr-

138 5133 219 5200 θῆναι
232 5128 278 5198 τὴν
287 5130 375 5202 σάρκα,
391 5127 474 5183 inor
485 5127 550 5201 ρας
561 5126 650 5195 κατέόη
664 5125 792 5198 καὶμέχρι
807 5120 981 5198 τουχεί·θ
982 5125 1090 5197 ρώπιρσιν
1106 5122 1206 5179 hotot
1219 5126 1273 5189 θεός
1283 5127 1367 5199 λόγος.

140 5234 230 5288 ρονος.
246 5212 316 5269 Vide
331 5212 537 5269 Theodorctum
552 5213 584 5266 in
600 5208 918 5282 Demorrstrattoaidrtr,

139 5314 212 5372 quae
228 5296 340 5353 suntin
355 5294 432 5352 calce
444 5294 548 5366 dialogi
564 5293 646 5351 tertii.

172 5447 185 5487 1
200 5443 229 5487 In
239 5438 355 5486 Joca-t
368 5436 415 5483 ur.
427 5436 436 5482 l
446 5437 473 5481 te
483 5437 597 5483 loen-t
609 5435 701 5480 darien.
714 5447 748 5493 ep.
761 5435 807 5480 rod
818 5435 876 5482 dted.
891 5433 981 5491 lipsaco.
992 5432 1031 5479 lib.
1042 5434 1050 5478 l
1062 5437 1120 5479 cont.
1132 5434 1243 5479 Iton-I
1257 5434 1413 5492 luseholccp.
1424 5435 1518 5480 rin-tt
1532 5434 1579 5480 bib.
1591 5435 1635 5481 lta
1645 5440 1738 5487 tm..

142 5504 159 5549 θ
172 5506 230 5553 Gen
242 5502 325 5547 ιιι-7
338 5502 389 5545 teo.
402 5511 445 5549 m.
455 5498 544 5543 itt-t
556 5499 605 5556 Cap.
620 5510 637 5552 1,
647 5497 694 5554 St.
