4078 6162
540 341 592 402 DE
610 339 912 416 ructabundus,
934 340 1012 401 LIB.
1035 338 1090 407 111,
1113 338 1198 400 ClP.
1220 339 1274 399 lx.
1634 341 1694 402 6Ξῦ

111 507 341 572 turisabsolate
357 512 540 568 vocaretur:
563 506 624 567 nisi
642 506 776 587 perfecte
799 513 879 568 esset
926 506 994 567 loeo
1016 504 1202 584 disputati03
1224 505 1280 565 ubi
1302 503 1462 566 haereticos
1484 492 1696 584 quosdam're·
1783 562 1787 571 .

112 608 289 680 utramque,
305 599 378 679 quia
397 599 479 679 qnod
496 598 678 678 perfeetioni
695 598 781 660 deest
801 599 878 659 sub-
927 599 1082 677 darguens
1095 598 1234 660 animam
1244 598 1358 658 Christi
1366 602 1512 678 putantes
1523 597 1557 658 in
1570 614 1696 657 oannem

112 693 242 766 stantia,
266 691 316 753 vel
339 692 487 767 essentia,
512 692 597 752 deest
621 691 716 751 etiam
738 691 878 771 appella·
927 708 991 752 esse
1006 694 1178 765 mutatam
1201 692 1309 752 itidem
1328 697 1363 751 ut
1380 708 1447 767 nos,
1474 708 1511 751 ex
1529 690 1696 752 nominum

113 785 204 860 tioni;
220 803 260 845 eo
272 784 357 864 quod
366 801 425 843 neo
438 787 551 843 natura
564 783 630 843 sine
643 800 680 842 eo
694 782 777 861 quod
786 800 879 843 suum
927 784 1114 862 proprietate
1135 784 1175 843 ad
1199 783 1268 843 illos
1291 781 1518 844 convincendos
1543 782 1696 844 rationem

112 883 293 951 estmanet3
308 894 367 938 neo
380 879 501 936 uaturoe
517 893 644 950 nomen,
660 874 710 936 eui
728 892 801 934 vera
814 893 879 936 non
927 874 1054 953 eolligit.
1084 895 1100 932 a
1125 870 1228 936 Etiam
1251 892 1350 954 quum
1372 875 1573 936 demutantur
1595 873 1695 953 quali-

111 970 211 1032 subest
236 973 351 1030 natura
376 971 511 1041 oonsht,
539 988 556 1024 n
597 966 710 1027 Omnia
723 967 877 1046 periclita·
928 973 1015 1033 tates,
1031 966 1143 1045 inquit,
1164 967 1319 1047 aeeipiunt
1336 965 1558 1028 vocabulorum
1581 983 1698 1046 posses·

110 1062 237 1136 buntur,
250 1061 296 1121 ait
308 1060 516 1121 Tertullianus
531 1058 771 1138 ¹‚aliteraeoipi,
784 1076 880 1138 quam
928 1059 1040 1119 siones.
1066 1058 1163 1118 Verbi
1184 1060 1295 1137 gratia,
1321 1059 1431 1138 argilla
1452 1063 1587 1133 οιοοοῒο,
1611 1063 1697 1119 testas

112 1162 189 1226 nunt,
210 1159 245 1215 et
265 1151 407 1214 amittere
427 1152 510 1229 quod
530 1159 612 1224 sunt,
635 1151 712 1210 dnm
725 1151 813 1211 aliter
829 1169 880 1212 ae·
928 1150 1114 1212 vocabulum
1134 1151 1282 1230 suseipit3
1307 1169 1365 1211 nee
1384 1149 1593 1211 eommunicet
1605 1168 1696 1210 voea-

113 1246 283 1325 aipiuntur‚
309 1246 334 1304 si
357 1244 459 1314 aliter,
483 1261 579 1323 quam
602 1248 695 1318 sunt,
720 1242 879 1322 oognomi·
928 1241 1004 1302 bulo
1021 1243 1145 1321 pristini
1163 1243 1296 1320 generis,
1316 1243 1390 1322 quia
1409 1259 1468 1302 neo
1480 1258 1553 1302 oum
1565 1242 1632 1321 ipso
1644 1257 1696 1318 ge·

113 1344 243 1409 nantur3
270 1336 346 1397 fides
366 1334 548 1411 nominum,
574 1334 656 1395 salus
677 1340 723 1395 est
744 1335 882 1415 proprie-
929 1351 1016 1395 nere.
1040 1335 1173 1396 Proinde
1196 1341 1227 1396 et
1249 1335 1354 1395 anima
1373 1334 1484 1395 Christi
1507 1351 1577 1394 earo
1605 1332 1694 1398 heta.
1813 1392 1819 1408 ,

114 1435 252 1489 ntum.»
929 1444 995 1487 non
1015 1432 1118 1505 potest
1136 1445 1202 1487 non
1219 1427 1253 1488 id
1272 1444 1337 1487 esse
1360 1427 1443 1506 quod
1456 1424 1536 1486 faeta
1549 1430 1606 1500 est,
1622 1431 1652 1486 et
1665 1425 1698 1486 id

147 1521 225 1581 Nam
234 1519 663 1598 quodbomonoununquam
679 1518 712 1577 in
723 1517 881 1597 Scriptura
929 1536 995 1579 non
1007 1535 1072 1579 esse
1084 1519 1167 1598 quod
1175 1518 1278 1591 fuerit,
1292 1518 1377 1578 aliud
1391 1517 1506 1578 seilicet
1518 1515 1608 1577 faeta
1625 1537 1640 1574 u
1659 1518 1700 1578 Ut

113 1612 291 1691 simpliciter
308 1616 391 1671 terra
413 1610 537 1686 dieitur,
557 1608 637 1670 nihil
662 1609 787 1670 adrem
809 1628 880 1689 per·
930 1610 1026 1688 igitur
1042 1628 1113 1671 caro
1128 1610 1242 1671 Christi
1262 1610 1288 1670 si
1308 1615 1386 1671 esset
1402 1614 1532 1683 mutata,
1549 1626 1620 1669 earo
1634 1626 1699 1669 nou

113 1704 194 1763 tinet
214 1703 306 1763 Certe
325 1701 410 1763 enim
426 1720 500 1762 vera
520 1718 559 1761 ex
579 1706 663 1761 terra
684 1701 882 1780 componitur
930 1702 1064 1781 amplius
1085 1708 1263 1776 vocaretur3
1291 1720 1348 1763 neo
1374 1702 1497 1776 anima,
1527 1700 1553 1760 si
1581 1706 1699 1761 mutata
1813 1734 1816 1740 ·

113 1794 243 1855 hominis
259 1811 390 1873 eorpus:
402 1793 624 1868 atillaeadem,
638 1792 881 1854 sivesubstantia
930 1798 1020 1868 esset,
1036 1794 1160 1854 anima:
1182 1794 1226 1854 ita
1242 1794 1269 1854 si
1292 1794 1343 1854 vel
1360 1793 1415 1854 Dei
1434 1792 1542 1868 Verbi,
1553 1792 1699 1852 'hominis

114 1892 310 1959 eommutata,
326 1886 390 1947 siue
401 1885 600 1964 qualitatibus
612 1889 734 1945 tantum
751 1885 882 1966 (variant
930 1885 965 1945 in
977 1886 1100 1946 Christo
1113 1891 1227 1946 natura
1239 1885 1419 1946 mutationis
1432 1884 1548 1963 aliquid
1564 1889 1697 1961 caperet,

114 1978 192 2038 enim
223 1978 485 2058 philosophorum
512 1978 550 2037 de
577 1994 614 2037 eo
641 1974 814 2056 sententiae)
847 1976 881 2036 in
931 1983 1042 2038 neuter
1053 1977 1105 2037 ille
1116 1978 1345 2058 prop1·ie,l]eus
1359 1976 1408 2037 vsl
1422 1976 1518 2036 homo
1533 1975 1697 2036 diceretur.

114 2071 281 2150 composito
294 2074 446 2130 remanet.
462 2070 502 2129 At
515 2086 617 2147 neque
631 2069 742 2128 Divina
756 2069 887 2143 Christi,
930 2069 971 2129 At
992 2074 1171 2148 utrumque,
1194 2069 1361 2149 separatim
1384 2069 1493 2143 etiam,
1520 2066 1698 2127 nominatus

114 2178 167 2222 nee
188 2162 330 2222 humana
350 2166 464 2221 natura
484 2160 668 2220 mutationis
696 2161 731 2218 in
757 2177 792 2220 re
817 2159 882 2219 ulla
929 2159 1054 2239 legitur.

113 2253 271 2332 quippiam
292 2252 422 2332 patitur.
451 2252 543 2312 Salva
567 2252 678 2330 igitur,
704 2255 736 2310 et
759 2250 881 2329 integra
971 2251 1195 2312 Animadvertit
1213 2252 1272 2312 hoe
1291 2250 1478 2330 jampridem
1499 2250 1696 2325 Athanasius,

113 2350 208 2404 restet
226 2350 355 2422 unaque
375 2360 500 2404 neeesse
515 2348 571 2403 est.
586 2343 657 2403 Nou
670 2347 750 2403 esset
762 2347 878 2417 autem,
930 2348 967 2403 ut
980 2344 1106 2422 quidem
1115 2343 1329 2423 abEuthymio
1344 2343 1455 2404 citatur
1470 2360 1477 2402 2
1496 2341 1588 2422 (nam
1601 2343 1698 2403 alium

114 2435 139 2495 si
151 2435 184 2495 in
198 2453 294 2495 uuam
307 2435 407 2496 ambae
422 2434 771 2507 convenirenttertiam,
785 2433 879 2493 aedi·
929 2434 1022 2495 fuisse
1044 2436 1083 2495 de
1106 2436 1198 2513 stylo,
1223 2439 1254 2496 et
1271 2426 1424 2495 sefibendi
1442 2451 1556 2512 genere
1578 2433 1698 2512 conjec-

114 2544 232 2587 rersam
259 2527 474 2587 substantiam.
498 2525 584 2586 Adde
606 2524 777 2585 locutiones
798 2524 877 2599 illas,
929 2532 1031 2587 turam
1048 2582 1050 2585 .
1065 2524 1216 2606 iacimus).
1250 2527 1307 2586 Ηίο
1341 2525 1436 2604 igitur
1467 2525 1699 2605 qualiscumque

115 2618 221 2696 quibus
251 2618 347 2679 bomo
373 2624 457 2679 terra
483 2618 682 2691 nominatur,
710 2620 765 2676 arnt
787 2616 880 2677 etiam
929 2620 1070 2697 scriptor,
1100 2619 1134 2678 in
1158 2618 1238 2679 libro
1266 2623 1373 2679 eontra
1400 2623 1522 2677 naturas
1550 2617 1642 2677 unius
1664 2618 1699 2678 iu

116 2711 225 2783 anima,
241 2711 386 2771 omnium
399 2709 589 2771 eonlessione
602 2708 751 2787 figuratas
769 2713 800 2767 et
819 2712 882 2767 tro-
929 2709 1049 2769 Christo
1075 2711 1253 2789 compositae
1280 2709 1456 2770 defensores
1483 2708 1577 2769 simili
1603 2726 1698 2787 argu·

115 2800 200 2879 ploos,
219 2803 362 2881 adeoque
375 2819 441 2861 non
459 2800 600 2880 proprias
618 2817 701 2861 esse:
725 2799 881 2859 Christum
930 2806 1035 2862 mento
1054 2819 1129 2862 usus
1146 2802 1298 2875 observet,
1321 2826 1335 2855 a
1354 2801 1525 2862 Dominum
1542 2798 1698 2862 Christum

115 2910 182 2954 raro
195 2892 382 2973 improprie,
401 2891 578 2971 tropicoque
596 2890 646 2951 vel
662 2891 761 2950 Deum
775 2888 881 2969 appel·
930 2893 1066 2954 duorum
1088 2894 1214 2954 illorum
1241 2894 1448 2972 perfectorum
1467 2909 1618 2971 usurpare
1640 2910 1698 2953 no·

115 2984 177 3061 lori,
192 2986 245 3046 vel
257 2986 432 3061 bominem,
447 2985 523 3045 eitra
531 2984 734 3063 impietatem,
748 2987 780 3043 et
787 2981 880 3042 saeri-
930 2984 1027 3058 mina,
1046 2985 1115 3058 Dei,
1136 2991 1167 3047 et
1187 2985 1334 3058 hominis,
1359 2989 1487 3065 propter
1499 2984 1586 3045 illam
1599 2984 1699 3063 ipsam

115 3076 226 3155 legium
241 3095 283 3139 ne
297 3078 425 3156 eogitari
438 3076 565 3155 quidem
578 3081 689 3155 potest.
930 3078 1095 3137 amborum
1113 3076 1345 3154 perfectionem.
1362 3076 1413 3137 Sie
1431 3092 1505 3153 ergo
1524 3076 1636 3136 Christi
1649 3094 1697 3137 sa·

150 3170 258 3247 Neque
278 3187 353 3230 vero
374 3174 495 3230 naturae
509 3168 661 3228 amitalem
681 3170 713 3226 et
732 3165 882 3244 composi·
929 3168 1038 3229 lutaris
1065 3168 1229 3248 appellatio
1261 3187 1346 3229 nuno
1378 3169 1477 3229 solam
1505 3167 1699 3229 divinitatem
1739 3206 1742 3212 -

115 3260 228 3324 fiunem
247 3263 309 3323 hoe
328 3262 432 3322 solum
454 3264 605 3335 removet,
633 3256 882 3337 quodchristus
930 3260 1098 3338 signifieat,
1123 3265 1273 3339 tanquam
1296 3260 1412 3320 nullius
1431 3260 1642 3338 indigentem,
1668 3264 1700 3321 et

113 3350 174 3431 ipse
194 3354 394 3432 singularum
417 3355 451 3413 in
474 3369 507 3412 se
531 3354 713 3412 natruarum
741 3347 880 3427 appella·
929 3350 1117 3430 perfectam:
1134 3368 1219 3411 nune
1227 3351 1455 3411 humanitatem
1467 3370 1476 3425 ;
1489 3355 1596 3430 utpote
1610 3351 1700 3429 enjus

114 3445 230 3506 donem
242 3445 371 3524 reeipit;
388 3443 548 3505 sedetiam
562 3441 645 3520 quod
655 3440 752 3501 altera
765 3456 882 3500 nomeu
930 3442 1079 3503 absoluta
1092 3442 1261 3503 conditioni
1273 3442 1352 3502 desit
1365 3440 1445 3503 nihil
1459 3460 1466 3503 :
1481 3459 1566 3502 nune
1579 3448 1697 3502 utram-

115 3535 240 3597 alterius
267 3544 429 3616 tamquam
463 3535 521 3595 sibi
548 3533 712 3612 proprium
740 3531 879 3591 assumit.
930 3534 1436 3614 que;ntostendaturnat1uarum
1447 3534 1582 3595 duarum
1596 3533 1699 3595 diseri·

115 3626 188 3688 Nam
203 3633 236 3688 et
248 3628 344 3689 homo
364 3630 456 3700 Deus,
476 3632 508 3688 et
523 3627 604 3686 Deus
621 3624 717 3684 homo
739 3627 878 3695 vocatur,
930 3644 1024 3701 men3
1041 3625 1270 3706 superlatio«.
1287 3647 1302 3684 >r

115 3725 289 3780 nouantem
298 3719 414 3795 anima,
426 3722 618 3797 eorpus3aut
628 3713 879 3793 eorpus,anima,
969 3716 1152 3778 Ambrosius
1162 3736 1286 3797 quoque
1299 3718 1476 3781 inseeundo
1487 3717 1569 3779 libro
1581 3716 1696 3794 defide,

115 3812 192 3889 qnod
218 3812 394 3872 Bauardus
414 3811 449 3871 iu
467 3809 547 3870 libro
561 3808 671 3887 quinto
691 3806 729 3866 de
745 3802 881 3867 Coruide-
930 3811 1028 3890 eapite
1041 3816 1164 3889 quarto,
1179 3810 1274 3870 simili
1283 3815 1469 3889 argumento
1478 3810 1556 3870 duas
1567 3809 1700 3870 adstruit

116 3902 227 3963 mione
240 3903 340 3982 capite
360 3919 444 3963 nono
462 3898 691 3962 animttdvertit.
712 3918 724 3954 a
747 3897 880 3956 Tantam
929 3901 1079 3981 pertentas
1102 3904 1137 3963 in
1160 3903 1280 3963 Cleristo
1301 3907 1448 3963 naturas:
1472 3921 1488 3959 a
1509 3899 1697 3976 Seruamus,

116 3992 258 4074 denique,
271 3995 325 4069 ait,
340 3999 467 4073 tamque
484 4007 660 4071 expressam
677 3987 804 4049 unionis
816 3986 881 4046 vim
929 3995 1041 4071 inquit,
1066 3993 1296 4054 distinctionem
1323 3991 1500 4067 divinitatis,
1530 3994 1562 4051 et
1585 3991 1695 4053 earnis.

117 4083 148 4144 in
166 4103 198 4146 se
221 4085 347 4164 prefert
367 4104 404 4146 ea
420 4102 567 4164 persona,
591 4084 626 4143 in
650 4099 712 4160 qua
735 4081 827 4151 Deus,
850 4083 881 4139 et
931 4085 1018 4146 Unus
1031 4085 1066 4144 in
1079 4091 1212 4164 utraque
1225 4084 1364 4164 loquitur
1381 4084 1439 4145 Dei
1452 4082 1560 4160 Filius,
1578 4083 1652 4163 quia
1665 4083 1699 4144 in

117 4174 206 4238 bomo
220 4195 304 4238 unus
323 4182 370 4239 est
388 4177 537 4253 Christus,
552 4181 589 4236 ut
603 4175 629 4235 si
648 4175 712 4234 duo
727 4171 780 4231 illa
795 4170 833 4230 de
848 4187 880 4230 se
929 4178 1039 4239 eodem
1051 4182 1183 4255 utreque
1194 4182 1307 4237 natura
1315 4182 1370 4238 est.
1383 4175 1446 4236 Etsi
1454 4176 1537 4236 idem
1545 4174 1696 4255 loquitur,
1797 4232 1799 4235 .

117 4267 246 4331 iutieetn
259 4270 418 4349 praedices,
433 4266 656 4330 nonerraveris
667 4287 675 4341 ς
687 4261 880 4325 Deumvide·
929 4286 994 4328 non
1007 4287 1072 4328 uno
1092 4286 1215 4348 semper
1229 4268 1368 4348 loquitur
1384 4269 1490 4329 modo.
1514 4268 1643 4329 Attende
1663 4266 1697 4328 in

117 4358 182 4421 boet
202 4361 376 4436 homiuem,
403 4367 435 4421 et
451 4361 611 4421 hominem
632 4360 730 4419 Deum
743 4371 816 4415 vere
829 4371 878 4414 oa·
929 4378 966 4422 eo
976 4379 1060 4421 nuno
1069 4361 1200 4438 gloriam
1212 4360 1281 4437 Dei,
1292 4360 1520 4421 uunehominis
1528 4359 1695 4438 passiones.

117 4450 287 4531 tholieeque
301 4453 521 4529 pronuntians.
536 4453 606 4512 Nou
619 4455 724 4510 autem
739 4445 880 4507 similiter
929 4453 1021 4526 Quasi
1044 4454 1123 4513 Deus
1141 4450 1368 4530 loquiturque
1388 4456 1462 4513 sunt
1484 4452 1598 4526 divina,
1624 4450 1698 4529 quia

118 4542 164 4602 rel
178 4562 302 4604 earnem
322 4544 361 4604 do
379 4544 493 4620 anima,
508 4543 558 4604 vel
571 4542 708 4603 animam
721 4539 759 4599 de
773 4555 877 4613 earne,
928 4544 1067 4605 Verbum
1081 4549 1146 4606 est:
1162 4544 1250 4623 quasi
1266 4544 1361 4604 bomo
1379 4544 1454 4605 dieit
1467 4561 1538 4623 ques
1552 4546 1625 4603 sunt
1636 4542 1697 4603 hu·

118 4633 174 4693 nisi
204 4635 422 4696 absurdissime
455 4635 621 4714 pradinas,
655 4631 709 4692 etsi
738 4627 879 4689 similiter
928 4654 1032 4712 mauu,
1048 4636 1120 4714 quia
1134 4636 1167 4696 in
1187 4652 1257 4695 mea
1276 4636 1447 4696 substantia
1465 4635 1693 4715 loquebatur.»

119 4726 218 4786 anima
231 4733 263 4787 et
276 4744 349 4786 earo
363 4744 446 4786 unus
459 4726 498 4786 sit
510 4727 646 4787 homo.»
824 4767 826 4771 «
928 4729 986 4802 Qui
1005 4727 1161 4788 Ambrosii
1179 4727 1265 4788 loeus
1282 4727 1316 4787 in
1336 4727 1490 4805 Ephesius
1503 4727 1630 4807 Synodo
1642 4725 1654 4760 ²
1666 4733 1698 4788 et

153 4816 210 4877 XI.
233 4818 301 4879 llue
313 4818 367 4878 illa
377 4817 450 4878 laoit
461 4816 643 4878 Tertulliani
657 4819 766 4880 eodem
777 4819 831 4880 illo
845 4819 879 4880 in
927 4839 946 4881 a
959 4820 1101 4881 Patribus
1115 4820 1270 4900 plerisque
1284 4820 1396 4881 nitatur
1409 4818 1433 4881 ⁸.

153 5050 174 5090 a
189 5037 274 5093 Eunu.
294 5040 408 5111 panop.
432 5053 489 5108 par.
510 5037 545 5102 ll,
562 5039 603 5094 tit.
620 5038 678 5094 XV.
696 5032 745 5092 Τοῦ
758 5041 879 5095 δεσπότου
927 5059 999 5109 τητα,
1014 5040 1047 5101 ὡς
1060 5039 1168 5107 ἂνενδεῆ,
1178 5040 1220 5106 καὶ
1233 5040 1338 5094 τελείαν·
1353 5044 1395 5093 νῦν
1409 5040 1436 5095 δὲ
1452 5039 1495 5109 τὴν
1510 5040 1695 5112 tripentis-qna,

120 5117 217 5189 Xptoroi
230 5121 261 5175 sle
271 5122 316 5175 ate
327 5122 410 5176 τέλεια
422 5122 584 5194 καλουμένου,
599 5123 639 5175 καὶ
654 5122 720 5188 θεοῦ,
737 5123 778 5176 καὶ
787 5122 879 5195 ἀνθρώ-
929 5124 963 5185 aba
973 5123 1047 5196 μηδὲν
1059 5122 1166 5196 ἔχουσαν
1177 5127 1353 5198 τῇκατασκοοῇ
1363 5123 1467 5186 ἐλλιπές·
1481 5117 1523 5176 οὖν
1532 5122 1558 5175 δὲ
1571 5122 1600 5175 ab
1608 5141 1697 5195 ausap-

120 5217 175 5263 που,
189 5202 227 5255 διὰ
245 5205 274 5258 sb
286 5205 381 5259 τέλειον
395 5203 549 5276 ἀμφοτέρων.
565 5204 631 5259 οὕτω
648 5208 708 5276 γοῦν
729 5204 744 5272 ἡ
760 5206 879 5278 σωτήριος
928 5209 1039 5278 pauper,
1048 5205 1092 5259 ἵνα
1104 5207 1189 5280 δειχθῇ
1200 5206 1241 5259 καὶ
1252 5213 1302 5262 τῶν
1316 5208 1360 5260 δύο
1375 5206 1469 5279 φύσεων
1487 5206 1517 5260 ab
1531 5207 1647 5277 διάφορόν
1658 5224 1694 5271 τε,

119 5288 161 5336 τοῦ
174 5285 277 5358 Χριστοῦ
290 5287 443 5360 προσηγορία
461 5291 503 5341 νῦν
524 5287 567 5360 μὲν
581 5288 658 5358 δηλοῖ
670 5290 746 5361 μόνην
766 5288 810 5357 τὴν
824 5289 878 5343 ded·
927 5290 969 5343 καὶ
978 5289 1082 5344 τέλειον.
1095 5289 1164 5348 Vide
1178 5289 1273 5346 eumd.
1290 5306 1348 5361 par.
1364 5289 1388 5357 l,
1400 5291 1441 5344 tit.
1458 5288 1517 5346 Vll.

146 5470 156 5512 l
171 5468 227 5517 teu.
237 5473 327 5519 decor.-
336 5472 389 5518 Cbr.
403 5482 424 5515 ο.
435 5471 532 5519 run-«t
545 5470 867 5528 rsr‚1.-steo.op.xav‚e.
883 5474 984 5520 riheod.
993 5474 1046 5519 dial.
1059 5485 1076 5517 u
1089 5473 1151 5519 ltaat.
1165 5476 1222 5519 sont.
1236 5474 1313 5526 tem.
1326 5478 1342 5517 t.
1355 5470 1384 5516 lV
1397 5473 1453 5516 sut.
