4078 6168
375 313 433 375 108
950 312 1152 376 ELENGHUS
1171 312 1381 377 THERIAGAE

371 485 473 560 potest
486 481 515 541 ei
527 480 1142 562 violentiainlerri.»lirgoliherevolun·
1190 481 1259 543 alita
1273 487 1347 544 sunt
1367 482 1602 563 interjectomm
1623 483 1779 545 bonorum
1798 483 1947 563 appetitio

372 572 555 634 tasinterim
568 574 642 653 agir,
659 574 858 637 damamiani
872 574 971 636 abillo
981 575 1140 656 impemtoe
1190 592 1257 651 nes,
1272 580 1421 656 tanquam
1432 574 1607 655 mediorum,
1622 576 1656 637 in
1669 593 1739 656 quoe
1752 574 1851 637 besta
1864 592 1947 637 men·

371 666 419 727 vis
432 665 608 729 adhibetur.
1189 672 1236 729 tes
1253 667 1362 742 libere,
1385 669 1445 732 hoc
1465 675 1511 732 est
1528 669 1627 731 libero
1654 667 1782 730 arbitrio
1803 666 1945 732 ianmtur.

412 759 568 820 Caeterum
581 760 638 821 iste
651 760 717 840 ipse
729 762 950 822 sanc'lhomae
963 761 1049 822 loeus
1063 759 1140 821 Vin·
1190 761 1236 821 Ao
1268 762 1534 841 quemadmodum
1566 760 1692 824 habitus
1722 760 1860 834 virute,
1893 780 1947 842 qno

371 852 464 915 canui
472 853 607 915 traducit
623 871 771 927 errorem,
804 854 858 934 qui
883 851 1142 915 voluntatisciioi-
1190 854 1333 935 exemplo
1362 873 1450 917 sanc.
1484 856 1620 918 Thomas
1644 854 1755 930 utitur,
1790 853 1947 917 mluntatis

371 953 412 1005 toa
425 946 685 1028 actus,imperatos
699 964 764 1008 esse
776 946 862 1020 dicit3
872 946 1018 1008 etliberae
1033 946 1141 1007 volun·
1189 946 1422 1009 inclinationem
1431 950 1471 1010 ad
1480 948 1639 1029 propriam
1648 946 1818 1009 honestatis
1825 946 1947 1026 speciem

369 1038 441 1099 tatis
450 1038 611 1100 essentiam
626 1038 660 1099 in
682 1057 719 1100 eo
734 1039 875 1115 collocat,
896 1039 981 1120 quod
994 1056 1066 1099 suos
1080 1037 1140 1098 sibi
1188 1039 1454 1103 vehementiorem
1467 1040 1550 1114 iacit,
1565 1058 1683 1120 suoque
1700 1039 1793 1101 modo
1806 1038 1946 1101 determi-

369 1135 455 1191 actus
481 1131 625 1210 imperet.
652 1131 741 1205 Quod
762 1130 901 1210 joculare
926 1136 1139 1192 commentum
1188 1136 1262 1208 nat;
1291 1150 1356 1193 non
1377 1138 1484 1194 temen
1511 1133 1551 1194 ad
1572 1132 1654 1193 hanc
1672 1132 1786 1212 potius,
1802 1148 1894 1210 quam
1912 1132 1947 1192 ad

368 1222 507 1285 humana
523 1224 614 1301 ratio,
634 1224 751 1286 nedum
771 1223 967 1304 philosophia
980 1223 1137 1303 Peripate·
1188 1222 1280 1286 nlinm
1305 1224 1498 1288 individuam
1523 1225 1679 1287 actionem
1702 1244 1710 1285 ο
1732 1223 1809 1285 odeo
1833 1228 1876 1296 ut,
1897 1223 1946 1285 etsi

367 1316 428 1378 dm
442 1317 644 1392 condemnat3
664 1318 753 1398 cujus
771 1317 933 1397 utriusque
951 1318 1033 1379 sano.
1053 1317 1137 1377 'lho-
1187 1316 1381 1378 voluntatem
1405 1317 1546 1380 absoluta
1569 1318 1748 1380 necessitate
1774 1316 1947 1380 derernim-

261 1459 267 1469 .
367 1410 796 1490 mamdamusinterpretem.
1186 1413 1250 1484 ret3
1266 1409 1374 1483 solam,
1391 1410 1438 1471 uti
1451 1410 1565 1473 schola
1576 1411 1751 1487 nominant,
1767 1409 1947 1490 specificatio

406 1503 477 1563 iam
504 1504 676 1564 secundum
710 1520 808 1577 genus
831 1501 1020 1564 necessitatis
1053 1502 1137 1582 apud
1186 1519 1252 1562 nem
1265 1509 1346 1563 auus
1360 1502 1445 1565 illius
1458 1504 1593 1565 libertati
1605 1503 1820 1574 subtraheret;
1834 1508 1946 1564 utcon-

367 1594 512 1656 eumdcm
534 1613 618 1656 sanc.
640 1596 804 1672 Thomam,
835 1593 914 1676 quod
938 1613 977 1655 ea
998 1593 1138 1655 interiori
1185 1594 1319 1656 uarium
1337 1595 1446 1657 virtuti
1467 1596 1513 1658 illi
1535 1602 1698 1677 peccatum
1717 1595 1842 1658 nullum
1854 1600 1947 1675 ponet

367 1686 556 1749 inclinatione
564 1686 710 1767 procedit,
727 1706 792 1748 non
819 1689 925 1750 minus
947 1687 987 1749 ab
1014 1704 1051 1748 eo
1074 1686 1136 1749 dia·
1185 1686 1373 1749 admittere:
1402 1706 1468 1749 non
1488 1694 1594 1750 tamen
1613 1689 1759 1764 obstaret,
1778 1688 1856 1767 quin
1874 1688 1946 1749 cuca

367 1784 420 1849 tat,
447 1781 530 1860 quod
560 1779 742 1842 Vincentius
774 1780 911 1841 secundo
936 1779 1045 1840 itidem
1066 1779 1136 1840 loco
1185 1779 1288 1840 varias
1303 1785 1334 1841 et
1354 1780 1492 1861 singulas
1509 1781 1577 1860 ejus
1593 1780 1866 1843 virtutinctiones
1876 1780 1946 1841 into-

365 1879 519 1934 numerat.
535 1874 658 1934 Etenim
672 1873 853 1951 hujusmodi
875 1870 1077 1934 inclinationis
1088 1890 1137 1932 ne·
1186 1888 1278 1949 pium
1303 1872 1555 1953 jusaeliberam,
1570 1873 1842 1937 etindifferantem
1853 1878 1944 1954 potes

364 1964 478 2027 cessitas
498 1983 517 2026 a
539 1982 623 2028 ωηο.
653 1966 772 2026 Thomu
790 1965 946 2037 statuitur,
976 1981 1047 2044 quie
1069 1982 1135 2025 non
1186 1969 1281 2025 tatem
1295 1965 1453 2029 retineret.

364 2057 496 2137 simplex
529 2063 586 2130 est,
622 2075 680 2119 nec
716 2076 781 2118 uno
815 2057 920 2136 aliquo
947 2057 1133 2119 determina·
1226 2057 1376 2132 Quocirca
1396 2058 1574 2139 castiganda
1595 2058 1751 2121 Vincentii
1769 2059 1850 2122 ratio
1870 2059 1944 2137 est',

363 2154 407 2225 ta,
446 2151 513 2211 sine
546 2150 677 2230 optandi
703 2151 830 2212 alterius
863 2154 1025 2230 potestate,
1058 2166 1135 2229 qua·
1185 2150 1239 2228 qui
1252 2150 1286 2210 in
1298 2149 1351 2211 illo
1365 2151 1526 2212 tractando
1540 2169 1624 2213 ωηο.
1639 2152 1768 2213 'lhomae
1781 2151 1862 2225 loco,
1878 2150 1945 2212 falsa

363 2240 403 2302 lis
425 2247 472 2302 est
497 2242 715 2319 vincentiana,
743 2261 839 2323 quam
858 2250 1050 2322 prementes,
1069 2260 1134 2302 non
1185 2258 1259 2303 eum
1272 2259 1309 2304 aa
1323 2249 1510 2323 praepostera
1524 2243 1778 2323 interpretatione
1791 2244 1943 2323 corrupit:

364 2334 573 2414 opprimentem
584 2340 673 2396 vocat
689 2355 697 2396 ι
714 2336 768 2397 sed
781 2334 957 2396 voluntaria
970 2342 1016 2395 est
1028 2352 1136 2396 ueces-
1183 2332 1233 2395 his
1259 2334 1387 2396 vocibus
1407 2336 1530 2397 insertis
1558 2335 1602 2416 (ct
1626 2336 1661 2398 in
1686 2354 1785 2399 amore
1808 2334 1942 2406 truita)

362 2426 447 2502 sitas,
469 2427 529 2487 hoc
556 2432 601 2488 est
628 2444 723 2506 quam
741 2433 778 2488 ut
793 2426 890 2488 libere
905 2427 963 2488 sibi
982 2427 1134 2507 quispiam
1183 2430 1332 2505 tanquam
1345 2428 1388 2486 iia
1410 2426 1461 2488 ille
1486 2429 1640 2509 scripserit
1656 2428 1765 2490 :Adeo
1790 2434 1857 2489 «ut
1873 2427 1944 2489 siud

362 2516 520 2597 imposuit,
550 2519 593 2580 ita
613 2518 710 2581 libere
733 2524 834 2599 potest
857 2524 1017 2593 excutere3
1042 2523 1078 2579 ut
1099 2519 1133 2580 in
1182 2517 1279 2580 finem
1310 2518 1508 2599 perfectionis
1540 2520 1718 2601 profecerit,
1740 2521 1944 2582 necessitatem

361 2608 490 2672 homine
503 2609 556 2671 illo
571 2611 684 2685 evenit,
698 2611 786 2691 cujus
796 2611 895 2690 gratia
905 2609 1068 2672 necessitas
1081 2608 1133 2671 illa
1182 2610 1351 2691 quamdam
1362 2611 1443 2673 bene
1455 2613 1579 2692 agendi,
1594 2612 1727 2675 hberam
1742 2611 1943 2695 lamentatio

361 2698 504 2764 bifariam
518 2709 563 2764 est
577 2703 615 2763 ab
635 2721 720 2764 sana.
739 2703 859 2765 Thema
882 2703 1055 2781 distributa,
1078 2704 1133 2783 qni
1181 2720 1289 2764 amore
1313 2702 1464 2786 beatifico)
1499 2705 1607 2767 infarri
1638 2706 1778 2788 possit.»
1803 2707 1942 2767 Potestne

360 2795 425 2855 uoti
447 2794 597 2875 religione
622 2801 704 2857 casta
726 2795 784 2858 sibi
805 2796 932 2859 vivendi
958 2796 1072 2876 legem,
1095 2814 1132 2857 ac
1181 2795 1229 2856 vel
1245 2813 1341 2856 unam
1354 2797 1491 2859 indicare
1504 2797 1649 2877 littemm,
1672 2816 1830 2878 qmsano.
1847 2798 1944 2859 docter

360 2889 576 2950 necessitatem
610 2887 770 2968 imposuit.
807 2888 953 2964 Quamvis
988 2905 1053 2949 non
1092 2886 1132 2948 ad
1181 2889 1394 2950 necessitatem
1417 2887 1503 2950 illam
1527 2890 1561 2950 in
1585 2890 1683 2952 beatis
1709 2907 1784 2952 cum
1811 2889 1943 2951 libertate

360 2978 419 3042 hoc
452 2981 623 3042 secundum
651 2981 840 3042 necessitatis
872 2998 972 3061 genus
994 2980 1132 3042 votivam
1182 2980 1380 3058 conjunctam
1403 2981 1484 3043 circa
1501 2981 1669 3064 hati'ficum
1690 3000 1822 3044 ammon
1837 2983 1943 3044 remoti

359 3071 446 3134 illam
458 3072 671 3134 necessitatem
692 3073 786 3134 refert
804 3091 888 3135 sanc.
908 3073 1057 3148 Thomas3
1078 3072 1132 3134 sed
1182 3072 1319 3135 docuerit
1339 3073 1356 3134 ‘i
1375 3074 1446 3135 Non
1480 3081 1525 3136 est
1559 3075 1613 3137 ita.
1647 3077 1727 3138 Nam
1761 3075 1943 3138 contrarium

359 3163 398 3225 ad
412 3164 551 3240 tertium,
566 3164 650 3244 quod
664 3183 703 3225 ea
724 3163 828 3225 ordine
841 3164 882 3226 ad
893 3164 979 3246 finan
1000 3162 1130 3246 petitur.
1180 3165 1280 3244 plenia
1304 3165 1379 3227 alibi
1403 3167 1627 3246 questionibus
1659 3167 1859 3250 articulisque
1889 3173 1944 3228 ba·

359 3255 567 3318 Nihilominus
581 3255 657 3317 illud
675 3255 793 3317 babitus
812 3258 1002 3337 exemplum,
1017 3258 1129 3319 volun·
1180 3256 1269 3319 didit.

358 3348 429 3409 tatia
446 3347 681 3410 inclinationem
707 3349 774 3410 sine
794 3349 955 3430 dispendio
981 3349 1131 3411 libertatis
1221 3349 1284 3411 Sed
1294 3368 1366 3412 cum
1377 3349 1541 3414 libertatem
1551 3352 1603 3414 hic
1612 3351 1762 3433 appellari
1770 3351 1944 3415 totiesandit

357 3440 542 3520 adjuvantia,
558 3440 643 3521 quod
655 3441 739 3502 idem
754 3442 929 3522 assumpsit,
945 3447 1131 3518 argumento
1180 3443 1318 3504 eruditus
1330 3442 1437 3521 lector,
1451 3443 1630 3506 meminisse
1647 3445 1749 3522 debet,
1764 3445 1825 3508 hoa
1836 3462 1942 3508 nomen

358 3539 478 3594 estnon
491 3550 557 3594 esse
579 3534 792 3594 necessitatem
806 3534 899 3595 istam
916 3534 1129 3596 Vincentianaa
1180 3534 1792 3618 abantiquioribusScholastiaisaucipiti
1803 3538 1943 3618 signitica-

358 3624 503 3701 aimilem,
529 3644 588 3686 nec
608 3643 673 3687 uno
694 3625 956 3706 cucumscnptam
975 3628 1013 3688 ad
1035 3645 1129 3707 appe·
1179 3627 1265 3688 tione
1278 3628 1379 3690 sumi:
1398 3629 1482 3708 quod
1494 3629 1561 3708 jam
1573 3631 1671 3711 capite
1685 3630 1795 3710 quinto
1809 3630 1943 3710 superius

356 3717 487 3779 tendum
501 3718 657 3799 proposito
673 3736 681 3794 ;
697 3717 748 3779 sed
768 3736 841 3780 curn
855 3718 1016 3798 eligendis
1031 3719 1128 3799 pluri-
1180 3719 1455 3783 animadvertinus.
1479 3722 1559 3783 Nam
1577 3740 1659 3803 saepe
1683 3740 1741 3803 pro
1767 3721 1940 3796 miratorio,

356 3809 416 3872 hus
436 3810 530 3873 unius
555 3809 654 3873 libera
680 3815 843 3890 potestate,
866 3815 898 3871 et
920 3810 1131 3873 indifferentia
1180 3811 1244 3872 aive
1257 3819 1414 3893 spontaneo
1423 3814 1566 3891 sumitur,
1587 3821 1619 3877 et
1629 3821 1665 3877 ut
1679 3815 1813 3876 violento
1828 3820 1941 3876 conua-

357 3902 570 3982 conjunctam.
1179 3904 1263 3965 rium
1291 3911 1359 3967 est:
1382 3906 1457 3967 alias
1482 3907 1629 3984 liberum,
1652 3925 1717 3968 non
1742 3906 1940 3970 uoluntarium

396 3995 434 4056 V.
459 3996 540 4056 Nam
561 3995 646 4074 quod
666 3995 830 4057 beatorum
857 3995 1052 4058 mentionem
1074 3995 1130 4058 ibi·
1179 4000 1396 4060 tantummodo
1410 3999 1581 4079 significae
1595 4000 1679 4079 quod
1692 4000 1797 4078 ipsum
1809 4016 1943 4061 necessa·

356 4087 428 4148 dem
447 4086 521 4148 lacit
548 4105 634 4147 sanc.
665 4087 811 4161 Thomas,
837 4087 950 4167 quibus
977 4087 1131 4150 necessitas
1178 4089 1263 4151 rium
1277 4090 1606 4171 essenihilprohibet3
1628 4091 1800 4165 sedetiam,
1814 4091 1942 4172 quodita

358 4177 489 4260 inferior
502 4176 619 4241 addere
632 4177 827 4259 apeudumut
840 4197 968 4260 peccare
981 4181 1051 4241 ideo
1064 4198 1130 4242 non
1178 4179 1233 4256 fit,
1261 4185 1299 4242 ut
1321 4182 1499 4262 oppositum
1523 4183 1551 4245 ei
1577 4183 1646 4245 fleri
1672 4187 1832 4264 potnerit3
1860 4184 1941 4244 adeo

355 4272 493 4350 possint:
509 4288 562 4331 nec
587 4279 682 4332 tameo
695 4277 821 4351 propter
834 4269 886 4333 hoc
909 4279 962 4333 aut
978 4271 1130 4333 libertatis
1179 4291 1240 4354 que
1266 4274 1437 4354 continuent
1462 4275 1587 4345 dicitnr,
1617 4280 1649 4337 et
1665 4276 1694 4338 ei
1716 4276 1801 4356 qnod
1815 4292 1942 4338 necessa·

355 4362 515 4424 voluntatis
531 4360 649 4442 aliquid
660 4360 785 4443 deperit,
809 4371 864 4427 aut
877 4372 958 4426 actua
981 4363 1107 4425 bonitati
1116 4383 1129 4426 :
1178 4366 1272 4443 rium,
1301 4372 1333 4428 et
1352 4366 1544 4445 uniusmodi,
1568 4386 1605 4428 ac
1625 4368 1867 4430 determinatum
1887 4370 1939 4441 est,

356 4454 436 4515 nihil
449 4455 509 4516 hoo
529 4453 770 4516 Vincentianum
790 4462 1003 4518 commentum
1025 4455 1127 4518 suble·
1178 4475 1217 4519 ex
1244 4457 1373 4519 adverso
1397 4459 1573 4538 respondet.
1610 4460 1676 4521 Hoc
1704 4460 1799 4521 modo
1823 4460 1942 4521 libertas

355 4551 420 4607 vat.
436 4547 506 4607 Non
520 4547 605 4608 enim
624 4554 787 4627 propterea
808 4548 905 4610 libera
923 4549 1005 4609 inid
1021 4548 1128 4610 ierun-
1178 4549 1269 4611 liberi
1283 4549 1404 4611 arbitrii
1418 4551 1544 4631 propria
1557 4554 1656 4627 estet
1669 4550 1845 4613 mielectioc
1857 4568 1942 4631 prop

356 4641 421 4712 tur,
456 4637 541 4715 quod
572 4637 712 4700 absoluta
743 4640 924 4703 necessitate
959 4644 1127 4721 appetunt,
1178 4649 1264 4706 terea
1288 4644 1418 4703 vocatur
1437 4660 1457 4703 a
1475 4660 1559 4705 ωηο.
1580 4642 1712 4713 Thema,
1732 4644 1772 4705 de
1790 4661 1854 4724 qno
1872 4641 1941 4704 satis

358 4728 1127 4811 cujusmodiestdivinabonitas,quamsicamant,
1180 4734 1332 4795 hamanus
1345 4734 1418 4795 dixi.

357 4825 481 4881 utnon
508 4819 610 4880 solum
637 4821 737 4883 odisse
763 4828 932 4903 nequeant,
952 4823 1006 4884 sed
1029 4840 1071 4885 ne
1088 4822 1128 4884 ab
1220 4827 1318 4887 Recta
1329 4830 1435 4887 autem
1447 4826 1587 4906 theologi
1599 4827 1730 4907 quidam
1742 4828 1942 4890 observarunt

357 4911 492 4973 amando
518 4912 644 4991 quidem
669 4915 825 4977 desistere.
851 4916 924 4977 Non
944 4916 983 4978 de
1010 4933 1127 4990 amore,
1178 4921 1253 4979 ante
1266 4919 1469 4980 recentiorem
1479 4918 1564 4981 buno
1578 4919 1746 4998 errorem’,
1759 4938 1853 5001 quem
1861 4937 1939 4981 sanc.

361 5004 501 5084 inquam,
515 5004 710 5068 beatificoibi
724 5025 807 5069 sanc.
823 5009 958 5069 Thomas
971 5007 1126 5087 loquitur;
1178 5010 1314 5071 Thomas
1321 5010 1541 5074 hereticorum
1554 5029 1621 5073 esse
1634 5011 1765 5086 docnt,
1780 5013 1942 5092 quiveram

357 5115 452 5177 quem
476 5115 542 5159 non
562 5116 628 5159 esse
642 5097 788 5177 liberum,
811 5100 865 5160 sed
882 5100 1089 5162 necessarium
1104 5098 1127 5176 ¹,
1179 5100 1357 5164 libertatem
1370 5121 1443 5165 cum
1455 5103 1783 5166 absolutanecessitata
1795 5110 1939 5177 constare,

358 5206 454 5268 supra
467 5207 506 5249 ex
518 5190 629 5251 eodem
648 5192 853 5253 ostendimus.
873 5193 994 5254 Verum
1015 5208 1130 5274 prater
1179 5212 1215 5255 ac
1236 5194 1293 5255 soli
1313 5197 1460 5258 coactioni
1475 5214 1652 5277 repugnare
1673 5201 1809 5265 censent.
1834 5196 1942 5277 pleros

358 5298 499 5343 amorem
513 5281 601 5344 illum
613 5284 751 5363 supremi
761 5284 844 5362 finis,
859 5285 1022 5348 aasummi
1041 5284 1127 5365 boni,
1181 5304 1243 5367 que
1269 5290 1485 5352 necessitatem
1508 5306 1528 5351 a
1550 5289 1707 5357 damtione
1733 5290 1837 5353 minus
1858 5304 1941 5350 acon·

386 5486 396 5530 l
412 5485 465 5544 sap.
476 5487 565 5533 rra-t
579 5486 626 5532 Lib.
639 5489 657 5541 1,
671 5499 691 5533 o.
703 5487 795 5534 ran-t
809 5486 838 5532 lit
851 5485 943 5533 Psnnot.
957 5487 998 5534 lib.
1014 5488 1032 5543 l,
1044 5500 1064 5535 ο.
1074 5487 1229 5541 sut-tilu.
1241 5501 1263 5535 rr
1275 5489 1301 5536 do
1310 5490 1373 5537 loto.
