4078 6168
316 317 357 377 88
405 284 733 379 rfluetoatcotttttt
753 313 974 378 DOGMATUM
995 313 1046 377 DE
1066 313 1164 376 true
1183 312 1234 375 ΕΤ
1255 313 1421 391 euertit,
1449 310 1562 374 LIBER
1581 309 1623 388 ΙΙ,
1643 306 1725 370 GAP.
1757 303 1808 367 xt.

316 483 382 543 sire
394 482 510 562 peccati
523 480 659 558 ueniam,
682 481 932 562 infusionemq'ue
941 481 1083 561 justitie.
1133 480 1327 561 parationem
1339 480 1378 540 ad
1390 470 1643 558 justificationem
1659 474 1693 534 iu
1707 472 1906 533 sacramento

316 575 363 636 Ex
389 593 451 654 quo
471 573 599 654 vulgare
622 573 738 635 dictum
760 573 838 635 illud
851 575 1083 654 interpretatur,
1134 568 1324 652 poeuitentite
1338 569 1521 649 capiendam
1537 588 1544 629 :
1562 561 1909 648 u'quamvisoriaturcx

315 672 545 728 sacmmentum
567 685 606 729 ex
623 667 728 727 attrito
742 666 871 728 reddere
889 667 1083 728 contritum:
1135 665 1247 728 timore
1260 681 1425 744 poenarum
1449 656 1683 742 spiritualium¹,
1706 655 1756 718 rel
1775 658 1910 715 eterna-

316 758 466 837 quoniam
486 758 569 819 illius
590 777 649 839 ope
662 759 827 839 poeniteus,
844 776 916 820 cum
928 758 1086 820 attritione
1136 774 1219 831 rum,
1240 774 1310 837 quae
1332 753 1450 817 lumine
1468 753 1542 814 fidei
1560 753 1800 832 cognoscuntur.
1816 746 1909 805 Hane

317 868 383 927 sua,
396 849 533 912 hactum
547 852 692 912 cumdem
702 850 961 913 reconciliationis
974 850 1085 927 aufert,
1136 849 1221 911 enim
1236 849 1377 910 doctores
1393 845 1577 921 scholastici,
1600 846 1654 918 ait,
1676 839 1801 923 proprie
1812 836 1908 898 attri-

317 948 350 1004 ct
372 942 511 1021 justitiae,
539 961 634 1024 quem
657 948 744 1004 extra
771 949 1000 1006 sacramentum
1021 960 1090 1021 par-
1136 942 1256 1003 tionem
1273 946 1427 1002 vocant.»
1451 940 1550 1013 Qunam
1572 935 1684 998 deinde
1710 933 1788 995 citra
1806 947 1910 991 sacra·
2023 922 2024 935 ¹

317 1033 396 1095 fecto
417 1033 535 1113 dolore,
557 1034 621 1096 sire
646 1034 834 1097 contritione
863 1036 987 1115 proprie
1008 1035 1089 1097 dicta
1138 1038 1282 1095 mentum
1290 1021 1910 1113 negatidoneamesseadpeccativeniam

318 1126 482 1189 retulisset.
1138 1126 1341 1188 obtinendam
1353 1124 1376 1185 ²:
1394 1140 1505 1186 verum
1517 1121 1681 1184 accedente
1692 1113 1909 1179 sacramentali

360 1219 433 1280 Haec
446 1218 542 1297 igitur
549 1218 804 1281 'tridentinorum
817 1220 948 1281 Petrum
964 1224 1088 1281 sentcn-
1138 1217 1343 1294 absolutionc,
1358 1218 1491 1296 gratiam
1504 1221 1536 1277 et
1553 1211 1747 1275 sanctitatem
1758 1206 1881 1269 infundi
1898 1224 1907 1265 ε

320 1311 373 1386 tia,
389 1312 478 1390 Vega
498 1316 587 1388 teste,
602 1312 663 1372 fuit
681 1311 870 1373 adamussim
895 1330 966 1374 cum
984 1318 1091 1373 nostra
1138 1328 1237 1390 eoque
1252 1310 1345 1371 modo
1358 1307 1594 1388 intelligendum
1612 1322 1690 1380 esse,
1711 1300 1795 1382 qued
1806 1298 1910 1391 31159

321 1421 506 1482 congruens,
516 1408 547 1464 et
556 1403 596 1464 ab
606 1404 959 1466 Armaeanocommento
969 1410 1091 1466 tantum
1139 1403 1264 1480 dicitur,
1279 1406 1506 1464 sacramentum
1520 1398 1671 1462 exattritc
1679 1394 1779 1457 iacere
1791 1391 1912 1454 contri·

170 1517 281 1569 mamam
322 1495 450 1571 (lislam,
466 1504 523 1557 dccv
538 1502 701 1575 cipevhelcr’
717 1503 765 1557 tat
778 1504 860 1576 γαίης.
1140 1501 1220 1557 illm.

150 1571 298 1669 ⁰²in
364 1586 418 1646 llis
427 1586 544 1647 accedit
559 1592 666 1648 auctor
680 1587 897 1649 commentarii
909 1588 948 1648 de
961 1587 1091 1649 historia
1181 1588 1281 1662 Quam
1300 1585 1517 1647 translatitiam
1534 1583 1710 1645 scholarum
1732 1577 1910 1640 doctrinam

323 1679 446 1739 concilii
466 1678 665 1752 Tridentini,
696 1680 854 1741 catholicas
868 1679 983 1759 alioqui
996 1681 1092 1760 partis
1140 1680 1251 1741 eodem
1264 1679 1358 1741 modo
1371 1677 1743 1757 explicat,etpropugnat
1758 1670 1911 1731 adversm

323 1776 449 1849 apertus
466 1771 563 1831 hostis
580 1791 587 1832 :
608 1772 663 1851 qui
680 1772 715 1832 in
735 1772 815 1832 libro
830 1777 951 1852 quarto,
968 1791 1040 1833 cum
1053 1774 1092 1834 de
1141 1773 1311 1834 Lutherum
1322 1772 1459 1832 loannes
1473 1769 1633 1831 Fischerns
1655 1763 1811 1827 Rciiensis
1827 1762 1909 1840 epis-

323 1863 434 1942 synodi
457 1863 579 1925 decreto
607 1863 681 1942 agit,
709 1864 809 1943 deque
836 1865 1032 1941 contritione,
1062 1871 1093 1926 et
1141 1882 1235 1944 copus
1250 1862 1272 1940 ³,
1297 1864 1412 1943 pietate
1432 1862 1490 1935 vir,
1512 1866 1543 1922 et
1560 1859 1701 1920 doctrina
1718 1857 1810 1934 longe
1832 1851 1911 1913 ecle-

323 1954 491 2026 uttritione,
514 1956 623 2016 codem
644 1974 770 2034 prorsus
790 1955 894 2029 modo,
918 1974 981 2034 quo
1004 1975 1093 2036 supe-
1141 1955 1307 2020 berrimus.
1323 1955 1410 2030 Quod
1431 1960 1462 2015 ct
1483 1959 1575 2014 autea
1595 1950 1715 2030 scriptis
1732 1944 1911 2027 prodiderat

323 2046 419 2106 riores
442 2046 488 2107 illi
515 2047 589 2121 duc,
615 2052 646 2108 et
668 2065 725 2108 nos
747 2048 835 2122 adeo,
853 2053 989 2109 mentem
1011 2048 1093 2109 iltius
1140 2048 1277 2109 loannes
1305 2046 1475 2107 Gereonius
1503 2043 1525 2120 ⁸,
1552 2050 1584 2105 et
1607 2048 1679 2103 ante
1710 2041 1793 2100 hunc
1822 2053 1908 2096 sanc.

324 2138 556 2216 interpretatur.
1142 2137 1310 2215 'ihomas‘,
1330 2136 1478 2214 Scotus⁶,
1496 2142 1527 2197 ct
1549 2128 1912 2213 hisantiquiorhlexau·

364 2229 415 2291 tx.
445 2231 560 2290 Praeter
584 2230 642 2290 hos
658 2231 787 2310 adjungi
806 2237 936 2310 possunt
955 2231 1094 2310 ejusdem
1142 2231 1197 2293 der
1208 2229 1366 2306 Alensis⁷;
1382 2237 1450 2292 tum
1467 2247 1506 2290 ex
1524 2229 1608 2289 turis
1627 2222 1767 2287 canonici
1785 2219 1908 2281 eonsul-

323 2320 429 2380 saeculi
446 2322 609 2400 scriptores
622 2340 688 2383 nou
709 2323 819 2401 pauci:
847 2323 1019 2401 quicontra
1036 2324 1093 2383 Ln·
1142 2326 1191 2401 tis,
1207 2325 1261 2404 qui
1283 2324 1537 2385 Tridentinorum
1560 2322 1690 2381 Petrum
1715 2313 1841 2394 aequalis
1852 2310 1913 2373 fuit

327 2413 409 2472 theri
420 2431 527 2474 recens
550 2419 689 2474 exonam
703 2414 846 2475 haeresim
859 2415 968 2475 eadem
982 2415 1093 2476 armati
1142 2417 1293 2479 Martinus
1310 2417 1465 2477 Navarrus
1481 2415 1514 2475 iu
1531 2410 1669 2475 Maenali
1682 2409 1781 2487 capite
1794 2405 1909 2486 primo.

323 2504 464 2566 doctrina
490 2505 688 2567 dimicarunt.
703 2507 745 2566 Ut
758 2506 839 2566 inter
851 2506 928 2567 alios
947 2508 1093 2568 Ruerdus
1142 2508 1172 2588 ᾗ.
1186 2509 1225 2569 li
1239 2514 1271 2569 et
1290 2511 1339 2568 ts.
1364 2507 1465 2587 Atque
1487 2506 1566 2579 haec,
1586 2510 1623 2565 ut
1640 2504 1707 2582 jam
1721 2500 1794 2571 dixi,
1816 2495 1912 2574 vulgo

323 2596 481 2677 Tapperus
494 2597 694 2658 Lovaniensis
707 2598 783 2658 olim
797 2597 914 2674 doctor,
930 2603 961 2659 et
981 2599 1093 2660 acade-
1144 2606 1175 2662 et
1201 2601 1235 2661 in
1259 2600 1476 2679 theologorum
1502 2597 1626 2670 scholis,
1662 2600 1694 2656 et
1712 2596 1745 2654 in
1766 2588 1914 2652 Ecclesia·

323 2688 395 2749 miae
419 2689 645 2751 Cancellarius:
677 2690 731 2768 qui
760 2690 794 2750 in
821 2691 1022 2770 expositione,
1058 2711 1094 2753 ae
1143 2711 1215 2754 rum
1238 2693 1375 2773 pulpitis,
1398 2697 1429 2753 ct
1451 2691 1484 2751 in
1505 2688 1710 2768 usurpatione
1727 2680 1913 2746 sacramenti

324 2779 501 2842 defensione
522 2781 645 2843 articuli
658 2784 759 2860 quarti
774 2781 985 2851 Lovanicnsis.
1003 2785 1093 2844 attn'-
1143 2785 1353 2865 poenitentiae,
1396 2784 1479 2862 apud
1519 2781 1684 2843 catholicos
1723 2774 1911 2839 inveteravit

323 2871 443 2934 tionem
460 2873 588 2954 perinde
607 2874 810 2935 sufficientem
828 2874 918 2936 docet
935 2893 1000 2936 esse
1013 2893 1094 2956 prae-
1144 2876 1264 2958 opinio.

351 3051 362 3093 t
378 3050 432 3105 Tap.
446 3055 499 3094 torn.
512 3050 581 3094 t.-2
594 3050 714 3095 ibidem·
727 3053 741 3096 3
754 3052 867 3097 lutcurt.
881 3063 926 3106 rep.
935 3054 1034 3097 Socim
1051 3061 1073 3097 ct
1082 3054 1106 3098 in
1120 3056 1202 3100 contu
1212 3061 1255 3100 art.
1267 3057 1280 3099 5
1291 3055 1357 3100 huth.
1370 3061 1392 3099 ct
1403 3066 1449 3110 req.
1462 3064 1548 3098 amnon
1561 3051 1626 3097 artic.
1638 3050 1712 3098 tt-tt
1724 3049 1783 3092 Gerr.
1796 3057 1847 3102 par.
1857 3043 1908 3089 tl.-

324 3112 337 3156 5
350 3109 372 3156 S.
388 3111 429 3154 th.
442 3111 465 3155 iu
481 3113 515 3166 tv,
529 3113 580 3158 dist.
593 3113 611 3164 t,
623 3125 645 3169 q.
661 3115 737 3165 1,st
750 3114 773 3157 in
785 3114 892 3172 corp-d
903 3114 993 3161 scotia
1007 3117 1041 3168 rt,
1054 3117 1105 3162 dist.
1120 3118 1186 3175 lt,q.
1199 3130 1256 3163 tu·
1269 3118 1282 3164 t
1298 3119 1359 3162 Ater.
1370 3125 1385 3164 t.
1399 3117 1416 3168 l,
1427 3130 1449 3173 q.
1464 3127 1509 3168 xrr,
1521 3117 1582 3161 dem.
1595 3127 1611 3165 r,
1624 3114 1674 3158 stt.
