4072 6164
319 282 380 348 tta
816 284 1147 349 annotatiooutttt
1168 282 1404 347 mattarum

318 444 358 509 ds
371 444 576 526 humanitate,
591 449 641 513 vel
654 466 756 513 unum
764 449 935 526 Trinitatis,
946 454 1086 513 etimum
1136 447 1909 527 ramanenflunpatoatunumntaarel’snum
2032 470 2033 479 ¹

318 537 541 603 humanitatis:
556 542 678 620 quain
692 543 813 605 Christo
830 542 906 605 tau
922 559 1087 622 personam
1136 541 1174 603 da
1188 541 1353 607 duodsaim
1366 542 1535 622 apostolis,
1551 547 1583 605 et
1605 559 1706 605 unum
1726 542 1762 605 iu
1786 539 1908 605 duode-

318 631 477 711 propriam
501 635 665 713 separatim
692 652 758 699 non
784 634 879 697 habet
897 634 1085 711 humanitas,
1136 632 1208 709 aim,
1223 634 1306 715 quod
1321 633 1404 697 idem
1417 635 1510 714 plane
1528 641 1584 709 est,
1603 641 1698 714 atque
1720 633 1803 701 inter
1826 634 1908 695 duo-¹

318 722 373 783 sed
385 740 517 800 persona
539 726 634 793 Verbi
657 726 724 799 Dei,
750 745 768 788 a
791 745 853 805 quo
880 732 1021 807 suscepta
1040 731 1087 791 aa
1136 725 1247 791 deam.

317 815 395 893 ipsa,
411 813 456 877 illi
469 815 548 881 bata
562 817 751 898 aatpropria.
766 838 783 876 a

358 906 446 979 Quod
463 908 489 967 si
507 909 576 988 quis
590 910 763 990 expandere
776 910 835 973 ista
845 909 988 973 subtilius
1000 910 1085 984 velit,
1136 909 1388 973 enuntiationum
1413 912 1582 977 desiderari
1615 912 1732 992 niquis
1765 907 1909 973 arbitrati

1176 818 1334 881 Postremo
1347 819 1492 882 nonnulli
1514 821 1549 883 in
1571 837 1767 901 quaeumque
1780 817 1909 881 illarum
2032 806 2033 889 i

317 998 422 1063 minus
434 999 571 1079 profesto
588 1002 736 1067 Ferrandi
752 1003 905 1067 rationem
918 1003 1005 1067 illam
1018 1021 1088 1082 pro·
1136 1007 1218 1076 sunt,
1232 1002 1366 1082 addique
1389 1003 1565 1080 voluerunt,
1581 1023 1717 1085 passum,
1736 1002 1787 1067 vet
1807 1000 1908 1065 aruu-
2032 1020 2033 1027 ¹

317 1090 1086 1175 babitquaaindispariaaslissimilivoaabulorum
1135 1091 1246 1170 fixum,
1273 1095 1305 1155 ia
1325 1113 1424 1172 earrsa,
1450 1097 1514 1157 sire
1541 1095 1697 1159 meadum
1717 1112 1856 1169 aarum,
1872 1096 1909 1153 ut
2032 1094 2033 1113 ³

317 1185 971 1267 generatontliotatnr.biquidemduasistae
984 1204 1085 1264 voees,
1136 1186 1282 1245 adversus
1295 1186 1496 1265 arianorum,
1524 1188 1575 1251 rel
1599 1187 1905 1268 apollinaristarum.
2032 1204 2033 1211 ’

318 1293 395 1354 quas
408 1276 490 1339 inter
504 1296 536 1339 sa
550 1285 720 1358 eomparat,
745 1280 895 1355 Trinitas,
922 1284 953 1340 et
980 1277 1085 1341 bama·
1135 1276 1910 1380 Eutychianorumve,stqueomninoTheopasohi

317 1367 411 1439 ustas,
439 1387 504 1431 non
525 1371 634 1433 eadem
657 1372 784 1433 notione
805 1376 986 1446 sementum
1012 1389 1086 1437 nam
1135 1369 1555 1435 tarumneiariaoommenta
1568 1371 1838 1451 prastribemiuri
1852 1386 1909 1448 qm
2032 1384 2033 1389 ’

317 1459 403 1539 prior
421 1478 568 1540 personas
588 1464 714 1543 proprie
733 1462 899 1539 signifieat,
916 1480 1086 1542 earumque
1136 1459 1329 1525 diuinitatem
1353 1461 1453 1543 ipsam
1472 1464 1526 1525 illa
1538 1468 1710 1543 expertam,
1738 1479 1810 1541 qun
1834 1465 1910 1523 sunt

317 1569 506 1614 numerum:
536 1556 686 1635 posterior
712 1574 801 1629 vero,
831 1560 992 1632 naturam,
1022 1554 1086 1617 sive
1136 1553 1282 1614 humanm
1308 1556 1434 1634 propria
1457 1555 1686 1631 imbecillitatis,
1716 1553 1907 1619 onerabant.

316 1644 531 1711 substantiam.
561 1647 642 1709 Sunt
666 1654 771 1709 autem
792 1665 932 1727 persona
950 1653 1027 1723 tres,
1049 1666 1087 1711 es
1136 1644 1252 1718 Quibus
1277 1646 1343 1708 sine
1379 1647 1443 1711 ullo
1480 1647 1554 1713 fidei
1589 1647 1728 1728 periculo
1765 1644 1909 1707 satisfieri

316 1736 439 1818 quibas,
455 1739 933 1821 siveqaarumanaeacarnsm
948 1740 1087 1818 adeoquo
1135 1753 1225 1817 posse
1248 1737 1367 1816 judioat
1381 1738 1588 1803 Ferrandus⁸s
1616 1740 1672 1801 sad
1694 1736 1909 1801 mmonsndos
2032 1770 2033 1785 ÷

317 1848 394 1895 naas
417 1850 456 1894 er
469 1831 582 1908 tribum
609 1838 640 1894 nt
652 1831 818 1896 bamaas'tas
828 1838 975 1893 nonnam
986 1833 1087 1913 ipsam
1135 1834 1252 1908 nmen,
1268 1830 1348 1893 nibil
1362 1849 1428 1895 esso
1441 1850 1565 1897 neeesse
1579 1832 1766 1895 nominatim
1778 1831 1824 1892 ite
1837 1845 1909 1893 ron·

317 1923 442 1987 indicat.
469 1925 512 1993 aa
537 1925 651 2003 siquis
675 1926 780 2005 plnres
804 1924 958 1999 hominos,
988 1925 1088 1987 homi·
1136 1923 1207 2000 oipi.
1236 1944 1249 1983 s
1274 1924 1344 1987 Non
1368 1925 1453 1988 enim
1486 1924 1598 1991 totiens
1630 1929 1686 1984 aut
1711 1922 1908 1987 aetatulam

317 2035 434 2081 numve
446 2035 593 2097 personas
606 2037 671 2080 uno
685 2017 1086 2098 aliqnonumeralinomins
1137 2013 1265 2091 Christi,
1285 2020 1340 2075 aut
1360 2015 1590 2079 humanitatem
1610 2016 1734 2096 negari,
1762 2015 1908 2095 quotiens
2032 2062 2033 2095 5

316 2106 611 2185 comprehenderat:
647 2107 733 2170 velut
763 2107 789 2169 si
819 2110 935 2177 totam,
964 2107 998 2171 in
1023 2125 1085 2186 qua
1137 2123 1201 2165 non
1213 2106 1308 2169 simul
1320 2125 1396 2169 sono
1416 2109 1500 2172 roais
1512 2109 1755 2173 enuntiantur.»
1775 2108 1818 2171 Ut
1835 2124 1908 2173 oum

317 2197 454 2263 Christus
475 2205 657 2263 numeratus
684 2206 748 2277 est,
768 2199 896 2280 iosephi
921 2197 1083 2269 familiam,
1137 2197 1250 2261 Paulus
1263 2199 1306 2264 ita
1319 2199 1477 2278 loquitur:
1497 2199 1578 2263 Unus
1591 2205 1633 2261 est
1646 2198 1791 2265 radimur
1809 2196 1908 2261 Deiet
2032 2234 2033 2237 =

316 2291 416 2353 tribus
432 2296 625 2357 constantem
643 2291 808 2371 ospitibus,
837 2291 896 2355 hoa
914 2300 959 2356 est
972 2297 1086 2371 prater
1135 2287 1375 2353 nataamtama
1383 2289 1516 2357 Christus
1524 2292 1731 2355 remansa
1744 2290 1908 2355 bominem

316 2383 401 2445 huna
414 2389 535 2463 patrem
546 2384 689 2461 familias,
699 2384 937 2463 Mariavirgine,
946 2403 1085 2464 sapuero
1136 2380 1226 2458 dixit,
1235 2384 1335 2447 Deum
1345 2384 1441 2449 tenuit
1451 2405 1458 2447 ε
1470 2403 1535 2449 non
1545 2392 1651 2447 mmen
1662 2386 1732 2446 ideo
1745 2383 1905 2462 negenite

317 2475 453 2554 Christo,
488 2476 677 2554 ternarium,
710 2483 762 2537 aut
790 2480 883 2539 etiam
914 2477 1085 2539 trinitatem
1136 2473 1313 2548 Quinetiam
1327 2495 1366 2541 ex
1379 2494 1415 2539 eo
1431 2478 1650 2556 quodpaasus
1677 2477 1809 2553 dicittu,
1837 2492 1907 2537 earo

317 2574 455 2631 voearet:
469 2568 606 2648 prolecto
619 2587 712 2630 nemo
722 2569 764 2630 sia
778 2568 966 2648 illumloqui
979 2569 1085 2649 prohi-
1134 2564 1217 2645 ipsa,
1242 2568 1291 2629 vel
1304 2569 1442 2633 bumana
1457 2576 1570 2635 natum
1589 2570 1692 2631 statim
1709 2567 1905 2646 intelligitur.

316 2658 414 2735 heret,
430 2660 569 2721 Christus
591 2680 652 2740 qua
672 2661 1003 2735 homo,unusfuito1
1022 2667 1085 2723 ten
1139 2659 1271 2721 «Passio
1291 2662 1375 2723 enim
1397 2668 1639 2727 commemorata
1658 2707 1667 2738 ,
1690 2658 1907 2723 testimonium

316 2752 469 2828 uariaret
479 2753 616 2817 trinitate
625 2753 678 2815 illa
687 2754 863 2830 hominum,
877 2760 932 2817 aut
944 2753 1084 2817 absolute
1135 2755 1181 2813 est
1194 2757 1315 2817 naturas
1328 2753 1503 2834 passibilis3
1518 2760 1632 2819 natura
1644 2752 1801 2836 passibilis
1814 2751 1904 2815 intel·

315 2846 376 2921 sio;
398 2845 535 2907 Christus
549 2864 630 2907 unus
645 2852 691 2908 est
704 2864 743 2909 ex
758 2847 925 2907 homiuum
939 2864 1081 2908 numero.
1134 2840 1214 2904 lecta
1232 2847 1367 2909 mamma
1386 2846 1421 2909 in
1434 2845 1500 2923 illo,
1524 2847 1578 2926 qui
1592 2865 1674 2909 uuus
1695 2845 1735 2906 de
1756 2843 1907 2905 Trinitats
2032 2892 2033 2895 ,

316 2934 379 2997 Sed
392 2935 460 2997 hasa
479 2936 571 2998 nimia
584 2936 692 3011 anxis,
710 2954 746 2997 aa
759 2935 913 2999 subtiliter
927 2937 1085 2998 enudeata
1137 2932 1268 3016 (dieitur)
1289 2938 1424 2999 dranum
1442 2939 1683 3000 substantiarum
1706 2935 1906 3001 almissimam

315 3027 408 3089 missa
420 3027 579 3093 boiamus.
1134 3027 1235 3093 reddit
1243 3028 1513 3097 mantuanam.»

354 3120 428 3183 XV.
443 3120 512 3181 Non
537 3119 705 3181 debuerunt
718 3119 773 3198 qui
786 3136 879 3179 araas
893 3116 926 3179 in
941 3118 1086 3180 Trim'tate

316 3210 517 3287 cantitantes,
542 3229 634 3272 auam
647 3230 685 3273 aa
702 3210 849 3273 Trr'aitate
866 3210 1082 3290 repudiarent,

314 3302 581 3382 quemadmodum
594 3304 708 3367 sentim
722 3305 806 3365 visum
820 3309 865 3365 est
878 3303 1082 3377 lastinianus,

315 3400 485 3475 numquam
519 3398 688 3481 imperator
716 3402 795 3457 esset
821 3396 861 3457 ed
886 3395 1085 3459 Hormisdam

319 3487 484 3551 seribens¹,
500 3490 700 3555 Nestorianus
709 3489 788 3553 item
800 3487 862 3563 ille,
877 3504 971 3567 mam
980 3504 1084 3548 aeuum

315 3580 525 3659 disputantem
559 3582 594 3643 in
626 3581 748 3660 dialogo
783 3579 917 3641 seeundo
950 3580 1086 3643 loannes

1367 3348 1549 3431 CAPUT
1598 3349 1670 3429 ΙΙΙ.

316 3671 489 3735 Maxentius
504 3672 734 3746 introdusit‘,a
757 3691 858 3735 unum
881 3672 916 3735 in
937 3671 1085 3735 Trinitate

316 3763 473 3829 Christum
503 3764 604 3839 fateri
640 3765 828 3829 catholicum
857 3764 993 3843 judicat,
1021 3782 1085 3825 non

316 3863 422 3918 summ
445 3876 546 3925 unum
567 3877 605 3919 ex
623 3856 783 3919 rtrinitate.
799 3878 814 3916 a
832 3858 931 3931 Quem
953 3856 1085 3921 subinde

317 3950 489 4013 Maxentius
500 3958 676 4031 suspectum
688 3951 752 4029 egit
764 3949 884 4023 infida,
913 3951 1084 4028 atquehae·

317 4045 421 4105 retiass
435 4044 599 4124 opinionis,
618 4049 768 4122 tanquam
784 4064 799 4103 a
815 4040 970 4105 Christum
984 4062 1002 4103 a
1015 4043 1086 4103 Tri·

318 4134 415 4199 nitate
429 4144 581 4211 ereetum,
596 4136 639 4199 ita
659 4154 723 4197 esse
748 4134 853 4197 eradat
873 4134 907 4199 in
921 4134 1084 4210 Trinitate,

318 4234 354 4291 ut
363 4230 474 4293 nonsit
482 4229 521 4291 da
530 4229 694 4295 Trinitate:
708 4229 1087 4289 hooastnoneumseaun-
1122 4298 1123 4301 Ἴ

319 4321 395 4383 dum
415 4339 492 4399 esse,
515 4321 569 4383 sad
591 4321 763 4383 meandum
776 4320 877 4379 inesse
891 4326 1085 4397 cognoscent.

320 4412 1085 4493 SicutatunusquisquenostrumestinTrinitate;

319 4507 392 4585 quia
406 4525 489 4570 unus
502 4513 548 4568 est
563 4508 654 4582 Deus,
666 4507 770 4584 inquo
782 4505 969 4579 vivimus,at
981 4521 1086 4566 mora-

319 4617 403 4675 mur,
418 4605 450 4663 et
462 4618 579 4663 surmus.
594 4599 652 4661 Vel
666 4604 746 4659 serta
761 4597 840 4659 sieut
853 4596 982 4671 dieitur,
999 4596 1087 4659 Pater

319 4692 721 4769 inltbo,s1terdoaesurin
730 4690 844 4750 altero:
860 4689 1009 4768 itaquum
1022 4708 1087 4753 esse

320 4783 433 4849 dicitur
442 4784 581 4849 Christus
590 4785 625 4849 in
635 4782 796 4855 Trinitate,
806 4782 884 4845 alius
897 4787 1010 4862 prater
1019 4783 1086 4843 Tri·

320 4877 451 4941 nitatem
463 4877 563 4939 inesse
575 4876 760 4954 intelligitur
771 4874 951 4937 Trinitatis
970 4876 1087 4939 Verum

319 4969 399 5033 nibil
422 4969 505 5032 istud
528 4975 585 5046 est,
603 4975 634 5030 et
656 4972 793 5043 oonstat,
806 4985 925 5029 veteres
938 4968 1087 5046 quosdam

320 5061 386 5123 sina
399 5061 463 5122 ullo
478 5061 655 5127 discrimine
671 5066 840 5139 utrumque
852 5060 1085 5140 pronuntiasse:

1138 3664 1908 3743 Usasseatentioetltiaa,christusunusestsanotn
2032 3692 2033 3717 t

1168 3758 1344 3823 trinitatis:
1359 3758 1405 3823 vel
1419 3760 1507 3820 Unus
1519 3759 1558 3821 de
1572 3758 1722 3823 Trinitate
1736 3776 1865 3841 passus,
1879 3764 1909 3819 at
2032 3814 2033 3843 ,

1176 3852 1360 3929 mucifixus,
1403 3860 1532 3913 aeterum
1564 3853 1692 3915 Patrem
1732 3850 1909 3913 testimoniis
2032 3850 2033 3871 ¹

1175 3944 1375 4028 approbatam
1402 3948 1431 4006 l.
1456 3963 1489 4007 aa
1520 3943 1667 4027 primam,
1701 3941 1908 4023 Synodalium

1175 4036 1364 4099 martorum.
1382 4035 1423 4097 Dr
1439 4034 1668 4098 Chalcedonensi
1681 4032 1855 4111 dubitatur,
1870 4053 1909 4098 aa

1175 4134 1209 4191 ia
1221 4149 1256 4193 ea
1269 4129 1381 4193 sancita
1398 4126 1503 4208 fuerat,
1529 4137 1581 4190 aat
1594 4135 1735 4209 usurpata
1754 4124 1821 4187 baa
1845 4126 1909 4211 jor

1175 4222 1268 4287 mala.
1297 4225 1438 4285 Arserunt
1465 4220 1586 4303 aliqui:
1620 4222 1649 4281 b.
1679 4218 1736 4280 alii
1770 4229 1908 4301 aegana-
2032 4248 2033 4275 ;

1176 4315 1205 4376 3.
1220 4314 1347 4376 solvitur
1370 4313 1417 4374 bie
1430 4311 1521 4374 nodas
1542 4332 1580 4373 en
1600 4312 1740 4375 Liberata
1759 4309 1906 4374 diarum:

1175 4416 1318 4488 quatenns
1344 4407 1399 4468 ista
1418 4404 1542 4487 synodus
1569 4406 1654 4467 idam
1680 4405 1905 4486 approbaverit.

1176 4505 1206 4565 t.
1225 4498 1388 4563 Theudoria
1403 4498 1541 4561 Abarara
1552 4517 1709 4581 perperam
1724 4497 1754 4558 ia
1776 4496 1907 4579 ejusdem

1174 4591 1280 4676 synam
1293 4591 1462 4670 defiuitione
1475 4591 1624 4655 contineri
1631 4589 1761 4670 scripsit.
1773 4591 1807 4653 5.
1818 4589 1907 4651 Alia·

1176 4705 1245 4753 ram
1266 4683 1457 4766 synodorum,
1474 4690 1503 4745 st
1522 4683 1719 4747 Rornanorum
1731 4684 1907 4765 pontificias
2032 4700 2033 4709 ¹

1176 4796 1323 4841 marsnam
1338 4773 1672 4845 memoraverunt.
1688 4776 1765 4839 Tam
1775 4775 1906 4841 Patron

1176 4879 1359 4937 ceterorum:

1176 5060 1203 5121 Ι.
1227 5060 1373 5138 Superest
1385 5057 1424 5121 ad
1443 5059 1523 5123 hana
1536 5056 1781 5137 disseptandam,
1797 5058 1905 5121 termi-

321 5154 366 5214 uti
373 5172 448 5216 mox
456 5155 626 5216 ostendam.
636 5155 774 5232 Quippe«
782 5170 881 5213 unum
894 5152 927 5212 in
939 5152 1087 5214 Trinitate
1136 5151 1335 5230 nandamque
1343 5150 1594 5224 controversiam,
1603 5168 1666 5230 qua
1675 5151 1710 5215 in
1721 5151 1905 5231 explicanda

321 5245 421 5306 (lisere
435 5246 603 5323 Christum,
633 5246 716 5306 idem
739 5251 785 5306 est
809 5252 900 5324 atque
923 5261 1023 5304 unum
1048 5263 1110 5305 env
1136 5243 1292 5321 longiores
1306 5242 1573 5322 opinionenostra
1581 5242 1904 5322 fuimus,utantiqnos

349 5444 359 5487 l
376 5444 437 5489 Tam.
451 5445 482 5489 lll
500 5446 593 5492 Caua·
605 5445 620 5491 t
632 5448 694 5491 'lom
706 5446 733 5491 li
744 5446 828 5497 Bith·-
839 5446 854 5495 8
867 5446 928 5496 sui.
939 5445 968 5495 ad
979 5446 1057 5493 inab.
1069 5446 1112 5493 tol.
1121 5444 1185 5493 bb·
1194 5445 1209 5488 l
1218 5444 1238 5493 ii
1246 5445 1300 5493 rto.
1309 5454 1362 5489 tt·
1374 5443 1388 5491 5
1402 5442 1506 5491 ranna
