4122 6248
578 285 630 348 un
649 282 950 362 ructensuoue,
976 283 1048 348 ua
1070 282 1109 362 υ,
1136 282 1220 348 use.
1241 283 1279 346 x.
1507 358 1511 365 Α
1664 283 1724 381 aas

139 448 346 531 impatibilem
359 466 435 511 csse.
452 450 530 512 Cum
543 450 627 511 enim
642 448 772 512 didmus
784 465 909 530 passum
965 470 981 507 (ι
1002 447 1185 509 {demerim
1203 449 1294 517 Deus,
1309 446 1421 527 inquit,
1442 451 1474 508 et
1486 446 1580 508 homo
1594 466 1601 508 ε
1617 465 1682 508 non
1693 452 1730 507 ut

141 560 207 604 esse
220 543 374 611 Verbum,
395 561 460 603 non
473 543 592 604 ratione
605 543 772 603 divinitatis
785 557 910 620 passum
961 542 1001 602 ab
1020 540 1197 602 infidelibus
1212 539 1335 620 dicitur,
1358 541 1416 601 sub
1437 546 1555 620 quartae
1569 538 1728 601 introduc-

142 652 210 695 esse
223 635 366 708 dicimus,
388 635 504 715 quippe
529 643 643 697 natura
665 634 771 696 divina
792 633 912 693 nullam
962 634 1046 696 done
1059 650 1237 714 persona.»

142 727 320 806 passionem
338 727 493 802 admittit:
509 727 561 788 sed
577 729 674 788 [teum
687 726 825 787 Verbum
839 742 913 805 pro·
1002 728 1044 787 X.
1069 727 1243 787 Ferrandus
1276 723 1351 787 item
1385 725 1534 786 diaconus
1569 723 1730 803 Carthagi-

143 818 277 893 iitentes,
292 836 393 879 unum
407 836 446 880 ex
460 819 609 881 Trinitate
622 819 820 880 incarnatum
834 836 910 890 csse,
964 818 1068 880 nensis
1084 819 1117 879 in
1130 818 1256 899 epistola
1272 816 1312 880 ad
1323 817 1496 880 Anatolium
1508 816 1635 898 pulchre
1647 817 1733 877 hunc

145 911 194 988 iis,
218 913 271 992 qui
299 928 372 974 cum
398 912 459 973 tide
478 912 680 987 sciscitantur,
696 928 822 973 caumm
835 929 914 990 prae·
964 912 1069 973 locum
1083 910 1236 985 exornat,
1252 917 1283 972 et
1297 931 1351 972 cur
1364 909 1552 991 quaternitas
1572 909 1606 970 in
1629 910 1733 971 catho-

146 1003 257 1065 bemus
269 1003 473 1084 intelligendi,
487 1023 542 1065 cur
556 1005 595 1065 sit
607 1005 815 1067 incamatusi.
830 1023 845 1061 υ
965 1004 1060 1064 licum
1074 1003 1188 1083 dogma
1198 1023 1264 1065 non
1277 1004 1441 1083 irrumpat,
1452 1003 1571 1064 erudite
1585 1002 1628 1062 sic
1642 1020 1734 1082 expo·

10 1114 43 1158 su
57 1110 121 1156 xasa
186 1097 324 1158 loannes
358 1097 563 1159 Damascenus
588 1098 729 1158 eamdem
763 1095 916 1157 rationem
966 1096 1025 1159 nit.
1040 1118 1056 1155 ο
1071 1098 1148 1157 Ante
1171 1094 1432 1176 dispensationem
1446 1094 1565 1170 aarum,
1581 1094 1634 1171 ait,
1655 1095 1735 1155 Deus

10 1171 116 1265 ma.
148 1189 274 1251 indicat.
294 1212 309 1248 ι
328 1190 398 1251 Non
416 1195 574 1271 quartam,
593 1190 710 1270 inquit,
725 1188 827 1250 insero
842 1188 918 1249 'Pri-
966 1195 1072 1251 noster
1086 1187 1239 1250 Trinitas:
1256 1193 1326 1268 post
1335 1187 1496 1267 negotium
1506 1186 1615 1263 crucis,
1627 1194 1736 1267 etpost

10 1274 121 1332 WV·
148 1281 241 1344 nitati
253 1300 437 1362 personam:
454 1282 551 1344 absit:
569 1282 623 1344 sed
640 1299 737 1344 unam
754 1298 916 1361 monam
968 1282 1067 1362 spolia
1099 1281 1313 1357 infernorum,
1340 1282 1422 1342 Deus
1450 1286 1554 1342 noster
1588 1278 1733 1340 Trinitas.

58 1371 61 1375 ’
149 1374 298 1438 confiteor
312 1374 367 1436 Dei
379 1375 489 1449 Verbi,
506 1384 599 1455 atque
612 1375 713 1437 cernis
725 1374 830 1455 ipsius.
848 1373 917 1434 Tri·
969 1374 1069 1448 Quare
1082 1373 1163 1436 hoc‘l
1177 1374 1250 1454 quia
1262 1374 1341 1434 sicut
1354 1391 1437 1434 unus
1449 1372 1522 1450 fuit,
1546 1381 1609 1445 est,
1629 1377 1660 1432 et
1680 1371 1738 1432 erit

150 1467 232 1528 nitas
240 1467 323 1528 enim
333 1468 482 1529 remansit
490 1468 627 1530 Trinitas
637 1469 806 1547 etiampost
817 1467 918 1528 incar-
969 1468 1082 1537 Pater,
1110 1467 1166 1548 qui
1193 1468 1231 1528 de
1256 1466 1386 1545 Virgine
1399 1484 1464 1528 non
1478 1469 1642 1526 estuatus:
1658 1462 1738 1524 sicut

150 1560 311 1621 radonem
322 1558 471 1621 Verhit.»
485 1561 631 1641 Etcapite
644 1559 801 1639 sequenti:
824 1559 918 1619 «Non
969 1579 1052 1622 unrrs
1065 1560 1134 1636 fuit,
1150 1563 1209 1629 est,
1230 1560 1339 1621 eterit
1365 1559 1498 1637 Spiritus
1519 1562 1659 1630 sauctus,
1684 1553 1738 1635 qui

150 1670 208 1732 per
219 1670 262 1727 se,
275 1652 463 1732 propriaque
471 1652 667 1714 subsistentia
679 1652 734 1714 Dei
743 1651 838 1713 Verbi
847 1669 920 1712 caro
970 1652 1112 1714 similiter
1126 1653 1164 1715 de
1177 1651 1308 1732 Virgine
1322 1670 1387 1713 non
1401 1657 1447 1712 est
1469 1655 1580 1734 natus:
1603 1650 1645 1710 ita
1658 1665 1740 1709 nuris

151 1745 301 1821 constitit,
326 1764 427 1825 neque
448 1745 544 1807 altera
570 1745 743 1826 hypostasis
770 1745 849 1806 faeta
876 1749 922 1805 est
971 1753 1017 1809 est
1030 1745 1125 1807 etiam
1147 1744 1252 1822 Filius,
1282 1744 1336 1823 qui
1363 1745 1401 1805 de
1428 1742 1555 1822 Virgine
1578 1746 1669 1803 natus
1683 1746 1739 1802 est.

151 1836 194 1898 ab
217 1837 271 1899 Dei
293 1837 388 1900 Verbi
403 1838 562 1919 hypostasi
585 1838 716 1899 diversa.
734 1836 796 1899 Sed
809 1837 921 1917 inipsa
972 1836 1402 1917 Assumptioillifuitalterius
1411 1836 1552 1896 adunam
1564 1851 1739 1914 personam.

153 1929 340 2004 subsistens,
376 1930 586 1992 adsubsistens
614 1930 717 2010 potius
747 1947 841 2009 quam
867 1948 923 2010 per
973 1931 1075 1993 Crevit
1092 1948 1166 2008 crgo
1178 1948 1233 2010 per
1245 1928 1439 2000 nativitatem
1453 1927 1554 1989 carnis
1568 1927 1603 1988 in
1618 1924 1741 1988 Christo

152 2023 287 2102 scipsum
300 2022 427 2103 proprio
449 2022 542 2083 modo
566 2021 737 2083 subsistens
749 2021 923 2101 hypostasis
973 2041 1123 2085 numerus
1150 2021 1392 2084 substantiarum
1404 2040 1412 2097 ;
1438 2019 1636 2100 singularitas
1668 2037 1742 2080 vero

153 2118 202 2175 est
218 2114 310 2177 tacta.
336 2115 453 2176 Idcirco
475 2131 578 2194 neque
601 2112 755 2175 diversam
770 2114 805 2174 in
820 2111 925 2173 Trini·
972 2133 1112 2196 personae
1134 2113 1351 2195 perseveravit.
1376 2112 1491 2173 Idcirco
1518 2111 1658 2189 quamvis
1683 2110 1744 2171 alia

153 2211 250 2267 tutem
273 2205 366 2267 infert
389 2206 639 2287 hypostasim.»
664 2205 713 2268 Sic
733 2205 925 2286 Augustinus
973 2208 1014 2269 sit
1036 2214 1149 2269 natura
1172 2205 1360 2283 divinitatis,
1375 2204 1434 2266 alia
1447 2203 1661 2276 humanitatis,
1677 2221 1742 2265 non

153 2303 244 2360 tract.
260 2298 513 2360 undecentesimo
537 2298 570 2359 in
593 2297 745 2359 lucaman.
777 2318 793 2356 a
821 2297 922 2373 Solus,
974 2299 1009 2360 iit
1028 2300 1162 2361 Trinitas
1174 2299 1227 2361 illa
1241 2298 1444 2378 quaternitas:
1458 2297 1531 2377 quia
1539 2314 1743 2377 personarum

154 2389 268 2471 inquit,
283 2391 318 2451 in
332 2390 484 2452 Trinitate
497 2390 591 2451 Filius
604 2390 736 2451 formam
746 2389 923 2452 serviaccc-
976 2396 1021 2452 est
1047 2392 1192 2468 Trinitas,
1218 2390 1291 2471 quia
1315 2391 1347 2451 in
1375 2389 1494 2451 Christo
1521 2406 1585 2449 uua
1612 2407 1745 2468 persona

153 2482 222 2562 pit3
247 2500 318 2563 qnae
342 2482 443 2543 forma
469 2483 515 2544 illi
539 2483 578 2544 ad
605 2483 757 2544 unitatem
784 2500 924 2563 personae
976 2486 1099 2545 mansit.
1116 2484 1262 2544 Unusest
1275 2482 1405 2562 proinde
1420 2481 1567 2554 Christus,
1580 2490 1610 2542 et
1623 2499 1746 2561 semper

154 2580 297 2655 coaptata
323 2581 388 2636 est:
416 2575 447 2635 id
474 2581 520 2636 est
541 2582 576 2636 nt
599 2575 693 2637 Filius
718 2574 786 2648 Dei,
801 2574 926 2635 attilius
977 2595 1069 2650 uuus,
1085 2582 1211 2655 propter
1224 2574 1318 2636 unius
1331 2572 1743 2654 personaesingularitatem3

154 2666 292 2728 hominis
307 2685 390 2728 unus
403 2666 546 2729 sitlesus
560 2668 710 2740 Christus,
725 2686 765 2728 nc
780 2686 844 2728 non
858 2667 926 2727 Tri·
977 2688 1047 2749 quae
1070 2668 1103 2729 in
1128 2672 1176 2743 eo,
1200 2685 1258 2729 nec
1281 2667 1388 2740 dividi,
1418 2684 1476 2728 nec
1497 2665 1663 2741 subdividi,
1688 2685 1747 2727 nec

155 2759 247 2830 tritas
277 2759 330 2821 sed
358 2761 551 2839 quaternitas
574 2760 758 2838 praedicetur
781 2778 799 2820 a
821 2758 923 2839 nobis,
977 2760 1127 2841 duplicari
1150 2766 1260 2841 potest,
1287 2760 1429 2840 quamvis
1452 2778 1489 2821 ex
1515 2759 1646 2832 duabus,
1668 2763 1698 2819 et
1711 2758 1744 2818 in

155 2852 241 2934 quod
250 2850 360 2912 absita
375 2851 475 2913 nohis.
488 2879 502 2907 ι
977 2853 1098 2915 duabus
1108 2853 1252 2915 credatur
1273 2869 1338 2914 esse
1358 2851 1484 2912 naturis.
1503 2852 1616 2910 »Tum
1639 2849 1746 2929 parteis

197 2944 235 3003 Et
255 2943 287 3003 in
310 2943 390 3005 libro
413 2943 449 3005 dc
470 2941 734 3005 Prodestinctione
757 2948 927 3005 sanctorum
977 2944 1162 3025 interjectis:
1185 2968 1196 3001 ι
1215 2947 1300 3006 Duos
1325 2943 1415 3021 filios,
1444 2943 1498 3017 ait,
1528 2943 1652 3022 ignorat
1671 2942 1747 3003 fides

156 3037 257 3116 capite
271 3053 328 3097 xv.
348 3058 363 3095 a
379 3037 450 3117 Ipsa
464 3042 519 3114 est,
537 3037 650 3116 inquit,
665 3036 717 3097 illa
732 3035 928 3098 ineffabiliter
978 3037 1148 3099 catholica:
1182 3036 1398 3118 quaternitatis
1427 3041 1593 3096 assertores
1618 3034 1747 3096 omnino

156 3129 238 3189 iacta
258 3128 503 3190 hominisaDeo
520 3130 624 3190 Verbo
643 3128 798 3208 susceptio
821 3128 928 3207 singu·
978 3130 1158 3191 detestatur.
1173 3131 1211 3193 Et
1224 3130 1339 3190 idcirco
1364 3147 1459 3202 nrrnc,
1485 3134 1638 3208 quantum
1665 3126 1747 3188 arbi-

156 3220 242 3297 laris,
263 3224 300 3281 ut
312 3220 396 3281 filius
411 3221 476 3297 Dei,
492 3227 523 3282 et
535 3221 617 3281 filius
630 3221 766 3282 hominis
777 3219 883 3296 simul,
899 3224 929 3280 ct
978 3227 1055 3295 tror‚
1078 3220 1264 3301 quibusdam
1290 3226 1381 3282 rectae
1409 3220 1482 3281 fidei
1506 3220 1749 3281 custodientibus

156 3312 241 3373 filius
255 3312 392 3374 hominis
405 3319 532 3393 propter
554 3319 730 3393 susceptum
753 3311 926 3385 hominem,
979 3314 1119 3392 regulam
1145 3312 1261 3393 placuit
1286 3330 1385 3374 unum
1407 3313 1446 3372 de
1459 3312 1608 3373 Trinitatc
1623 3330 1750 3393 passum

157 3410 189 3466 et
198 3405 281 3465 filius
291 3404 494 3485 Dei,propter
504 3404 722 3485 suscipientem
731 3403 928 3484 unigenitum
979 3407 1109 3467 interi.»

157 3498 259 3558 Deum
272 3496 431 3572 veraciter,
449 3502 480 3557 et
496 3495 620 3576 proprie
634 3498 799 3572 diceretur,
815 3514 930 3557 nenon
1019 3500 1102 3559 Beue
1116 3513 1189 3574 ergo
1210 3495 1333 3556 munita
1359 3500 1405 3557 est
1428 3495 1574 3557 adversus
1599 3494 1749 3557 invidiam

157 3590 304 3665 hhinitas,
318 3589 372 3649 sed
385 3589 575 3668 quaternitas
589 3589 805 3650 crederetur.»
981 3589 1170 3651 Nestorianes
1199 3586 1345 3667 perfidiae,
1361 3594 1392 3649 et
1417 3587 1457 3649 ab
1483 3588 1749 3668 Eutychianorum

198 3682 286 3742 Idem
307 3684 339 3741 et
358 3681 391 3740 iu
411 3680 678 3742 Francoiordiensi
701 3676 846 3761 synodo¹‚
860 3697 930 3759 qute
982 3681 1194 3743 criminatione
1215 3697 1322 3740 secura
1335 3678 1485 3740 catholiea
1495 3680 1663 3760 professio,
1680 3698 1751 3761 quae

34 3822 39 3831 .
158 3773 268 3835 Garoio
282 3774 323 3834 M.
338 3772 523 3852 imperatore
540 3773 693 3835 celebrata
707 3779 773 3850 est,
788 3773 931 3833 laudatus
982 3773 1059 3835 duas
1083 3778 1210 3834 naturas
1232 3771 1263 3832 iu
1288 3773 1397 3845 cadem
1422 3790 1564 3851 persona,
1594 3776 1624 3833 et
1650 3791 1750 3834 tinum

158 3864 928 3947 hugoninusintoannam,«agnoscamuqinquit,
982 3866 1138 3927 Christum
1156 3883 1191 3926 ac
1212 3863 1266 3925 Dei
1292 3864 1393 3924 filium
1420 3865 1453 3924 in
1480 3870 1611 3942 utraque
1639 3872 1752 3926 natura

159 3957 524 4037 geminamsnbstentiam
530 3956 927 4034 Christidivinamscilicet,
982 3958 1158 4019 confitetur.
1181 3955 1227 4017 dd
1242 3955 1324 4035 quod
1339 3955 1465 4036 insuper
1478 3975 1542 4017 non
1555 3975 1667 4037 parum
1677 3976 1751 4018 con·

160 4070 223 4133 qua
235 4056 374 4130 aequatus
387 4057 433 4113 est
446 4052 543 4113 Patri:
560 4050 744 4126 humanam,
761 4049 932 4130 quamajor
983 4049 1068 4111 ducit
1083 4049 1136 4109 illa
1149 4049 1277 4109 demum
1289 4047 1322 4107 in
1344 4065 1436 4108 usum
1463 4054 1602 4128 recepta,
1627 4054 1658 4110 et
1684 4054 1754 4129 post

160 4150 206 4205 cst
219 4145 321 4218 Peter,
337 4150 506 4224 utrumque
525 4149 631 4205 autem
652 4142 745 4205 simul
767 4142 927 4216 nondun,
983 4141 1134 4221 aliquanti
1179 4139 1327 4221 temporis
1364 4139 1594 4202 altercationem
1624 4141 1753 4221 probate

160 4237 213 4299 md
227 4253 311 4298 uuus
322 4242 369 4297 cst
383 4236 536 4313 Christus,
557 4254 598 4298 ne
612 4236 651 4297 sit
664 4235 854 4315 quaternitas
868 4251 932 4295 non
985 4234 1135 4309 tormnla;
1147 4251 1209 4312 qua
1221 4252 1295 4294 :inas
1309 4231 1343 4295 dc
1356 4231 1504 4294 Trinitate
1514 4232 1560 4294 uel
1570 4237 1752 4309 incarnatas,

161 4329 315 4405 (trinitas,
348 4329 440 4389 Deus.
469 4348 485 4386 υ
512 4329 550 4390 Et
584 4328 748 4390 Hormisda
779 4327 862 4408 Papa
899 4324 933 4386 in
984 4325 1031 4386 ocl
1048 4344 1155 4405 possus
1176 4323 1303 4386 dicitur.
1330 4324 1404 4385 Haec
1426 4324 1511 4385 enim
1534 4343 1651 4401 veram,
1675 4324 1753 4387 etiu

161 4420 291 4501 epistola
324 4436 409 4482 cxxix
443 4418 484 4482 ad
506 4419 658 4482 lustinum
692 4416 931 4501 t'mpcrctorem¹:
983 4435 1139 4481 summam
1150 4416 1354 4480 decretoriam
1365 4416 1663 4497 quaestionisnostrae
1674 4415 1754 4479 deci·

199 4627 220 4668 a
237 4611 336 4667 Pudet..
354 4611 384 4663 rt
397 4610 479 4664 τοίνυν
493 4609 570 4683 φαμὲν
584 4608 717 4682 ἧμεῗςςότι
732 4609 796 4664 κατὰ
809 4610 934 4680 τόνλόγου
984 4610 1118 4680 πρόσωπον
1146 4608 1264 4681 όγιυλογῶ
1286 4602 1330 4661 τοῦ
1353 4602 1409 4662 θεοῦ
1429 4608 1517 4680 λόγου,
1544 4609 1646 4676 καὶτῆς
1666 4608 1756 4682 σαρκός

162 4698 206 4763 τῆς
218 4694 332 4763 θεότητος
345 4693 360 4762 ἡ
371 4693 438 4766 τριὰς
448 4693 577 4765 όμοοθσιός
587 4691 638 4747 ἔστι
648 4694 690 4746 καλ
703 4692 805 4760 ἀπαθὴς,
818 4690 875 4746 atet
887 4691 935 4763 γὰρ
986 4689 1071 4745 αθτοῦ.
1083 4690 1150 4764 τριὰς
1158 4690 1206 4763 γὰρ
1215 4689 1308 4763 ἔμεινεν
1320 4690 1334 4760 h
1345 4689 1423 4763 τριὰς,
1437 4692 1477 4744 καὶ
1493 4690 1555 4764 μετὰ
1565 4690 1609 4760 τὴν
1621 4696 1665 4745 τοῦ
1678 4692 1755 4763 λόγου

163 4779 296 4849 φάσκοντες
306 4775 380 4830 cithu
391 4776 544 4843 πεπονθέναι,
557 4780 594 4847 τῷ
604 4775 674 4848 λόγῳ
681 4779 724 4843 τῆς
729 4776 843 4844 θεότητος
857 4773 935 4845 φαμὲν
985 4774 1116 4846 adpetente.

164 4860 239 4915 attha
251 4856 406 4914 πετουθόυαι.
425 4858 578 4920 herbraeos
600 4858 648 4931 γὰρ
668 4857 752 4927 ἡθεῐα
765 4858 834 4930 piare
846 4856 936 4919 παντός
1021 4871 1036 4912 c
1055 4856 1122 4912 thid.
1139 4874 1199 4928 cap.
1211 4873 1249 4912 tx.
1269 4855 1303 4912 θό
1320 4856 1368 4930 γὰρ
1386 4854 1559 4920 ἰδιοουστότως
1577 4857 1668 4925 ότέστη
1682 4857 1697 4927 ἡ
1712 4860 1755 4911 τοῦ

163 4945 263 5007 πόθους·
280 4941 337 4997 ἄλλ’
352 4936 533 5015 ὁμολογοῦντες
548 4942 591 4995 τόν
610 4942 664 4994 θοόν
678 4943 766 5013 λόγου,
780 4941 823 4994 τόν
837 4941 936 5008 θνατοῖς
986 4941 1041 4993 θεοῦ
1054 4940 1131 5012 λόγου
1142 4939 1212 5013 cupi,
1229 4939 1284 4994 ottt
1303 4939 1373 5014 ἑτέρα
1386 4939 1519 5004 badareni:
1532 4943 1616 5014 γέγονε
1630 4940 1697 5012 παρὰ
1710 4940 1754 5007 τὴν

163 5028 262 5101 τριάδος
275 5026 454 5096 οεσαρκῶοθαι,
470 5025 568 5097 διδόμεν
583 5024 627 5092 τὴν
650 5023 729 5077 αἰτίαν
743 5028 787 5078 τοῦ
803 5026 868 5078 νοεῖν
884 5026 937 5085 τοῖς
986 5029 1030 5077 rot
1041 5025 1095 5077 θεοῦ
1109 5023 1187 5096 λόγου
1198 5022 1342 5079 θτόοτασιυ.
1363 5024 1420 5078 ἀλλ’
1435 5024 1459 5078 le
1475 5024 1536 5097 αὗιῇ
1549 5024 1687 5089 bucardus,
1704 5022 1756 5077 ἔνυ-

166 5108 228 5182 μετό
239 5108 345 5170 πίστεως
358 5106 467 5180 ἐρωτῶσι
481 5109 513 5160 δι’
527 5107 541 5160 ό
556 5105 704 5180 ἔσαριοθοθη.
987 5108 1108 5169 τόοτατος
1125 5107 1233 5173 amtor,
1256 5109 1297 5161 καλ
1315 5107 1343 5160 cb
1356 5109 1410 5162 τοτ’
1425 5106 1500 5174 cithu
1516 5105 1682 5168 ἰδιοοόοτατος
1695 5106 1756 5160 θτό·

202 5193 220 5249 θ
238 5193 355 5249 Drauso.
370 5190 417 5247 tib.
434 5191 481 5256 tlt,
498 5205 558 5262 cap.
575 5206 624 5247 tm
635 5190 701 5246 fine.
720 5188 755 5243 Οθ
765 5189 936 5262 γόρτόταρτου
987 5208 1071 5252 macr:
1086 5190 1182 5262 γόγουτ.
1199 5190 1238 5243 διό
1249 5189 1306 5245 stat
1320 5189 1403 5264 ἑτέρου
1426 5187 1450 5243 όν
1467 5190 1590 5263 τῇτριάδι
1603 5189 1755 5262 παρειυφέρει

166 5274 325 5348 παρατίθημι
338 5275 470 5347 πρόσωπον
486 5271 550 5347 λιτῇ
566 5274 655 5346 τριάδι·
674 5270 825 5346 μὴγόιοιτο.
840 5272 897 5327 ἀλλ’
910 5273 937 5327 tv
986 5271 1131 5330 intercute.

195 5436 284 5517 itan.
298 5440 327 5488 u
341 5439 407 5490 conc.
415 5440 430 5487 t
438 5434 502 5490 ton.
511 5439 543 5488 111
555 5439 650 5489 tona·
665 5435 752 5488 tion.
765 5432 796 5488 tu
807 5434 864 5489 sur.
