4078 6168
646 304 847 366 VINGENTII
868 300 994 375 LENlS,
1017 301 1103 364 CAP.
1125 302 1179 364 Xl.

104 471 174 528 rate
193 484 358 549 separans
373 489 381 531 ε
401 472 477 532 Post
495 475 601 534 antem
619 488 717 533 novos
734 478 888 535 «exorna

104 558 287 636 hurofioos,
307 565 347 624 ut
369 566 532 627 Pennotus
540 565 687 645 loquitur,
707 566 763 645 qui
775 566 887 627 volun·

104 656 204 715 tatmn
218 654 582 734 subjicinntnecoseitati
595 658 746 719 neutralis
759 658 888 719 inclina-
1152 675 1184 759 C
1198 678 1228 758 Α
1240 674 1354 758 pUT
1414 675 1493 760 XI,

104 744 214 823 fiunis,
241 751 275 809 et
286 748 558 811 determinationis
576 750 615 811 ad
640 767 792 826 unum;u
818 756 888 811 tum

103 836 241 899 denam
260 839 411 903 subtilius
424 843 612 905 neoemitatis
625 844 788 923 utriusque
798 845 888 905 nota·

103 933 454 997 mmmenncnmen.
939 954 967 1011 t.
985 951 1069 1031 Quid
1082 951 1160 1013 tuter
1174 950 1327 1013 toruos
1340 954 1518 1031 appetitum,
1535 957 1563 1014 et
1579 951 1708 1016 temtus

143 1024 190 1086 Ae
200 1024 257 1087 vel
270 1043 313 1088 ex
325 1045 391 1088 uno
405 1046 489 1091 sanc.
500 1028 620 1091 Thomu
636 1028 793 1091 varieiaiit
805 1020 890 1090 fllfut
979 1042 1143 1106 libertatem
1159 1043 1328 1105 intersiti.
1348 1043 1433 1121 Quod
1447 1063 1485 1105 eu
1497 1064 1578 1107 sone.
1598 1046 1709 1110 Thomu

104 1116 271 1194 specimen
283 1118 363 1181 licet
375 1138 497 1201 capere.
513 1121 568 1183 Hic
577 1122 663 1184 enim
687 1120 721 1182 in
731 1120 889 1202 prioribus
977 1134 1159 1198 declaratur.
1185 1138 1214 1196 3.
1242 1135 1316 1196 Tum
1339 1134 1512 1197 illustratur
1524 1157 1562 1199 ccc
1574 1138 1709 1200 Hierocle

104 1209 270 1290 ⁰P⁸fib⁰⁸2
295 1230 370 1292 ⁶1⁰oe
392 1213 431 1275 ‘¹9
457 1214 551 1276 rebus
571 1213 752 1294 ihOOlOtissiS
777 1214 885 1288 edidit,
980 1226 1174 1311 Ppttuqoreo.
1201 1230 1233 1289 t.
1260 1227 1341 1299 Quid
1353 1227 1494 1290 dictetod
1507 1229 1603 1292 codem
1619 1250 1709 1311 uppe-

104 1299 266 1365 minusin
282 1303 494 1369 hactenmla
508 1307 683 1369 differentia
696 1306 888 1369 moestitiis
978 1320 1040 1381 titu
1056 1320 1220 1398 mutorum,
1245 1319 1369 1384 dominis
1393 1321 1602 1385 voluntatens
1622 1322 1710 1386 tt'bere

104 1397 137 1456 et
156 1395 325 1459 violentiae
347 1399 409 1460 fmt
423 1399 603 1462 enucleatus
623 1405 654 1462 et
676 1405 829 1462 constans.
853 1399 889 1460 ln
978 1431 1076 1495 upum
1091 1414 1317 1476 sedueeesserie,

103 1486 271 1571 tteoloet‘oa
283 1509 362 1553 vero
376 1491 501 1555 Summa
510 1514 523 1562 ‚·
545 1494 630 1574 quod
647 1492 746 1555 divim
769 1491 888 1572 ingenii

103 1578 199 1661 longe
217 1583 516 1662 prestantissima
538 1604 627 1666 opus,
648 1589 681 1647 et
692 1589 818 1647 auctore
831 1603 889 1646 suo
978 1583 1002 1644 i.
1025 1585 1171 1665 Exposita
1186 1586 1375 1649 necessitatis
1392 1587 1523 1662 ratione,
1546 1608 1582 1650 er.
1604 1587 1709 1652 multi·

103 1671 336 1751 dignissimnm
348 1678 461 1739 merito
471 1678 684 1758 jndicnhitnr3
699 1678 785 1738 utin
797 1677 889 1738 liberi
938 1673 1010 1754 plici
1037 1678 1153 1756 speeie3
1181 1684 1251 1740 tum
1274 1680 1487 1760 Peripateticos
1504 1681 1708 1763 philosophiae

104 1764 234 1827 arbitrii
248 1769 437 1848 explicanda
448 1771 582 1845 ratione,
597 1771 640 1832 sic
656 1770 690 1831 in
706 1769 890 1832 necessitate
938 1765 1071 1846 placitis,
1087 1788 1161 1831 cum
1174 1772 1420 1834 Armecanorum
1430 1773 1576 1853 opinione
1588 1792 1709 1855 compa-

104 1859 249 1921 neturaii
264 1860 306 1922 ab
319 1861 472 1924 violentia
485 1862 781 1939 discernenda,haud
797 1862 890 1943 paulo
937 1859 1033 1935 rutis;
1062 1863 1257 1925 redeundum
1284 1871 1329 1926 est
1354 1866 1393 1927 ed
1411 1866 1588 1927 inchoatam
1616 1884 1710 1946 supra

105 1948 166 2011 init
176 1953 336 2016 unctior.
352 1954 397 2016 Ac
417 1959 583 2036 propterea
599 1973 694 2036 supra
711 1955 810 2035 rapite
827 1958 890 2017 ter·
939 1951 1037 2031 capite
1064 1959 1172 2017 octavo
1195 1956 1444 2036 disputationem,
1457 1957 1495 2019 de
1514 1959 1710 2020 consectariis

105 2043 164 2116 tio,
181 2063 263 2106 cum
283 2047 320 2107 in
345 2064 385 2108 eo
403 2064 550 2121 essemus,
567 2051 605 2109 ut
625 2047 744 2109 sineere
763 2066 799 2108 ec
821 2066 891 2127 ger·
939 2043 1153 2108 vincentianos
1167 2048 1316 2109 doctrinae
1327 2069 1335 2125 ;
1353 2066 1448 2128 quam
1468 2048 1537 2109 ideo
1546 2050 1709 2128 paululum

106 2152 204 2197 mana
218 2154 311 2200 sane.
327 2138 458 2203 Thomas
467 2140 506 2202 de
517 2140 662 2202 libertate
676 2140 840 2217 sententia,
856 2140 890 2201 in
938 2135 1174 2218 interrupimus,
1195 2145 1231 2201 ut
1251 2141 1401 2220 explicata
1423 2142 1613 2219 necessitate,
1635 2160 1709 2221 qua·

107 2244 211 2307 mque
223 2231 449 2311 Peripatetico,
463 2232 647 2313 inquirende
658 2231 890 2311 videtur,Sum·
937 2224 1000 2286 lem
1027 2231 1109 2288 secia
1133 2228 1192 2290 isia
1215 2230 1371 2303 describit,
1391 2230 1509 2293 facilius
1535 2230 1568 2291 in
1598 2248 1708 2292 eorum

106 2339 191 2380 mm
205 2322 323 2384 adhoc
336 2323 534 2406 theotonicum
553 2326 668 2407 potius,
693 2343 789 2406 quam
811 2326 890 2405 ejus-
937 2335 1051 2380 arcana
1075 2328 1318 2400 penetraremus.
1350 2322 1497 2396 Queritnr
1529 2323 1709 2386 Vincentius

106 2410 183 2474 dem
196 2413 436 2480 lucubrationes
452 2421 580 2480 ooeteras
599 2418 889 2481 adhibendasduxi·
938 2410 977 2473 de
1013 2433 1029 2469 u
1057 2412 1232 2492 ignorantia
1259 2414 1383 2483 Petenti,
1413 2419 1445 2476 et
1468 2414 1624 2489 Richardi,
1654 2417 1708 2497 qui

107 2522 191 2567 mne.
208 2508 401 2588 Quanqttem
421 2511 579 2590 permuliu
591 2514 666 2573 sunt
683 2511 717 2572 iu
733 2510 890 2591 istisque.
938 2502 1022 2565 inter
1035 2505 1208 2585 appetitum
1221 2506 1398 2579 brutorum,
1415 2511 1578 2568 etmotnm
1595 2508 1707 2572 huma·

107 2613 168 2676 quo
184 2597 210 2675 ¹,
238 2601 281 2663 de
307 2619 384 2664 vere
408 2604 596 2683 proprieque
622 2603 712 2666 dietus
738 2603 889 2666 libertatis
938 2613 988 2656 nte
1008 2596 1185 2677 voluntatis,
1208 2600 1333 2678 mando
1353 2598 1513 2679 quippiam
1536 2603 1707 2665 necessario

107 2692 254 2768 notione,
271 2693 387 2756 ethuie
406 2696 547 2776 oppositu
566 2695 748 2758 necessitate
764 2696 886 2773 eximie,
937 2687 1016 2766 vult,
1031 2689 1287 2770 nullumponunt
1300 2691 1478 2753 discrimen.
1496 2693 1709 2773 istaignoran·

106 2789 321 2867 ercumteque
348 2787 476 2862 tundite,
505 2795 537 2850 et
557 2789 595 2850 iis
620 2806 690 2869 quse
711 2788 833 2869 sesipeit
853 2789 889 2849 in
938 2777 989 2839 tiss
1016 2798 1124 2844 crassae
1140 2783 1265 2859 nebula,
1288 2784 1322 2844 in
1339 2802 1402 2864 que
1414 2784 1477 2845 duo
1495 2784 1542 2845 illi
1552 2785 1706 2866 homines,

109 2874 247 2938 Summa
270 2884 392 2957 postea,
415 2884 641 2942 nomentanae:
668 2898 739 2959 qnae
756 2881 790 2942 in
807 2879 888 2941 libro
937 2869 1039 2951 inquit
1053 2873 1076 2946 ²,
1092 2880 1242 2955 perpetuo
1262 2875 1433 2951 ambulant,
1455 2894 1619 2956 errareque
1641 2880 1707 2960 ple-

107 2969 200 3030 tertio
213 2967 255 3031 de
269 2969 365 3033 litere
378 2971 508 3033 eitius
522 2973 646 3035 settene
660 2972 781 3034 suuteh
795 2973 890 3034 Ante.
936 2981 1034 3043 reque
1059 2966 1123 3028 fere
1156 2968 1264 3029 omnia
1294 2987 1347 3030 eos
1379 2969 1469 3046 iacit,
1504 2988 1709 3052 meatumque

109 3061 161 3122 nio
174 3062 336 3129 Riehuudu
355 3083 363 3125 :
379 3063 434 3124 uhi
448 3064 540 3126 stille
553 3065 693 3144 ejusdem
709 3083 794 3127 sune,
809 3066 889 3125 The.
938 3065 1140 3138 erraverunt,
1169 3065 1199 3121 et
1228 3060 1448 3123 deliraverunt.
1466 3062 1561 3124 »vide
1574 3063 1710 3126 hominis

109 3169 170 3216 mn
197 3154 273 3216 loen
294 3157 506 3236 pertmctauit,
535 3162 567 3218 et
589 3158 743 3238 exposuit,
766 3176 837 3238 quae
849 3158 890 3219 ad
938 3146 1158 3229 urbanitatem,
1174 3171 1209 3213 ao
1223 3152 1403 3228 lenitatem3
1423 3153 1520 3233 quiet
1537 3154 1576 3216 de
1590 3156 1710 3218 Patavii

109 3247 224 3307 ureris
251 3247 302 3308 sui
327 3248 534 3328 psueeinium
557 3253 748 3312 Amasenus
768 3250 886 3327 attulit,
937 3242 1245 3322 asperitategraviter
1258 3245 1708 3325 expostulat,etLeuemseideo

110 3354 148 3397 ex
173 3357 282 3419 enque
311 3341 496 3403 vineeutius
523 3342 695 3422 deseeipsit,
731 3341 787 3404 ilie
812 3361 887 3405 uere
938 3333 1090 3411 nominat,
1108 3336 1195 3398 utab
1209 3337 1466 3400 illiusiracundia
1479 3357 1574 3418 quem
1588 3340 1709 3404 menis

110 3428 229 3506 iestive,
257 3431 345 3510 qnod
364 3432 419 3494 illa
440 3433 549 3495 eedem
564 3450 647 3496 sanc.
662 3435 791 3496 Thomu
806 3435 888 3496 testi·
923 3424 1053 3515 ‚simum
1066 3427 1132 3489 fore
1146 3430 1397 3510 seprofiteretur.

111 3523 230 3601 monis,
263 3525 356 3604 quani
381 3542 463 3586 nove
485 3532 597 3603 essent,
613 3529 646 3587 et
665 3544 685 3586 a
705 3544 738 3588 se
751 3528 888 3607 primum
979 3518 1073 3599 Atqui
1086 3521 1169 3599 quod
1183 3523 1366 3602 ignorantie
1374 3522 1706 3606 Petaviumhicarguis,

111 3612 246 3693 οὸῇωια,
271 3616 475 3695 dissimulem,
502 3635 597 3698 quem
617 3619 700 3699 sputi
715 3619 890 3682 Rielissdus
937 3611 1084 3691 magister
1110 3614 1216 3689 Lenis,
1245 3616 1317 3678 vide
1344 3635 1385 3677 an
1403 3633 1468 3677 non
1484 3616 1519 3677 in
1535 3616 1605 3680 illos
1619 3619 1709 3680 cadat

111 3703 243 3786 legerat,
260 3708 466 3787 explicatione
478 3710 620 3790 protulit,
645 3711 733 3785 Quod
753 3711 837 3773 idem
857 3716 890 3775 et
936 3704 1050 3782 potius,
1071 3706 1126 3785 qui
1142 3707 1245 3769 studio
1265 3708 1402 3788 partium
1429 3708 1572 3788 occupati
1597 3709 1709 3789 spissas

111 3795 144 3858 in
165 3800 230 3863 illis
264 3803 391 3863 Petaurus
415 3803 578 3865 sententiis
602 3803 757 3882 prestitit,
777 3823 890 3885 quese
936 3795 1097 3858 obducunt
1105 3798 1234 3861 nebulas
1246 3799 1291 3861 rei
1306 3800 1423 3880 alioqui
1434 3818 1491 3881 per
1508 3819 1540 3862 se
1558 3801 1661 3879 olarae,
1677 3807 1709 3864 et

113 3890 203 3953 nobis
246 3894 431 3974 propositus,
473 3897 507 3956 et
545 3896 584 3957 ed
611 3913 723 3957 vesum
763 3913 889 3959 sensum
936 3887 976 3948 ad
1000 3889 1235 3970 intelligendum
1259 3892 1354 3954 facili.
1384 3892 1458 3965 Quis
1484 3899 1530 3954 est
1542 3893 1707 3972 paululum

113 3985 366 4047 accommodatas
391 4003 457 4049 eme
476 3992 615 4049 noverat.
647 3987 743 4068 Atqui
769 3989 888 4050 iutere-
936 3981 1071 4061 sapiens,
1086 3983 1142 4062 qui
1155 3985 1214 4045 heo
1225 4003 1289 4046 non
1302 3984 1487 4065 capiat,non
1501 3984 1708 4066 interrogatus

115 4082 161 4136 rat
193 4076 284 4157 ejus,
315 4077 371 4158 qui
404 4083 619 4160 euntemptum
649 4097 686 4141 ue
719 4079 889 4143 ludibrium
936 4076 1133 4154 respondeat,
1148 4084 1279 4138 coactum
1291 4077 1334 4154 id,
1351 4076 1587 4159 violentumque
1602 4078 1673 4154 dici,
1688 4099 1709 4142 e

115 4185 221 4232 maere
240 4169 348 4244 vellet,
367 4176 471 4233 edum
497 4190 561 4235 non
582 4189 674 4252 egere
691 4191 698 4233 :
713 4190 772 4234 nee
784 4173 889 4236 osliuse
938 4185 1001 4246 quo
1025 4170 1176 4231 naturalis
1197 4170 1344 4232 abhorret
1368 4171 1542 4251 appetitio:
1570 4191 1709 4235 necessa·

116 4263 277 4343 umens,
299 4269 331 4325 et
344 4263 487 4343 repetitis
499 4263 611 4327 iisdem
623 4270 787 4327 auctorum
799 4266 886 4345 lotis,
935 4258 1019 4320 num
1030 4278 1116 4336 vero,
1138 4263 1222 4343 quod
1235 4262 1323 4324 alitor
1331 4262 1400 4324 fieri
1412 4264 1532 4344 nequit,
1545 4269 1577 4325 et
1590 4265 1709 4326 contin-

116 4354 200 4416 nuilo
212 4372 318 4437 opere
335 4356 451 4436 pretio,
474 4356 633 4436 patientiae
653 4358 806 4420 lectorum
819 4358 888 4421 illu·
935 4367 1010 4428 gens
1021 4371 1087 4414 non
1101 4360 1157 4429 est,
1175 4355 1307 4435 ideoque
1321 4374 1386 4417 non
1397 4357 1485 4417 estin
1499 4361 1709 4437 nostrapotes-

116 4444 197 4511 dere.
384 4444 388 4453 '
934 4448 1022 4506 tate:
1052 4446 1188 4508 liberum
1216 4448 1360 4528 denique,
1386 4448 1471 4528 quod
1493 4453 1558 4509 tem
1579 4468 1599 4510 a
1618 4449 1708 4512 nohis

934 4536 1015 4612 fieri,
1030 4544 1061 4599 et
1074 4539 1179 4601 ascisci
1201 4546 1313 4619 potest,
1339 4558 1435 4619 quam
1456 4540 1541 4620 quod
1563 4546 1638 4602 tuno
1662 4548 1708 4605 est

934 4629 1129 4709 oppositum?
1143 4631 1205 4692 Has
1224 4650 1244 4692 a
1264 4637 1376 4694 natura
1399 4632 1536 4709 traditas,
1559 4638 1590 4694 et
1608 4634 1707 4696 doctis

845 4762 849 4769 -
934 4722 1060 4800 pariter,
1083 4728 1176 4802 atque
1193 4723 1324 4786 indoctis
1346 4724 1454 4785 insitas
1470 4724 1624 4800 notiones,
1639 4732 1707 4788 tan·

933 4831 1030 4892 qnam
1054 4814 1209 4894 publicam
1228 4820 1399 4894 monetam,
1430 4835 1485 4878 vos
1505 4835 1705 4897 corrumpere

932 4923 1033 4985 nuper
1054 4905 1239 4985 instituistis,
1268 4915 1365 4989 tuque
1379 4927 1443 4989 prae
1457 4909 1602 4971 omnibus
1612 4911 1707 4973 conii·

932 4997 1124 5060 dentisssime
1146 5000 1298 5061 Vincenti.

972 5090 1011 5150 11.
1032 5090 1150 5164 Quoeris
1176 5092 1273 5172 igitur
1295 5091 1372 5172 quid
1384 5090 1505 5154 intersit
1525 5092 1608 5154 inter
1618 5092 1705 5157 bruti

932 5182 1116 5263 appetitum,
1129 5188 1161 5245 st
1171 5183 1307 5246 hominis
1320 5185 1512 5246 uoluntatem
1524 5187 1705 5246 necemitete

932 5274 1141 5353 consuictam,
1168 5295 1204 5338 ac
1221 5277 1471 5339 determinatam.
1490 5277 1600 5349 Quare
1618 5276 1705 5356 prius

146 5476 156 5519 t
169 5477 194 5522 tlt
206 5478 256 5534 inq.
268 5489 312 5523 uu
323 5479 354 5523 a
367 5473 437 5521 ixit.
451 5487 472 5521 ι.
483 5476 498 5523 t
508 5478 550 5522 etti
561 5485 584 5523 et
596 5488 618 5534 q.
632 5487 663 5533 u,
677 5477 704 5522 tc
716 5477 772 5524 uoto
783 5484 834 5533 ott.
843 5488 886 5531 tn,
899 5479 976 5525 ut·
987 5479 1002 5525 t
1014 5479 1077 5526 ttnc.
1090 5481 1106 5525 Ι.
1119 5480 1171 5535 tt,c
1187 5492 1203 5533 t,
1212 5487 1265 5525 sect.
1277 5480 1298 5528 t.
