4122 6248
601 231 651 291 DE
671 232 977 308 lNCARNATIONE,
1002 232 1073 295 LlB.
1097 235 1135 311 V,
1159 235 1245 297 GAP.
1267 238 1333 299 XV.
1701 240 1761 302 653

15 392 136 448 epm
179 386 367 452 Caelestinum
399 391 535 475 Papam,
571 413 679 459 vocem
713 396 799 458 illam
829 407 943 460 θεοτίκοι
997 398 1101 460 divina
1122 402 1233 479 gradu,
1258 408 1289 463 et
1311 408 1395 462 statu
1408 420 1465 463 suo
1485 407 1672 463 moveretur.
1696 403 1762 476 Quo

176 482 300 561 penitus
311 485 564 564 proscribendum
574 488 702 568 judicat,
718 506 791 551 cum
814 488 856 550 sio
870 489 946 550 scri·
996 511 1086 553 sensu
1096 511 1169 554 vero
1178 504 1289 557 νεοτόκον
1300 496 1448 574 appellari
1455 495 1640 575 permiserit,
1649 495 1765 555 indicat
1789 516 1916 561 νιωιιαοα.

176 572 233 633 bit.
256 595 273 632 α
293 576 355 638 Sed
381 582 412 638 et
438 579 601 661 Virginem
630 581 846 643 christotocon
879 579 947 641 ausi
996 584 1177 646 Vincentius
1186 587 1366 649 Lirinensis.
1383 589 1472 665 «Est,
1489 587 1599 667 inquit,
1615 586 1765 665 singulari

177 672 250 727 sunt
269 686 341 729 cum
355 670 447 730 modo
462 671 600 751 quodam
613 674 790 735 Theotooon
813 670 945 734 dicere¹.
996 678 1133 756 quodam
1147 679 1282 754 Domini,
1296 699 1332 742 ac
1346 681 1401 740 Dei
1414 680 1522 753 nostri,
1537 679 1592 739 tilii
1603 684 1706 739 autem
1716 677 1764 739 sui

130 838 139 847 ι
178 759 266 819 Hane
280 761 366 821 enim
379 762 557 825 Theotooon
570 771 715 826 uocantes
733 784 798 826 non
822 765 948 845 perluor·
997 786 1146 844 munere,
1186 770 1346 833 uerIssime
1379 791 1416 832 ac
1445 771 1619 832 beatissime
1653 779 1765 841 θεοτόκος

177 856 343 911 raserint.»
360 854 571 916 EtGassiauus
583 857 710 936 aqualis
722 857 817 932 illius,
834 858 948 918 diserte
997 861 1181 923 confitenda.
1207 863 1268 924 Sed
1287 883 1353 924 non
1374 883 1410 925 eo
1434 865 1527 925 modo
1547 873 1673 940 νεοτόκου,
1702 881 1765 943 quo

178 942 293 1019 scribit,
309 946 497 1008 vocabulum
515 948 574 1010 hoo
595 949 634 1010 ab
655 968 692 1011 eo
706 950 798 1011 luisse
813 950 947 1011 damna·
997 952 1094 1033 impia
1106 955 1250 1034 quaedam
1263 956 1389 1017 heresis
1402 957 1585 1036 suspicatur,
1602 974 1673 1034 quae
1684 973 1765 1015 asse·

178 1038 271 1096 tum:
289 1037 521 1118 «Diuisitaque,
539 1041 678 1120 quisquis
691 1060 734 1121 es,
750 1041 869 1121 inquit*
883 1042 946 1118 ille,
997 1046 1116 1107 riteam
1130 1048 1185 1108 Dei
1198 1053 1331 1109 matrem
1351 1048 1416 1115 sola
1438 1048 1643 1127 appellatione
1661 1047 1765 1106 dioen-

178 1125 333 1201 haeretioe,
349 1130 404 1208 qui
422 1133 521 1192 Deum
530 1150 569 1193 ex
580 1133 707 1212 Virgine
720 1140 829 1195 nahum
841 1152 947 1212 negas,
998 1138 1081 1213 dam,
1096 1158 1252 1219 quaecum
1269 1140 1382 1202 scilicet
1393 1141 1514 1220 peperit
1524 1139 1696 1212 hominem,
1713 1138 1768 1216 qni

116 1298 120 1303 ρ
177 1218 309 1280 Mariam
326 1228 458 1284 matrem
472 1224 596 1286 Domini
614 1226 713 1287 nostri
734 1228 809 1288 lesu
824 1227 947 1303 Christi,
998 1235 1105 1310 postea
1118 1230 1216 1293 fastus
1230 1235 1367 1295 estDeus
1383 1253 1391 1294 ε
1408 1233 1488 1294 sieut
1501 1232 1630 1293 dicimus
1643 1230 1768 1310 presby·

178 1321 305 1390 νεοτόκον,
334 1314 367 1375 id
392 1321 438 1376 est
464 1325 589 1379 matrem
613 1317 681 1394 Dei,
709 1318 858 1399 appellari
883 1337 949 1379 non
997 1323 1055 1384 teri
1070 1329 1215 1403 matrem,
1230 1331 1284 1385 aut
1306 1325 1441 1406 episcopi
1466 1332 1609 1400 matrem,
1624 1341 1689 1384 nou
1700 1323 1768 1402 jam

178 1422 279 1484 posse,
294 1405 349 1467 sed
363 1415 541 1488 Χριστοτύκοι,
558 1410 616 1471 hoo
632 1415 678 1471 est
700 1407 814 1471 Christi
827 1415 947 1472 tantum
999 1414 1231 1496 presbyterum,
1256 1424 1310 1478 aut
1332 1419 1510 1499 episcopum
1532 1417 1693 1497 pariendo,
1715 1415 1769 1477 sed

178 1502 316 1573 matrem,
333 1517 397 1559 non
415 1499 479 1562 Ilei.
499 1503 598 1563 Nemo
619 1503 714 1579 enim,
735 1502 850 1583 inquis,
870 1503 950 1564 anti·
999 1526 1072 1570 eum
1086 1510 1263 1586 generando
1283 1510 1455 1587 bominem,
1479 1511 1533 1590 qui
1556 1514 1662 1588 postea
1686 1525 1770 1588 pras·

179 1590 364 1669 qUiOPOmse
378 1594 501 1672 parib»
999 1599 1101 1681 hyter‚
1128 1601 1178 1662 vel
1200 1602 1359 1683 episcopus
1381 1603 1478 1664 laetus
1499 1608 1586 1663 est.»
1613 1601 1770 1662 Nimirum

217 1695 328 1775 Itaque
344 1696 511 1776 instigante
528 1697 582 1759 illo
602 1698 773 1760 Dorotheus
788 1699 949 1780 episcopus
1001 1693 1087 1772 prius
1100 1712 1136 1754 80
1155 1695 1318 1773 separatim
1338 1695 1505 1756 formatum
1527 1693 1561 1754 in
1574 1698 1664 1754 utero
1676 1692 1770 1753 fuisse

178 1786 301 1865 publice
324 1790 490 1852 anathema
515 1790 727 1870 pronuntiavit
754 1792 869 1861 ineos,
894 1791 950 1872 qui
1002 1785 1136 1862 Virginis
1168 1785 1339 1859 bominem,
1376 1787 1569 1866 perfecteque
1601 1784 1770 1846 substitisse

178 1878 308 1941 Beatam
336 1881 495 1960 Virginem
523 1891 637 1944 νεοτόκον
665 1883 891 1945 nominarent:
918 1890 950 1946 et
1001 1878 1102 1939 aiebat
1113 1877 1254 1957 impurus
1268 1878 1491 1939 heresiarcha:
1508 1878 1620 1939 deinde
1633 1895 1771 1956 assump

182 1971 359 2033 Anastasius
373 1975 534 2054 presbyter
548 1974 691 2035 eamdem
704 1992 812 2037 vocem
830 1976 865 2037 in
878 1995 951 2037 oon·
1001 1976 1070 2031 tum
1094 1987 1159 2032 esse
1179 1972 1212 2031 in
1240 1971 1378 2050 ejusdem
1397 1970 1556 2050 dignitatis
1579 1970 1771 2031 communio

180 2061 279 2141 aione,
295 2073 496 2145 eopraesente
509 2066 734 2146 repudiandam
756 2086 820 2129 esse
833 2069 948 2145 docuit,
1002 2082 1086 2140 nem,
1117 2083 1154 2126 ao
1179 2063 1326 2140 nominis,
1352 2064 1418 2124 sine
1437 2063 1502 2124 ullo
1524 2062 1725 2135 substantivo,
1739 2066 1771 2122 et

181 2154 262 2216 utin
276 2158 379 2235 primo
393 2157 473 2219 libro
488 2159 729 2220 memoravimus
739 2158 763 2220 ί.
1001 2174 1103 2219 unum
1116 2158 1240 2237 proprie
1254 2174 1293 2217 ac
1310 2174 1366 2235 per
1379 2174 1445 2216 sese
1462 2153 1591 2216 iaciente
1605 2172 1699 2214 nexu
1718 2153 1769 2215 Sic

43 2249 114 2297 ὕνν-
222 2248 257 2309 V.
278 2249 511 2330 Nonnunquam
531 2256 637 2313 tamen
662 2253 849 2332 usurpandas
866 2253 951 2314 vocis
1002 2250 1084 2330 apud
1098 2248 1290 2310 Maxentium
1300 2247 1500 2308 Nestorianus
1522 2247 1556 2306 in
1570 2246 1692 2325 dialogo
1706 2245 1770 2325 pri·

15 2304 156 2403 ’ζῖίίίίῗ
180 2339 263 2402 illius
281 2342 402 2421 copiam
415 2344 514 2404 facere
531 2361 564 2405 se
576 2344 724 2423 jactabat,
748 2345 866 2405 dumet
882 2364 952 2424 pro·
1001 2360 1053 2403 mo
1069 2339 1091 2402 *ι
1118 2363 1133 2399 ο
1157 2339 1312 2415 Quamvis,
1329 2339 1441 2418 inquit,
1463 2339 1628 2401 theotocon
1647 2338 1771 2399 beatam

27 2418 133 2509 22⁸3,
180 2430 292 2492 babilis
304 2452 413 2496 sensus
425 2435 641 2513 subjiceretur.
656 2457 671 2494 α
687 2435 718 2496 Si
733 2454 804 2497 cum
818 2437 950 2515 simplici
1001 2434 1160 2513 Virginem
1180 2432 1333 2508 confiteri,
1361 2450 1420 2492 neo
1439 2448 1496 2510 ego
1512 2429 1665 2510 refugiam
1682 2450 1689 2490 ε
1706 2448 1770 2491 non

15 2517 150 2569 '‘m'‘
180 2524 241 2585 tide
263 2526 418 2602 genitricis
442 2527 497 2588 Dei
523 2527 711 2588 vocabulum
733 2528 886 2609 proferres
899 2527 952 2610 (uit
1000 2532 1106 2589 tamen
1118 2527 1201 2606 quod
1216 2528 1325 2597 Deum,
1339 2524 1474 2603 sedquia
1487 2523 1770 2602 bominemgenue·

180 2618 263 2696 apud
278 2619 431 2697 cyrillam
454 2616 625 2699 Nestorius)
649 2637 713 2680 non
734 2638 804 2681 eam
826 2621 881 2681 tibi
896 2639 951 2680 vo·
1000 2618 1042 2679 rit
1056 2621 1118 2680 Deo
1132 2617 1269 2693 unitum,
1285 2616 1399 2677 idcirco
1414 2634 1483 2677 eam
1495 2615 1645 2676 confiteor
1654 2615 1772 2676 theoto-

180 2728 250 2770 cem
261 2708 445 2783 inviderem,
456 2711 533 2773 dum
547 2712 580 2771 in
599 2711 768 2790 subjectam
784 2711 830 2771 illi
852 2713 952 2773 notio
1002 2729 1103 2772 oon.»
1130 2712 1211 2771 Tum
1238 2710 1374 2771 instante
1399 2709 1574 2770 catholieo:
1610 2732 1624 2761 α
1646 2708 1680 2768 Si
1706 2725 1770 2769 non

179 2819 255 2863 nem
267 2801 469 2882 inquirerem.
492 2803 552 2864 Sed
566 2803 714 2882 quoniam
739 2804 830 2864 video
847 2809 879 2865 te
893 2804 951 2866 sub
1002 2804 1112 2880 Deum,
1141 2803 1194 2864 sed
1221 2802 1382 2863 hominem
1409 2802 1473 2862 Deo
1500 2801 1626 2861 unitum
1660 2799 1771 2879 gennit

179 2893 281 2973 specie
307 2894 498 2956 honorandae
527 2896 560 2955 Β.
586 2895 705 2967 Maria,
732 2895 952 2958 haereticorum
1001 2903 1105 2958 sancta
1127 2896 1213 2975 virgo
1236 2895 1344 2967 Maria,
1374 2899 1421 2955 est
1438 2893 1504 2953 sine
1525 2891 1620 2953 dubio
1630 2892 1720 2970 juxta
1739 2893 1770 2951 te

178 2984 306 3046 firmare
332 2985 569 3065 blasphemiam,
603 2986 717 3046 idcirco
746 2986 951 3064 prolationem
1000 2989 1250 3067 anthropotooos,
1267 2986 1326 3048 boc
1339 2992 1385 3047 est
1398 2984 1534 3046 hominis
1545 2983 1690 3063 genitrix,
1706 3000 1770 3042 non

180 3074 281 3155 ipsam
300 3076 384 3138 vocis
406 3077 494 3138 istius
519 3077 663 3139 cautione
682 3078 815 3156 quadam
829 3080 949 3154 munio,
1001 3079 1168 3140 theotocos.
1189 3079 1255 3152 Quo
1282 3095 1356 3157 ergo
1379 3077 1473 3138 modo
1496 3076 1663 3138 theotocon
1685 3090 1769 3136 eam·

179 3169 265 3247 quod
279 3168 337 3230 sub
351 3188 388 3230 eo
403 3169 552 3231 vocabulo
566 3170 661 3231 latere
674 3169 776 3231 nescio
787 3171 861 3250 qiud
873 3172 953 3251 peri·
1001 3170 1073 3232 dem
1092 3170 1245 3249 virginem
1269 3168 1433 3255 profiteris,
1457 3186 1553 3247 quam
1571 3187 1635 3229 non
1656 3169 1767 3244 Deum,
1817 3242 1820 3247 .

179 3259 245 3321 culi
262 3263 398 3341 suspicer
420 3271 479 3322 ν.»
501 3261 581 3336 Quid
599 3268 705 3324 autem
724 3262 797 3323 insit
809 3264 948 3342 periculi,
1001 3262 1054 3323 sed
1069 3261 1228 3322 hominem
1242 3260 1458 3321 tantummodo
1480 3259 1629 3339 pradicas
1645 3259 1770 3337 genuis-

179 3368 256 3414 mox
282 3353 381 3433 aperit
404 3353 447 3415 sic
463 3372 470 3412 ι
487 3336 601 3415 Ariuni
624 3355 677 3430 ait,
698 3358 729 3415 et
748 3356 949 3433 Eunomiam,
1002 3372 1034 3416 se
1048 3354 1089 3414 ir
1111 3352 1292 3434 Respondet
1311 3351 1492 3412 Nestorius:
1512 3349 1687 3412 «Unitioue
1699 3349 1768 3412 fac·

179 3464 239 3509 nec
258 3463 323 3506 non
332 3446 557 3526 Apollinarem,
569 3464 740 3525 eorumque
754 3452 843 3508 sectae
857 3448 952 3528 parti·
1002 3454 1067 3510 tum
1082 3451 1137 3520 est,
1146 3450 1181 3507 ut
1195 3446 1230 3518 is,
1242 3445 1345 3526 quiex
1357 3462 1395 3505 ea
1406 3448 1497 3503 natus
1508 3449 1565 3519 est,
1575 3443 1656 3503 Deus
1665 3442 1769 3522 appel·

179 3537 263 3617 cipes
280 3537 446 3614 studuisse,
467 3538 522 3599 Dei
537 3538 692 3616 genitricis
713 3555 831 3600 nomen
850 3539 949 3600 intro·
1000 3539 1092 3611 latur,
1120 3544 1247 3619 propter
1277 3539 1374 3599 Deum
1406 3534 1558 3611 videlicet,
1592 3534 1643 3595 oui
1670 3534 1765 3609 uniri,

177 3629 308 3705 duoere;
330 3655 344 3683 α
356 3636 393 3690 ut
405 3630 484 3691 lacta
506 3631 717 3710 permistione,
737 3649 795 3693 neo
815 3630 950 3693 divisisa
1000 3650 1157 3712 unamque
1171 3649 1243 3693 oum
1256 3650 1293 3692 eo
1307 3629 1501 3709 dignitatem,
1510 3633 1542 3689 et
1554 3628 1766 3689 auctoritatem

176 3739 211 3783 se
235 3727 346 3783 mutuo
370 3722 490 3783 naturis
515 3721 595 3782 nihil
622 3721 797 3801 iudignum,
823 3741 858 3784 aa
893 3724 949 3785 vila
999 3725 1115 3787 habere
1126 3723 1343 3804 promeruit.»

176 3812 361 3875 humuncio
374 3831 405 3876 se
420 3818 534 3876 natura
543 3813 720 3895 susciperet,
736 3833 772 3876 ac
783 3816 870 3877 loeus
879 3816 949 3892 jam
1038 3818 1140 3897 Atque
1153 3817 1212 3878 hoo
1230 3815 1344 3877 melius
1357 3813 1505 3895 exipsius
1525 3811 1658 3874 Nestorii
1693 3830 1763 3873 ver·

175 3905 240 3966 illis
265 3906 412 3968 adversus
435 3906 629 3968 divinitatem
646 3911 783 3986 pateret3
799 3913 948 3987 tanquam
997 3909 1056 3984 bis,
1074 3928 1143 3989 quae
1164 3908 1198 3969 in
1225 3907 1353 3987 epistola
1372 3906 1414 3967 ott
1435 3904 1626 3967 Caelestinum
1645 3902 1762 3983 Papam

175 3997 216 4059 ab
244 4016 310 4059 uno
337 3997 443 4060 omnia
470 3999 657 4076 dicerentur,
684 4018 749 4061 non
776 4001 948 4062 secundum
996 4001 1128 4081 scripsit,
1158 3999 1360 4079 intelligetur.
1381 4019 1397 4056 u
1421 3998 1454 4059 Si
1479 3998 1549 4077 quis
1572 4001 1678 4059 autem
1705 3996 1765 4059 hoe

175 4090 337 4171 dignitatis
363 4092 604 4171 copulationem,
628 4093 680 4154 sed
703 4092 800 4172 ipsius
826 4093 946 4156 ratione
995 4111 1113 4156 nomen
1137 4093 1314 4167 theotocon,
1341 4090 1445 4170 iuquit
1459 4088 1482 4159 ⁸,
1505 4094 1632 4169 propter
1657 4094 1764 4150 natam

174 4190 296 4245 noturae
310 4184 360 4243 ί.»
380 4185 468 4245 Ηαιιο
482 4183 636 4264 impietati
648 4203 713 4246 suae
732 4203 858 4245 eaumm
872 4186 947 4248 Nes·
994 4184 1223 4248 humanitatem
1250 4184 1447 4262 conjunctam
1468 4184 1531 4244 Deo
1556 4181 1673 4258 Verbo,
1699 4199 1764 4243 non

174 4275 275 4336 torius
287 4276 462 4354 praetexuit‚
473 4295 612 4338 asserens
625 4279 724 4338 Deum
737 4277 903 4354 incarnari,
915 4283 946 4339 et
990 4283 1121 4365 propter
1133 4282 1296 4358 parentem
1309 4281 1472 4356 proponet,
1489 4273 1621 4337 dicimus
1637 4273 1762 4354 quidem

174 4367 322 4429 humanae
342 4375 462 4429 naturae
481 4369 602 4430 ratione
620 4369 706 4448 gigni
720 4386 785 4429 uon
797 4370 943 4449 potuisse,
994 4373 1054 4433 hoc
1067 4368 1253 4431 vocabulum
1267 4368 1303 4429 in
1316 4386 1363 4444 aa,
1378 4384 1448 4447 que
1461 4366 1591 4447 peperit,
1621 4384 1685 4427 non
1699 4384 1764 4428 esse

174 4459 234 4521 uisi
262 4465 382 4521 naturae
410 4459 491 4523 inter
518 4479 550 4522 se
582 4460 846 4522 confunderentur
874 4480 882 4522 ι
911 4480 947 4524 ae
994 4461 1192 4525 conveniens.
1218 4461 1346 4539 Oportet
1373 4459 1458 4520 enim
1492 4476 1599 4519 veram
1632 4463 1765 4521 matrem

212 4688 234 4730 α
252 4675 363 4731 Graiu„
380 4674 403 4730 ίί
419 4679 524 4729 contra
533 4677 612 4730 Nost.
632 4671 663 4727 Et
676 4672 738 4745 perd
751 4673 857 4736 πίστεως
869 4673 949 4743 ἁπλῆς
1033 4675 1139 4734 blbid.
1164 4674 1211 4737 Ὦς
1226 4676 1334 4747 κράσεως
1347 4675 1488 4747 γινομένης,
1502 4673 1658 4729 ααίτῶνδιίο
1671 4674 1764 4746 ptume

174 4756 216 4821 td,
230 4759 353 4820 ίίιοτόιιος,
367 4756 507 4829 προίριρες,
521 4755 565 4809 ott
579 4756 609 4809 du
621 4775 661 4810 σοι
670 4760 714 4824 τῆς
727 4755 816 4819 λέξεως
830 4756 949 4828 ἐφθόνησα
997 4757 1031 4834 μὴ
1045 4760 1231 4832 διαιρουμένων,
1252 4758 1326 4831 μηδὲν
1339 4764 1390 4812 τῶν
1410 4758 1514 4811 εὐτελῶν
1530 4756 1563 4820 νίς
1578 4759 1622 4826 τὴν
1638 4756 1764 4830 tripond-

174 4842 219 4894 τὸν
234 4844 291 4894 νοῦν
308 4837 426 4903 ίξατάζιον
440 4834 484 4894 τοῦ
499 4838 617 4912 ῥήματος,
640 4839 697 4892 ἀλλ’
712 4838 840 4912 ίαειδήιιαρ
854 4840 906 4913 ὁρῶ
919 4859 948 4895 οι
996 4862 1060 4911 τητα
1072 4842 1247 4915 λαμθιίνιοθαι.
1270 4842 1311 4893 καί
1325 4841 1410 4915 χώραν
1430 4839 1519 4903 αὐτοὺς
1537 4840 1625 4896 Amabo
1647 4841 1710 4895 ιιατίι
1723 4843 1766 4907 τῆς

175 4924 312 4995 προαράαιι
325 4926 369 4991 ιῆς
389 4922 445 4997 περί
462 4921 506 4990 τίν
527 4921 647 4995 μακαρίαν
666 4922 764 4995 Μαρίαν
785 4926 867 4996 τιμῆς,
895 4930 946 4978 τῶν
995 4923 1501 4998 ίαύτητοςίχιιν,ίιςαάντωνλιγομίνων
1515 4925 1572 4995 παρ’
1586 4922 1646 4986 ἑνὸς,
1660 4921 1689 4976 od
1703 4921 1766 4975 κατὰ

174 5005 304 5077 αίριτιαῶν
319 5005 461 5076 βιὸαιοῦντα
474 5004 519 5074 τὴν
529 5005 695 5077 βλασφημίαν,
710 5005 750 5058 ut
764 5010 837 5060 totto
849 5005 894 5074 τὴν
905 5010 949 5076 τῆς
997 5007 1041 5075 τὴν
1055 5006 1104 5061 ἀπὸ
1118 5012 1162 5076 τῆς
1175 5006 1305 5079 ονναριίας
1318 5005 1399 5074 ἀξίαν,
1414 5005 1479 5060 atta
1491 5006 1554 5061 md
1563 5004 1607 5074 abu
1622 5005 1702 5075 φύσιν.

176 5086 265 5151 Alisca
278 5087 403 5160 προρορίαν
419 5088 599 5161 ἀοραλίζομαι,
613 5089 656 5142 τὸν
675 5085 700 5141 tu
719 5093 750 5161 τῇ
767 5087 831 5151 Atio
844 5090 948 5161 κρυπτό-

178 5189 253 5245 μενον
266 5172 378 5226 ιιίνὸονον
392 5170 559 5244 ίιροριίιμανος.

206 5378 216 5422 t
233 5377 292 5423 Nost.
304 5376 390 5435 tnttph.
402 5378 520 5424 canu-s
532 5378 592 5423 Cass.
606 5388 624 5424 u
633 5377 660 5423 dc
668 5378 757 5424 ίιιοαινι.
772 5390 793 5427 ο.
805 5386 885 5433 ιι.-3
898 5394 950 5452 cup.
961 5397 1002 5436 ιιι,
1013 5380 1089 5439 stt.-
1101 5376 1162 5424 lom.
1172 5377 1201 5423 IV
1215 5379 1322 5428 atttool.
1331 5378 1404 5425 m.-
1417 5377 1433 5421 t
1446 5378 1471 5424 ln
1484 5377 1541 5435 Eph.
1551 5379 1605 5437 san.

15 6146 815 6236 ....
1131 5926 2045 6236 ,-.ί
