4036 6162
546 324 927 403 persensissemus,
950 325 1023 387 ure.
1050 324 1105 404 ιιι,
1127 326 1211 388 ουν.
1234 329 1257 388 ι.
1637 312 1696 386 eos

114 494 146 549 ut
172 488 248 549 trito
273 491 359 569 jam,
381 511 418 552 ac
443 490 614 553 necessario
641 496 712 551 utar
738 489 877 567 nomine,
971 490 1107 569 Cyrillus
1116 490 1342 552 Alexandrinus
1350 491 1384 551 in
1392 489 1522 552 Scholir’s
1535 489 1571 552 de
1588 489 1696 551 Incar-

114 581 204 641 rm'toe
218 582 405 660 cogitentur.
429 584 530 658 Quare
547 583 742 662 conjunctio,
764 589 796 643 et
810 581 879 643 unic
926 581 1047 643 tratione
1059 583 1209 662 quasdam
1224 582 1433 663 illiusspecies
1445 586 1601 643 recenset:
1613 582 1698 643 velut

111 672 226 752 dique,
241 674 292 736 vel
306 674 401 736 unitio
412 675 518 736 statim
531 674 674 747 occurrit,
691 672 756 735 sive
766 689 876 748 nexus,
928 692 1022 754 quam
1046 696 1061 733 c
1081 675 1226 737 socialem
1240 674 1435 737 concordiam
1447 678 1554 750 vocat,
1569 692 1630 753 qua
1643 673 1699 753 qui

112 785 146 826 ac
158 767 334 843 vinculum,
356 786 419 846 quo
442 777 562 828 nature
580 767 642 827 illae
664 765 750 842 duoe,
771 766 879 845 utique
927 760 1020 828 antea
1032 767 1190 829 voluntate
1204 768 1354 843 invicem,
1374 773 1405 827 et
1418 766 1529 827 effectu
1544 765 1698 826 discordes

112 857 240 921 diversas
253 858 447 939 copulantur.
461 861 504 921 De
525 857 582 919 hae
601 863 786 920 naturarum
804 857 880 936 jun-
928 862 1027 933 erant,
1040 858 1218 938 ingratiam
1231 856 1420 920 redeunti.»
1438 858 1515 919 Item
1528 875 1624 936 oquae
1639 855 1699 917 sibi

112 948 212 1012 etiarm
224 952 418 1031 propositum
426 956 473 1012 est
485 968 576 1030 agere
591 969 598 1010 :
614 953 780 1012 ctutrecta
792 949 879 1009 inea·
929 949 1195 1029 conglutinantur,
1212 951 1276 1012 sire
1298 950 1365 1011 aliis
1385 949 1487 1010 modis
1501 949 1697 1028 copulantur,

111 1042 269 1119 turratio,
282 1042 401 1123 abipso
415 1043 461 1103 rei
474 1041 637 1118 vocabulo,
647 1041 775 1121 ejusque
785 1040 879 1117 signi·
929 1042 1140 1122 appositione,
1180 1043 1345 1117 mistione,
1386 1041 1644 1123 temperatione⁶3
1679 1061 1694 1098 r

112 1133 256 1195 licatione
268 1134 421 1215 auspicari
430 1134 538 1214 placet.
928 1139 1042 1214 praeter
1054 1152 1149 1213 quos,
1168 1134 1246 1195 alius
1261 1139 1307 1196 est
1320 1134 1420 1195 multo
1436 1133 1631 1213 praestantior
1645 1133 1700 1212 qui

9 1242 90 1317 ιμιιγιι
149 1225 201 1286 1v.
224 1227 283 1301 Ea,
318 1243 411 1305 quam
439 1227 583 1288 Graecum
607 1225 719 1285 imitati
746 1241 877 1299 nomen,
929 1224 1190 1287 inlncarnatione
1204 1227 1350 1288 cernitur.

9 1297 95 1395 w
112 1324 218 1393 troas,
242 1317 344 1378 Latini
359 1317 497 1396 theologi
518 1317 681 1377 unitionem
704 1320 824 1390 vocant,
841 1314 879 1375 ab
969 1317 1121 1379 Maximus
1134 1319 1314 1394 monachus,
1325 1323 1356 1380 et
1368 1322 1490 1398 martyr
1502 1316 1537 1378 iu
1550 1316 1698 1397 opusculo

112 1425 184 1484 ννιο,
199 1408 252 1469 vel
264 1408 304 1470 ab
319 1409 429 1470 ιικίνατο
442 1408 633 1470 deflectitur:
658 1413 690 1471 et
712 1413 758 1469 est
780 1407 880 1469 forma
929 1404 1064 1487 quodam
1077 1428 1097 1471 a
1110 1410 1265 1471 Turriano
1281 1407 1617 1484 latineeditc⁸,decem
1631 1409 1699 1469 uni-

113 1519 170 1581 qna
191 1518 294 1562 unum
306 1500 342 1561 fit
355 1520 373 1562 e
386 1500 538 1580 pluribus.
553 1501 661 1580 Itaque
679 1499 827 1562 definitur
840 1499 879 1561 ab
929 1499 1022 1561 tionis
1036 1502 1144 1562 modos
1162 1507 1341 1563 enumerat:
1365 1501 1453 1581 cujus
1468 1501 1564 1562 uerba
1578 1500 1698 1581 Euthy-

115 1592 645 1666 hnastasioSinaita,utsitrrerum
655 1591 880 1669 disjunctarum
929 1592 1011 1653 mius
1036 1594 1186 1673 excerpsit
1198 1597 1231 1653 tn
1250 1591 1403 1674 Poocplia
1412 1612 1424 1654 .·
1447 1593 1501 1654 sed
1517 1592 1699 1677 noneodem

112 1702 277 1746 concursus
303 1684 344 1745 ad
371 1682 515 1745 mutuam
549 1682 830 1745 communionemt
861 1702 877 1741 υ
930 1683 1050 1762 ordine,
1078 1703 1140 1763 quo
1166 1703 1205 1747 ex
1222 1683 1376 1745 Turriano
1395 1684 1468 1745 sunt
1491 1684 1582 1745 edita.
1600 1685 1701 1758 Quam

112 1776 208 1850 Quam
225 1774 439 1838 definitionem
468 1775 541 1837 inde
569 1774 728 1836 transtulit
754 1775 880 1854 Euthy-
930 1780 1038 1836 utrnm
1051 1776 1238 1855 Euthymios
1256 1776 1432 1845 inverterit,
1455 1794 1497 1836 an
1510 1776 1698 1851 Turrianus,

113 1867 224 1945 mius¹,
249 1867 347 1929 recisa
374 1867 427 1927 illa
452 1868 612 1929 nuatione
632 1866 767 1928 nominis
786 1884 882 1946 quam
929 1866 1009 1928 mihi
1023 1886 1088 1929 non
1105 1868 1223 1947 liquet;
1246 1867 1329 1945 opud
1350 1867 1435 1928 hunc
1449 1866 1575 1946 quidem
1589 1867 1700 1928 melior

114 1960 209 2039 magis
233 1965 363 2037 argute,
392 1976 488 2039 ιςιιοιο
517 1960 673 2039 eleganter
699 1958 881 2020 Anastasius
930 1964 986 2035 est,
996 1958 1096 2039 ‘quam
1120 1958 1202 2039 apud
1214 1959 1315 2035 illum,
1331 1965 1362 2020 et
1375 1965 1495 2020 naturae
1515 1948 1614 2043 magis
1628 1978 1700 2020 con·

113 2053 320 2132 exprompsit,
335 2061 423 2115 ννωσυ
437 2050 476 2112 ub
489 2068 527 2112 eo
544 2051 675 2127 domm,
691 2050 775 2131 quod
790 2054 836 2111 est
849 2058 881 2110 τίι
930 2056 1104 2112 υοιυιιιιιοιιυ.
1124 2050 1186 2112 Νου
1214 2051 1288 2129 quia
1314 2049 1477 2129 Euthymii
1505 2051 1610 2112 Graeca
1635 2069 1700 2129 prae

113 2161 204 2204 soom
218 2142 399 2224 compellere.
417 2143 545 2204 Brevius
558 2145 641 2223 apud
652 2143 881 2205 Theodoretum
931 2141 1075 2203 manibus
1108 2141 1319 2216 habebamus,
1353 2159 1418 2202 uon
1448 2141 1591 2213 Maximi3
1626 2148 1699 2203 'cum

114 2235 268 2296 hanistes
291 2235 442 2296 amonem
455 2234 583 2313 definit,
601 2252 736 2296 ererum
751 2234 882 2313 disjunc·
931 2240 1042 2295 neutra
1050 2235 1199 2296 hactenus
1205 2235 1307 2295 lucem
1320 2231 1466 2308 viderint,
1480 2252 1520 2293 ex
1532 2233 1699 2313 Euthymio

113 2325 490 2405 tnumccputntionemt.
516 2347 529 2385 ι
931 2326 1156 2388 describemus:
1186 2345 1221 2388 ac
1253 2326 1279 2386 si
1310 2324 1386 2404 quid
1410 2324 1594 2387 discriminis
1619 2325 1701 2387 inter

154 2416 308 2478 Unitionis
325 2435 401 2497 ergo
415 2418 495 2478 ratio
508 2436 547 2478 ex
556 2418 676 2479 unitate
689 2415 835 2497 petenda,
850 2421 881 2478 et
932 2423 1100 2497 utrumque
1121 2418 1177 2494 sit,
1204 2418 1238 2478 in
1256 2417 1386 2496 singulis
1401 2417 1597 2478 enucleandis
1609 2435 1702 2496 gene·

9 2516 95 2612 ''¹2³''
115 2508 295 2588 explicanda
309 2514 367 2582 est,
382 2509 442 2571 hoc
455 2514 500 2570 est
517 2523 560 2586 τῆς
574 2517 684 2579 trecen<
698 2515 747 2570 ἀπὸ
759 2520 804 2571 τοῦ
816 2514 879 2579 ἑνός.
930 2509 1018 2570 ribus
1032 2509 1228 2587 postmodum
1241 2506 1469 2570 adnotabimus.

54 2600 59 2611 '
114 2599 228 2662 Dchac
240 2600 365 2662 abunde
376 2600 475 2661 multa
488 2599 788 2680 scripsiinsecundo
801 2598 882 2659 libro
976 2621 991 2659 υ
1017 2600 1139 2677 Unitio,
1169 2599 1271 2679 inquit
1291 2600 1496 2680 Euthymios,
1522 2606 1568 2661 est
1594 2617 1701 2661 rerum
1762 2632 1838 2679 p„,„,

115 2688 258 2768 doec&
273 2692 376 2772 capite
391 2696 511 2768 octavo,
527 2692 651 2753 cumde
665 2690 809 2759 monade,
833 2690 883 2751 vel
932 2691 1155 2770 disjunctarum
1169 2692 1383 2753 concursusin
1402 2697 1545 2753 mutuam
1560 2710 1700 2753 commu·
1726 2686 1873 2784 &mehr

116 2783 232 2844 unitate
267 2801 444 2845 sermonem
466 2783 610 2844 tacerem.
648 2783 695 2844 tbi
721 2782 885 2842 statuimus
933 2782 1079 2845 nionem:
1104 2783 1258 2845 titautem
1273 2782 1366 2843 variis
1390 2783 1507 2843 modis:
1523 2783 1571 2843 vel
1584 2788 1701 2864 tempe·
1763 2793 1831 2838 ιυυυι.

9 2912 64 2962 m
115 2873 576 2949 incommunicatus
602 2879 647 2935 est
669 2871 746 2954 quod
765 2891 823 2935 con
845 2879 885 2933 est
933 2874 1072 2951 radone3
1092 2880 1128 2935 ut
1148 2874 1182 2935 in
1204 2873 1347 2954 liquidis,
1371 2874 1457 2934 velut
1470 2873 1543 2934 vino
1558 2878 1698 2952 etaqua:

9 2964 86 3011 'm
116 2965 287 3047 multiplex.
306 2968 353 3027 Ex
370 2984 432 3046 quo
450 2966 590 3046 sequitur
604 2973 712 3037 ἒνώσιυς
724 2964 885 3044 proprium
933 2966 1259 3040 velaccumulatione;
1282 2965 1373 3026 utin
1395 2964 1502 3033 aridis,
1528 2964 1646 3041 tuden,
1670 2970 1702 3026 et

116 3074 185 3133 ese,
216 3074 322 3120 uuum
347 3076 386 3118 ex
400 3057 508 3118 multis
528 3056 658 3117 efficere.
681 3057 758 3117 Cum
781 3061 886 3117 autem
934 3058 1071 3119 hordeo:
1093 3057 1143 3118 uel
1161 3057 1380 3132 maceratione,
1401 3055 1487 3117 utin
1509 3055 1654 3129 humido,
1670 3061 1702 3117 et

115 3166 225 3223 unum,
242 3149 293 3211 vel
307 3150 412 3210 unitas
423 3148 564 3228 pluribus
573 3147 673 3209 modis
686 3146 884 3225 intelligatur,
935 3150 1032 3226 sicco,
1049 3150 1134 3210 velut
1153 3155 1237 3210 terra
1252 3153 1283 3209 et
1296 3165 1395 3227 aqua:
1410 3147 1461 3208 vel
1476 3147 1700 3224 commistione,

9 3240 85 3333 ’Τ
114 3258 212 3321 neque
228 3249 388 3320 συνωνύμως,
401 3240 454 3301 sed
468 3247 606 3321 ὁμωνύμους
616 3242 792 3318 usurpetur,
808 3237 888 3300 sicut
935 3248 971 3301 ut
981 3241 1014 3301 in
1024 3239 1152 3302 diversis
1162 3240 1283 3300 ferinis:
1296 3239 1346 3300 rel
1358 3239 1549 3311 contusione,
1561 3245 1596 3299 ut
1608 3239 1641 3299 in
1653 3240 1703 3300 his

9 3352 84 3403 ηις
116 3339 143 3393 et
156 3342 241 3407 stac,
259 3332 344 3411 quod
368 3337 415 3393 est
435 3349 503 3392 ens:
518 3330 592 3392 hinc
608 3331 702 3392 etiam
719 3340 805 3401 νιυσις
821 3349 886 3392 uon
937 3349 1006 3412 que
1021 3331 1293 3410 liquefiunt,velut
1306 3349 1397 3403 auro,
1415 3335 1603 3409 etargento,
1619 3348 1699 3406 cera,

114 3442 184 3499 una,
203 3430 239 3486 et
254 3422 388 3503 simplici
408 3424 528 3485 ratione
546 3423 667 3484 dicitur.
692 3424 731 3483 Et
749 3422 826 3483 uarii
846 3421 886 3482 ab
936 3430 968 3486 et
980 3423 1046 3503 pice
1061 3443 1068 3484 :
1083 3423 1133 3483 vel
1147 3422 1423 3501 coagmentatione,
1435 3421 1517 3482 utin
1530 3421 1700 3502 lapidibus:

114 3516 251 3597 antiquis
273 3520 340 3576 tam
361 3515 506 3591 unitatis,
530 3532 626 3594 quam
649 3515 774 3575 unionis
801 3512 888 3575 modi
937 3516 986 3577 vel
998 3514 1199 3596 appositione,
1219 3518 1255 3574 ut
1269 3513 1303 3574 in
1316 3512 1445 3574 tabulis:
1460 3512 1701 3589 velsubstantia,

114 3607 358 3670 concausam.
380 3606 559 3669 Aristoteles
576 3607 702 3685 quidem
723 3606 757 3666 in
776 3611 887 3685 quarto
937 3607 1014 3669 utin
1026 3605 1206 3680 individuis,
1220 3607 1310 3666 Petro
1325 3610 1356 3667 et
1369 3605 1477 3681 Paulo,
1492 3605 1634 3685 etequis,
1649 3612 1705 3667 aut

114 3697 409 3782 Metaphyncorum⁸,
419 3698 458 3760 de
468 3716 532 3759 uno
539 3698 601 3760 late
608 3698 752 3775 disputat,
759 3698 887 3778 ejusque
937 3699 1037 3761 bobus
1052 3697 1217 3776 aliquibus,
1234 3704 1328 3777 atque
1342 3695 1553 3758 animantibus
1565 3697 1701 3757 caeteris:

114 3791 200 3868 plura
229 3808 347 3869 genera
381 3790 554 3865 distinguit,
583 3808 652 3870 que
672 3789 888 3869 adnegotium
935 3792 986 3853 vel
998 3790 1199 3863 habitudine,
1214 3789 1297 3851 utin
1315 3789 1421 3849 amicis
1442 3793 1473 3848 et
1490 3787 1525 3848 in
1539 3787 1651 3848 animis
1670 3787 1706 3848 in

114 3887 257 3944 nostrum
276 3882 381 3943 miuus
396 3882 574 3961 pertinent:
590 3885 702 3961 praeter
715 3881 788 3957 hoc,
804 3882 888 3960 quod
937 3881 1279 3945 eamdemroluntatem
1293 3875 1554 3959 conspirantibus:
1566 3878 1706 3939 velcom-

117 3975 291 4036 «universe
313 3972 370 4050 eit,
392 3991 493 4035 unum
506 3972 624 4049 vocari,
639 3973 723 4052 quod
738 3972 888 4035 divisione
938 3973 1100 4055 positione,
1110 3971 1185 4032 utin
1199 3971 1498 4050 animactcorpore.
1515 3969 1587 4042 Qua
1601 3970 1707 4030 autem

114 4070 204 4142 reret,
218 4072 375 4145 quatenus
389 4083 426 4127 ea
438 4065 678 4126 caret⁶.rNune
691 4064 729 4125 de
738 4064 888 4126 unitionis
938 4065 973 4127 in
995 4065 1152 4145 hypostasi
1166 4063 1220 4138 fit,
1247 4081 1284 4124 ea
1301 4062 1358 4123 soli
1371 4078 1441 4142 quae
1462 4060 1496 4121 in
1516 4060 1634 4122 Christo
1648 4065 1705 4135 est,

113 4158 205 4218 variis
218 4157 323 4218 modis
338 4173 467 4237 agemus
477 4156 593 4236 potius,
608 4155 733 4236 ιγιιουόο
746 4155 779 4216 id
791 4156 889 4235 magis
939 4154 1101 4229 divinitati,
1120 4161 1151 4217 et
1164 4154 1353 4216 humanitati
1365 4152 1540 4233 competitl.
1555 4173 1571 4211 υ

115 4247 277 4325 presentis
290 4247 420 4310 interest
433 4246 580 4308 instituti.
978 4248 1019 4308 V.
1041 4247 1083 4308 At
1093 4246 1272 4308 Anastasius
1286 4243 1710 4324 Sinaitaquinqueunitionis

148 4460 169 4501 a
186 4448 293 4504 Διικκτ.
315 4449 349 4503 tn
368 4445 486 4519 Ὀδηγῷ.
505 4443 616 4511 Ἕνωοις
628 4447 671 4518 ple
686 4443 736 4501 lert
750 4447 889 4503 διεστώτων
973 4465 989 4504 e
1011 4445 1142 4502 Ἕνοΰοόοιι
1163 4446 1190 4500 et
1213 4465 1291 4519 papst
1310 4444 1397 4500 καὶτὰ
1421 4444 1539 4512 ἀλλήλους
1553 4445 1708 4516 κολλώμενα,

115 4531 267 4601 κραγμόοων
278 4527 407 4597 κοινωνικὴ
417 4529 551 4602 συνδρομὴ.
562 4529 648 4591 troci<
661 4528 687 4582 δλ
702 4528 796 4602 εἴρηται
806 4529 847 4584 διὰ
860 4530 889 4584 τὸ
938 4531 1013 4601 ἤγουν
1027 4531 1193 4601 ουνενηγμόνοι
1205 4528 1259 4582 καθ’
1281 4527 1376 4600 ἑτέρους
1393 4530 1507 4600 τρόπους,
1521 4528 1537 4595 ἢ
1550 4527 1614 4584 κατὰ
1631 4530 1711 4600 παρά·

117 4607 147 4672 εἰς
158 4612 184 4664 όν
198 4608 277 4666 ὦσαι·
290 4611 401 4666 τουτόοτι
415 4612 554 4678 ουνουόῆσοι
568 4611 599 4666 τὰ
612 4611 755 4683 πράγματα.
937 4614 1013 4679 θεσιν,
1028 4613 1044 4680 ἢ
1060 4609 1134 4683 μῖξιν,
1148 4611 1164 4678 ἢ
1178 4611 1274 4683 κράοιν.

149 4693 167 4749 ό
185 4695 296 4751 huon.
312 4692 377 4749 diat.
394 4693 428 4749 ll.
453 4690 488 4746 Ἥ
507 4694 534 4747 st
552 4712 580 4765 γι
599 4694 684 4756 ἕνωσις
702 4693 746 4761 τὴν
766 4700 816 4749 τῶν
839 4696 888 4748 bre·
974 4693 995 4769 s
1010 4695 1094 4751 Earn.
1111 4697 1223 4765 Panop.
1240 4692 1283 4748 tit.
1299 4693 1358 4750 Vll.
1381 4691 1493 4756 Ἕνωοός
1507 4692 1559 4749 ἔστι
1571 4695 1710 4750 διιοτόυτουν

116 4776 218 4830 τούτων
233 4776 366 4847 ουνόριιοιν
381 4776 496 4844 (δηλοῖ.)
937 4777 1088 4849 πραγμάτων
1102 4774 1231 4842 κοινωνικὴ
1245 4776 1380 4848 συνδρομή.
1399 4776 1493 4847 γίνεται
1506 4776 1534 4830 bt
1547 4776 1611 4831 κατὰ
1623 4779 1711 4848 δικρό-

150 4859 277 4914 adnm.
298 4858 334 4916 Ν
356 4862 424 4915 net.
448 4873 508 4928 cap.
532 4873 571 4914 νν.
593 4857 705 4912 Καθόλου
727 4857 773 4930 γὰρ
794 4858 889 4930 όοοιμή
939 4879 995 4931 ρους
1008 4861 1122 4931 τρόπους.
1140 4859 1156 4926 ἢ
1175 4857 1297 4930 γὰρκοτὰ
1310 4859 1406 4929 κρᾶσιν,
1421 4859 1456 4920 όυς
1470 4856 1614 4930 loll-{pita
1631 4858 1710 4934 circo,

116 4937 167 5010 ἔχει
180 4936 339 5012 διαφωνῇ
356 4939 388 5012 μὴ
404 4939 466 5011 ἔχει,
480 4940 554 5012 ταύτῃ
568 4940 594 4992 ἓν
604 4940 711 5012 λέγεται.
938 4942 979 4995 κοιλ
993 4941 1089 5002 ὕδατος.
1112 4942 1128 5008 ἤ
1143 4940 1206 4994 κατὰ
1229 4939 1346 5012 copitar,
1365 4941 1399 5002 ὡς
1418 4938 1458 4994 ἐπὶ
1480 4939 1571 5013 ξηρῶν,
1586 4939 1711 4997 circumi

150 5020 263 5079 den.
282 5023 431 5095 Διῃρημένοι
454 5023 501 5095 γάρ
524 5041 587 5084 τινος
611 5022 675 5077 κατὰ
701 5023 822 5090 διάθεσιν,
848 5023 889 5077 καλ
938 5025 1029 5096 κριθῆς.
1047 5021 1138 5091 heard
1153 5022 1249 5095 φόρουν,
1264 5023 1298 5085 ὣς
1315 5020 1355 5075 ἐπὶ
1374 5020 1448 5095 ξηροῦ
1459 5024 1498 5076 κοιλ
1514 5023 1599 5095 όγροΰ,
1609 5026 1658 5095 ,γῆς
1669 5022 1711 5075 καὶ

116 5105 230 5173 γνώμην,
245 5104 285 5157 καὶ
297 5107 466 5177 διχονοοΰνττς
476 5104 536 5177 πρὸς
544 5103 668 5172 ἀλλήλους
682 5104 792 5160 ἒνοῦοθιιι
805 5106 891 5178 λόγον·
939 5107 1037 5169 όδοιτος.
1052 5109 1068 5174 ἢ
1082 5105 1146 5160 κατὰ
1163 5103 1285 5177 ἀνάμιξιν,
1306 5104 1340 5165 ὣς
1365 5102 1404 5157 ἐπὶ
1425 5107 1548 5176 διυρόρυιν
1562 5105 1679 5176 ἀλεύρων.
1695 5104 1711 5169 ἢ

117 5202 157 5237 τοι
167 5186 237 5240 κατὰ
247 5186 364 5258 οόμόοοιν
373 5187 480 5258 φιλικόν.
939 5189 1003 5244 κατὰ
1016 5189 1144 5263 σύγχυσιν,
1156 5188 1191 5252 ὡς
1200 5186 1239 5241 ἐπὶ
1253 5191 1360 5263 rustice,
1370 5190 1474 5257 χρυσοῦ,
1489 5186 1530 5239 καὶ
1540 5185 1656 5259 ἀργόρου,
1670 5186 1712 5238 καὶ

145 5370 153 5413 Ι
170 5370 244 5416 Ruth.
261 5372 315 5418 Pas.
324 5382 371 5427 μοι.
384 5371 403 5423 t,
416 5369 834 5430 νΙιινιι.-Πουι.1.-όῦιρ.νι.-
850 5376 864 5416 t
877 5372 945 5431 tipus.
956 5374 988 5420 nt
997 5385 1023 5419 ex
1034 5385 1064 5420 ru
1076 5386 1090 5419 ο
1104 5370 1213 5419 larnano
1227 5372 1279 5419 cdtt.

281 5448 419 5511 rosv.
1573 5450 1614 5510 st
