3994 6164
586 350 637 412 DE
656 350 960 430 INGARNATlONE,
982 350 1055 413 tlss.
1078 351 1104 430 1,
1128 350 1214 414 GAP.
1236 352 1288 414 Vl.
1673 356 1731 416 185

134 516 304 578 Facundus
310 515 545 578 Hamianensis
559 516 715 578 existimat
730 517 914 597 plmibusin
962 516 1035 578 dem
1046 517 1157 579 αἰανῆ.
1173 519 1210 579 ln
1227 518 1381 580 hoecnim
1392 521 1569 601 conspirant
1581 521 1729 597 uniuersi,

134 607 241 683 ineis,
253 614 373 670 utrum
385 610 510 670 «Deum
524 610 664 672 Verbum
673 610 915 672 convertibiliter
962 615 998 670 ut
1015 610 1148 690 probent
1166 610 1360 674 divinitatem
1373 613 1473 693 ipsam
1488 613 1569 674 nihil
1582 631 1647 674 esse
1661 632 1731 695 pas-

134 701 306 762 bominem
326 718 392 762 esse
415 701 532 763 factum
559 720 636 763 aex
657 702 741 763 illius
766 703 913 783 opinione
962 721 1039 775 sam,
1070 704 1122 765 sed
1144 703 1315 766 humanam
1333 706 1551 767 tantummodo
1576 713 1731 768 naturam.

135 793 257 865 arbit,
269 799 324 855 oet
330 799 514 856 natrrrarnm
522 794 730 856 diversitatem
736 795 914 857 stultissime
964 797 1063 870 Quare
1077 797 1288 876 perpessiones
1305 816 1413 859 omnes
1428 797 1605 860 attribuisse
1619 798 1732 862 divinae

135 885 178 947 ab
203 904 243 946 eo
275 886 457 947 confundi'.
474 886 547 948 Ideo
574 884 766 968 Spaosiustoa
791 894 915 949 uocatos
964 889 1022 967 ipsi
1034 887 1214 951 substantiae
1226 890 1436 968 Apollinarem
1449 909 1572 952 necesse
1586 896 1642 953 est.

137 997 203 1041 esse
216 978 297 1039 dicit
311 977 569 1056 Apollinaristas⁸,
582 998 718 1059 quorum
731 980 826 1040 etiam
839 980 915 1040 abbi
1005 980 1190 1060 Quanquam
1210 982 1367 1043 Eranistes
1381 982 1444 1059 ille,
1460 983 1510 1044 cui
1523 989 1627 1063 partes
1645 984 1733 1064 Apol-

136 1071 304 1132 decretum
319 1072 520 1152 exponitsic:
541 1072 685 1133 «Deinde
700 1089 771 1133 cum
779 1072 916 1133 haeretici
965 1070 1071 1133 linaris
1084 1073 1296 1134 'theodoretus
1311 1075 1440 1154 affingit,
1456 1076 1490 1135 in
1502 1076 1656 1154 plerisque
1668 1093 1734 1137 me-

138 1163 338 1243 Synusiastae
346 1169 493 1244 putarent
502 1164 658 1226 Christum
668 1166 762 1225 unius
775 1165 915 1225 essentia
965 1183 1034 1225 ram
1048 1167 1136 1226 istius
1156 1166 1300 1227 haeresim
1314 1168 1495 1247 neutiquam
1511 1168 1684 1247 profitetur,
1701 1186 1736 1228 ae

134 1253 285 1332 natum‘,
311 1261 521 1318 necexutcro
536 1256 672 1336 Virginis
685 1256 828 1318 babuisse
844 1275 915 1318 car·
965 1256 1030 1318 iere
1061 1258 1099 1318 de
1133 1258 1197 1319 solo
1238 1261 1397 1321 contendit
1437 1259 1529 1321 modo
1560 1260 1734 1322 locutionis.

136 1366 228 1422 nem3
242 1348 302 1409 sed
311 1349 416 1428 potius
429 1349 463 1410 in
477 1348 544 1427 ejus
558 1354 648 1411 utero
661 1351 764 1410 Deum
776 1349 915 1410 Verbum
968 1349 1088 1429 Quippe
1102 1350 1221 1410 homini
1237 1351 1356 1411 Christo
1370 1370 1435 1411 non
1449 1352 1550 1413 solum
1563 1352 1700 1413 animam
1709 1350 1734 1428 ⁷,

135 1446 259 1520 partem
288 1458 357 1500 sure
378 1441 569 1517 substantia,
590 1441 625 1501 id
649 1447 696 1501 est
720 1441 857 1516 deitatis,
882 1442 916 1502 in
967 1440 1020 1501 scd
1042 1442 1226 1502 rationalem
1244 1442 1338 1503 etiam
1353 1444 1490 1504 animam
1509 1444 1658 1505 concedit.
1673 1445 1736 1505 Ve-

135 1547 266 1589 rarnem
285 1528 348 1589 sibi
362 1531 506 1607 vertisse,
525 1535 557 1591 et
579 1531 614 1590 in
633 1530 687 1591 illa
709 1530 846 1609 quidem,
863 1530 917 1590 sed
966 1551 1038 1594 rum
1052 1533 1161 1596 abhoc
1174 1535 1342 1596 abhorrere
1357 1554 1389 1596 se
1411 1535 1526 1596 fatetur
1548 1535 1637 1613 uno⁸,
1653 1536 1737 1617 qnod

136 1638 200 1682 non
214 1638 258 1680 ex
279 1620 338 1681 illa
350 1622 546 1684 incarnatum
568 1640 633 1684 csse
647 1623 820 1697 credentes,
850 1640 916 1683 non
967 1626 1117 1687 Catholici
1144 1633 1307 1707 usurpant,
1337 1650 1352 1686 c
1375 1628 1515 1690 Verbum
1538 1629 1738 1709 assumpsisse

136 1712 241 1773 solum
263 1713 501 1787 indivinitate,
522 1715 742 1777 verumetiam
762 1715 915 1792 incarne,
968 1736 1119 1780 carnem:
1144 1740 1160 1777 n
1185 1726 1277 1798 atque
1297 1720 1341 1781 ita
1363 1721 1466 1799 potius
1489 1720 1588 1800 loqui,
1615 1719 1738 1782 Verbum

136 1804 444 1868 consubstantialem
473 1808 612 1870 dicerent
642 1808 737 1869 Patri.
763 1833 777 1861 ν
812 1808 918 1886 ltaque
969 1830 1084 1872 caraem
1098 1816 1155 1872 csse
1171 1812 1282 1892 sartum
1296 1813 1346 1872 vel
1359 1830 1416 1872 esse
1427 1813 1634 1888 recuruatum,
1651 1820 1686 1874 ut
1700 1814 1739 1874 ad

137 1898 305 1959 Christum
318 1899 497 1960 asserebant
516 1919 584 1961 ccx
599 1900 727 1979 Virgine
747 1899 919 1960 secundum
967 1905 1048 1983 ipsas
1073 1904 1239 1984 Scriptura
1273 1923 1363 1966 voces
1398 1905 1596 1966 adhaerescat.
1633 1907 1738 1984 ltaque

137 1990 293 2051 deitatem
306 1991 432 2052 initium
447 1993 631 2073 sumpsisse,
652 1999 683 2054 et
697 2009 735 2052 ex
749 1992 815 2070 ejus
830 1996 918 2052 utero
967 2005 1060 2076 τροπὴν
1072 1998 1167 2057 etiam
1181 1997 1350 2058 divinitatis
1371 1996 1487 2056 ibidem
1501 2004 1603 2075 negat,
1619 1997 1679 2058 hoc
1694 2002 1740 2058 est

137 2089 253 2144 natum
274 2101 363 2160 esse,
381 2084 415 2144 id
435 2090 482 2146 est
500 2084 641 2165 quiante
655 2102 720 2147 non
734 2089 919 2151 essetexsti-
968 2089 1172 2163 matatzbnern,
1184 2089 1237 2150 sed
1250 2110 1265 2147 o
1274 2089 1306 2149 id
1316 2089 1514 2149 duntaxatait
1524 2107 1588 2149 esse
1598 2087 1738 2166 lactum⁰,

137 2175 227 2236 time.
242 2198 260 2233 n
719 2218 724 2227 ι
968 2181 1052 2259 quod
1066 2200 1130 2241 non
1151 2186 1226 2241 crat.
1243 2202 1259 2239 n

30 2282 34 2289 ’
185 2267 255 2328 xil.
269 2267 337 2341 Quo
347 2286 386 2329 ex
400 2286 506 2330 errore
520 2286 714 2349 consequens
739 2276 816 2347 crat,
839 2272 918 2334 divi-
1010 2273 1095 2333 ΧΙΙΙ.
1110 2273 1359 2352 Gregoriusvero
1369 2274 1578 2335 Nazianzenus
1590 2273 1624 2334 in
1638 2274 1741 2353 priore

141 2377 225 2421 nam
235 2360 332 2439 ipsam
346 2366 492 2422 nonnam
505 2362 750 2442 patibilemcssc,
768 2383 921 2426 accrevero
969 2363 1009 2425 cd
1036 2362 1209 2426 Clcdoatum
1234 2366 1362 2445 epistola
1390 2366 1498 2427 decern
1523 2365 1740 2426 anathematis-

69 2463 110 2535 g
139 2451 317 2526 crocata,
334 2459 514 2515 etmortem
536 2472 601 2515 esse
626 2473 815 2537 perpessam.
831 2457 920 2530 Quod
970 2473 1038 2516 mos
1057 2457 1213 2536 proponit,
1243 2458 1383 2531 totidem,
1400 2462 1436 2517 ut
1459 2456 1593 2533 videtur,
1616 2457 1741 2518 haeresis

139 2545 230 2623 apud
244 2544 478 2606 Theodorctum
501 2547 657 2608 Eranistcs
680 2547 724 2623 is,
741 2548 792 2607 cui
806 2548 920 2628 Apolli·
970 2546 1096 2608 nefariae
1110 2548 1306 2626 dogmatibus
1328 2548 1483 2624 adversos,
1498 2547 1613 2627 quibus
1632 2555 1741 2610 notan-

139 2637 337 2697 musarum
348 2637 918 2718 partesindisputationemandantur,
971 2644 1022 2700 tur
1035 2639 1178 2719 iiprimo,
1194 2642 1249 2719 qui
1260 2646 1398 2702 sanctam
1408 2641 1538 2701 Mariam
1548 2646 1663 2719 negant
1676 2659 1741 2702 esse

139 2728 188 2789 ita
213 2728 364 2789 declarat.
395 2729 502 2790 «Non
530 2748 604 2803 nos,
633 2730 754 2809 inquit,
782 2731 921 2793 divinam
970 2740 1096 2806 νεοτόκον,
1113 2732 1144 2792 id
1158 2738 1205 2793 est
1218 2733 1394 2814 Dcrparom.
1417 2732 1534 2794 Deinde
1557 2733 1611 2812 qui
1638 2734 1741 2794 Chris·

139 2827 293 2881 naturam
307 2838 429 2899 passam
442 2839 507 2882 esse
518 2821 661 2895 dicimus,
672 2823 726 2883 sed
735 2823 918 2885 humanam:
970 2829 1040 2885 tum
1065 2844 1122 2905 per
1135 2826 1307 2904 Virginem,
1331 2826 1417 2886 velut
1440 2843 1496 2905 per
1514 2824 1664 2893 canalem,
1693 2825 1743 2886 dc-

140 2913 287 2975 divinam
311 2918 418 2974 antem
439 2932 505 2975 nna
530 2932 604 2975 eum
623 2932 751 2994 corpore
773 2933 840 2977 esse
854 2934 923 2996 pas-
971 2917 1114 2994 currisse,
1129 2918 1240 2978 nonin
1254 2917 1306 2978 illa
1318 2916 1488 2977 lormatum
1504 2933 1570 2976 esse
1583 2915 1740 2979 dixerunt.

141 3014 277 3065 saw.»
973 3010 1063 3081 Item,
1079 3011 1133 3089 qui
1147 3016 1239 3071 antea
1252 3010 1421 3070 formatum
1437 3027 1501 3070 esse
1519 3008 1691 3085 hominem,
1707 3028 1743 3070 aa

185 3096 237 3157 Ad
251 3116 324 3177 qnae
338 3098 512 3159 orthodoxo
524 3098 568 3175 sic
585 3098 724 3173 instanti,
746 3100 842 3160 «Una
856 3116 923 3161 csse
973 3107 1042 3180 post
1063 3105 1097 3162 in
1112 3121 1185 3163 aum
1204 3102 1334 3163 subiisse
1356 3100 1496 3162 Verbum
1521 3106 1672 3162 asserunt.
1696 3101 1743 3162 Ad

143 3207 272 3270 passam
300 3190 356 3269 qui
377 3191 505 3252 tandem
532 3191 704 3270 intelligis?
728 3194 778 3251 Au
800 3192 858 3260 ita,
888 3199 925 3254 ut
971 3192 1105 3272 haeequi
1119 3195 1196 3254 duos
1218 3195 1411 3255 constituunt
1431 3194 1536 3269 Filios,
1552 3194 1685 3254 alterum
1705 3211 1743 3254 cx

144 3281 293 3361 impactis
307 3284 432 3362 corpori
456 3283 568 3358 clavis,
585 3288 697 3344 natura
712 3283 817 3343 divina
832 3283 923 3344 dolo·
973 3287 1036 3347 Deo
1057 3285 1158 3359 Patre,
1178 3287 1312 3347 alterum
1326 3305 1365 3346 ex
1378 3292 1478 3346 matre
1492 3286 1633 3364 Virgine.
1649 3286 1742 3363 Tum,

144 3391 216 3435 rem
238 3372 441 3434 admiseritl‘l
454 3395 470 3432 n
482 3374 636 3434 Eranistes
649 3374 844 3435 assentiendo
858 3393 922 3435 res·
972 3379 1027 3458 qui
1041 3378 1236 3439 divinitatem
1249 3378 1281 3438 in
1297 3378 1362 3454 illo,
1372 3382 1524 3458 tanquam
1537 3380 1570 3438 in
1579 3379 1743 3457 Propheta,

145 3465 283 3545 pandet,
312 3464 360 3525 Ito
383 3484 518 3546 prorsas.
545 3465 756 3532 Quamobrem
782 3466 925 3528 divinum
974 3487 1029 3549 per
1049 3471 1181 3548 gratiam
1203 3476 1362 3549 operatam
1390 3488 1455 3531 csse
1477 3469 1657 3545 defendunt,
1680 3488 1745 3531 non

145 3556 290 3617 Verbum
305 3564 440 3619 mortem
458 3558 656 3637 degustasse,
678 3564 709 3618 ct
726 3559 835 3619 mortis
848 3577 924 3637 par·
974 3562 1145 3622 secundum
1160 3562 1363 3623 substantiam
1384 3578 1449 3624 esse
1470 3562 1646 3642 copulatam
1663 3582 1670 3623 :
1686 3562 1744 3636 Qui

146 3650 249 3729 ticeps
272 3648 368 3709 fuisse
391 3667 496 3726 earne,
522 3655 626 3711 censet
648 3648 832 3711 transcat.
863 3650 925 3712 Sed
975 3652 1157 3715 crucifixum
1184 3673 1249 3715 non
1274 3655 1428 3715 adorant:
1450 3655 1512 3721 Qui
1535 3672 1574 3716 ex
1599 3653 1745 3733 operibus

147 3740 282 3802 minime
308 3740 379 3802 ideo
407 3740 486 3802 illud
499 3742 665 3820 indignum
691 3740 817 3819 uideri⁸,
841 3743 926 3821 qnod
975 3746 1144 3826 perfectum
1158 3746 1251 3806 fuisse
1265 3746 1388 3821 dicnnt;
1404 3747 1454 3807 vel
1467 3751 1535 3826 post
1543 3746 1743 3826 baptismum,

147 3839 263 3914 sponte
275 3851 332 3893 sua
346 3833 386 3893 ad
400 3851 470 3894 eam
484 3834 704 3910 conditionem,
720 3853 778 3895 nec
791 3835 925 3895 invitum
975 3844 1030 3898 aut
1047 3839 1305 3900 resurectionem
1328 3837 1509 3915 adoptatum
1528 3854 1535 3896 ε
1551 3836 1604 3915 qui
1619 3853 1744 3897 carnem

147 3925 357 3987 desoenderit.
381 3927 464 3986 Tum
483 3944 522 3986 ex
545 3927 658 3987 divinis
684 3927 830 3987 omnibus
852 3946 925 4007 pro·
975 3930 1110 3991 aVcrbo
1130 3930 1302 4010 depositam
1325 3947 1401 4004 essa,
1417 3947 1452 3990 ac
1471 3929 1564 3989 modo
1591 3928 1745 3990 nudatum

149 4018 346 4098 prietatibns,
376 4036 446 4097 quae
474 4019 623 4079 attributa
644 4024 767 4096 vocant,
791 4041 806 4076 a
829 4020 926 4080 solam
975 4039 1103 4101 corpore
1129 4039 1256 4083 manere
1277 4021 1418 4083 Verbum
1445 4020 1623 4080 existimant
1648 4038 1655 4079 :
1684 4019 1743 4093 Qui

149 4109 437 4188 immortalitatem,
474 4115 506 4171 et
539 4110 800 4190 impatibilitatem
825 4118 926 4173 muta·
975 4112 1094 4193 lapsam
1119 4133 1136 4174 e
1162 4114 1240 4175 coelo
1263 4131 1401 4187 carnem,
1426 4130 1492 4173 non
1505 4130 1524 4173 a
1538 4111 1629 4172 nobis
1651 4129 1740 4173 esse:

151 4202 233 4263 biles
259 4201 479 4276 adstruebant,
515 4221 550 4263 ac
576 4202 796 4273 vertibilem.»
828 4204 928 4283 Igitur
977 4205 1035 4277 Qui
1049 4211 1242 4285 assumptum
1259 4205 1421 4265 hominem
1435 4222 1538 4265 carere
1551 4208 1745 4265 menteasse·

157 4316 173 4351 α
195 4300 312 4354 natura
338 4294 465 4374 quidem
496 4294 704 4356 immortalem
734 4313 799 4356 esse
825 4297 927 4357 Deum
976 4302 1060 4357 runt.
1077 4298 1151 4370 Qua
1170 4297 1296 4375 quidem
1319 4298 1425 4357 omnia
1445 4297 1586 4358 docuisse
1599 4295 1743 4356 eumdem

152 4385 297 4455 aiebant,
312 4386 364 4447 sed
379 4392 545 4466 postauam
559 4386 654 4448 homo
668 4391 715 4448 est
733 4387 848 4465 factus,
863 4406 928 4450 esse
976 4393 1105 4467 apparet
1116 4387 1308 4462 haereticum,
1325 4389 1465 4467 quamvis
1478 4388 1611 4460 dimona,
1622 4392 1653 4447 et
1667 4405 1744 4448 oon-

152 4475 343 4559 passum⁶¹.n
976 4480 1143 4541 trariarum
1170 4486 1323 4541 sectarum
1354 4480 1481 4559 propria
1511 4497 1576 4540 esse
1601 4479 1746 4558 dogmata

194 4569 335 4650 idipsum
362 4576 393 4631 et
414 4588 454 4631 ex
471 4570 617 4631 omnibus
638 4571 822 4632 testimoniis
846 4574 927 4634 anti·
976 4571 1151 4632 videamur.
1173 4572 1233 4632 Sed
1256 4571 1403 4632 nimirum
1427 4572 1461 4632 in
1486 4576 1572 4632 tanta
1593 4570 1746 4633 librorum

153 4680 293 4743 quorum
320 4661 449 4723 Petrum
469 4662 632 4741 colligitur,
648 4665 778 4742 quosad
791 4664 929 4725 refutan-
976 4665 1075 4742 eopia,
1112 4682 1189 4744 quos
1222 4668 1448 4725 commentatus
1469 4669 1515 4726 est
1549 4664 1746 4744 Apollinaris,

154 4754 230 4816 dam
256 4753 447 4835 Apollinaris
471 4755 615 4816 haeresim
634 4755 846 4817 Theodoretus
869 4756 927 4817 ibi-
977 4754 1061 4816 haud
1076 4775 1174 4837 pauca
1194 4756 1240 4817 illi
1254 4756 1435 4817 exciderunt
1456 4756 1592 4818 invicem
1607 4775 1748 4837 pugnan-

191 4949 214 4988 α
232 4934 340 4989 Tumo-
356 4931 423 4987 dial.
441 4931 490 4986 ΙΙΙ.
505 4929 567 4984 Οὐδὲ
581 4932 628 5003 γὰρ
641 4931 710 5003 ἡμεῖς
725 4930 769 4999 τὴν
783 4933 848 4986 θείαν
860 4934 930 5005 φύσιν
1015 4950 1030 4991 0
1048 4937 1152 4991 Tflnoo.
1169 4934 1236 4990 ibid.
1251 4935 1336 4996 Μόνας
1350 4933 1393 5003 τὴν
1409 4934 1554 4999 ἀθανασίαν,
1570 4935 1611 4988 καί
1627 4933 1671 5001 τὴν
1687 4933 1749 4988 ἀπά-

156 5016 304 5071 πεπανθέναι
316 5015 406 5088 φαμὲν,
420 5014 540 5081 &Alterius
557 5013 715 5088 ἀνθρωπείαν.
729 5014 772 5084 τὴν
786 5017 853 5070 θείαν
867 5019 893 5071 δέ
902 5036 931 5090 γε
978 5019 1043 5072 θειαν
1054 5019 1158 5091 spaurde
1172 5013 1235 5071 εἶναί
1248 5038 1317 5089 φατε,
1326 5037 1367 5072 και
1380 5019 1410 5073 rb
1424 5019 1526 5072 δυνατὸν
1540 5021 1583 5085 τῆς
1592 5016 1750 5077 ἀλλοιώσεως

156 5100 351 5172 ωμπεπονθέναι
361 5105 400 5171 τῷ
413 5098 522 5170 σώματι.
979 5099 1018 5155 ἐπ’
1032 5100 1113 5156 αὐτῶν
1127 5104 1286 5175 συγχωρεῖτε.

195 5182 213 5236 θ
232 5181 301 5237 Ιθίἀ,
317 5182 377 5253 opt.
399 5181 430 5234 τθ
443 5180 636 5252 σνμπεπονθέναι
650 5187 705 5244 πῶς
724 5183 818 5254 Alpem
834 5183 867 5246 ὣς
881 5189 930 5239 τῶν
1014 5183 1036 5239 d
1055 5183 1123 5240 lbitt.
1137 5183 1236 5243 EPAN.
1252 5185 1328 5238 Φύσει
1346 5185 1389 5256 μίν
1409 5183 1473 5239 ἐστιν
1487 5182 1614 5247 ἀθάνατος,
1629 5178 1747 5254 ίνανθρω-

155 5264 228 5331 &aas
243 5262 438 5337 ἔμπηγνυμίνων
449 5269 485 5334 τῷ
499 5264 594 5335 σώματι
608 5262 652 5332 τὴν
669 5265 733 5318 θείαν
744 5266 815 5337 φύσιν
825 5266 932 5340 timot
979 5267 1092 5336 πίσαςδέ
1102 5268 1229 5323 πίπονθεν.

157 5347 253 5415 vagtis
269 5345 380 5417 αἴοθησιν
395 5345 505 5409 macta
515 5365 522 5416 3
534 5347 634 5407 EPAN.
650 5348 739 5422 Ναίχι.

186 5517 200 5560 1
218 5514 268 5560 Fac.
279 5514 316 5560 tit.
330 5514 421 5567 V1‚-2
433 5512 540 5560 itta—t
552 5515 583 5560 ld.
596 5515 611 5562 l.
623 5516 701 5561 vrttes
712 5516 800 5563 thr
813 5516 867 5563 Eud.
878 5516 893 5563 l.
906 5518 962 5564 ut.-
975 5520 989 5564 5
1000 5519 1032 5565 lb.
1044 5520 1103 5576 apud
1115 5519 1246 5566 theod-t
1258 5518 1337 5563 tta-t
1348 5514 1481 5562 ruminat.
1493 5515 1576 5559 tta-8
1590 5513 1669 5559 tb.-u
1677 5516 1707 5562 lh.
