4036 6162
538 329 589 390 DE
607 328 905 408 lNGhRNA'l‘lONE,
927 330 1005 392 LIB.
1027 330 1066 407 11,
1087 328 1168 393 GAP.
1192 332 1244 391 Vl.
1624 333 1684 394 303

95 500 131 557 ιιι
154 492 434 570 medicamentum,
458 495 544 574 quod
570 496 716 557 adeamus
742 513 866 557 venena
954 495 1052 556 XVII.
1074 496 1154 556 Nam
1167 496 1251 575 quod
1264 495 1375 557 Christi
1388 495 1523 558 advento
1536 501 1567 558 et
1580 498 1683 559 Incar-
1720 520 1765 565 our
1783 532 1842 567 aa„

95 592 306 666 eomparatur,
341 587 376 647 in
407 605 519 667 corpus
551 588 652 667 ipsum
687 594 863 668 receptum,
914 587 1040 649 natione
1069 606 1172 668 neque
1199 594 1368 667 peecatum,
1384 607 1485 670 neque
1508 608 1603 663 mors,
1624 608 1682 650 nec
1707 575 1855 673 fssfflgp':

96 679 197 750 noxia,
211 678 376 741 etlethelia
391 680 560 759 pervincit:
572 685 665 759 etque
680 687 716 741 ut
728 681 865 742 tenebra
912 679 1087 755 infirmitas,
1098 687 1247 742 necatam
1257 681 1328 742 vita
1338 682 1477 742 mortalis
1486 682 1684 744 incommoda
1708 682 1855 779 ”pamm

95 771 224 832 domum
236 772 377 852 aliquam
387 778 584 852 occupantes,
599 773 727 834 inducto
746 773 866 834 lumine
915 772 1034 833 sublata
1049 778 1139 849 sunt,
1155 774 1208 834 sed
1221 773 1322 835 adhuc
1335 780 1544 855 perseverant,
1561 781 1593 836 ιι
1605 774 1685 837 inle-
1821 766 1827 778 ’

95 863 314 943 dissipentur:
343 864 385 926 ita
402 883 487 926 mors
509 866 542 927 iu
569 878 682 926 natura
702 866 867 927 dominans
915 866 1016 922 stant:
1034 863 1150 922 mirum
1172 863 1232 924 hoc
1250 882 1314 925 esse
1328 865 1447 925 nemini
1461 865 1562 926 dehet.
1578 863 1683 925 Ratio-

95 955 245 1031 hnmana,
262 958 303 1018 ad
320 958 516 1037 praesentiam
543 958 712 1019 divinitatis
732 958 867 1019 extincta
915 972 990 1014 nem
1028 953 1122 1033 hujus
1161 956 1294 1016 reddidit
1330 959 1495 1035 Gregorius
1528 958 1685 1038 Nyssenus

96 1054 174 1110 est·.
195 1068 213 1105 e
237 1049 303 1110 Neo
321 1049 462 1111 absimile
478 1050 560 1110 istud
579 1056 625 1112 est
643 1050 865 1130 Chrysostomi,
917 1046 1055 1106 oratione
1082 1046 1117 1108 de
1148 1046 1260 1109 Natali
1288 1047 1401 1110 Christi
1414 1049 1442 1109 ⁶¹:
1473 1048 1571 1131 (cujus
1592 1048 1686 1110 verba

100 1141 374 1220 ‹Postqunmvita
385 1140 498 1221 inquit,
510 1143 549 1203 ed
558 1160 615 1203 nos
628 1143 779 1222 pervenit,
787 1142 867 1203 solu·
916 1137 1063 1216 leguntur
1074 1139 1108 1200 in
1118 1140 1198 1201 libro
1208 1139 1346 1202 adversas
1355 1140 1684 1223 Anthropomorphitoa,

97 1237 159 1293 ιιιιιι
170 1237 219 1293 est
232 1233 344 1294 mortis
360 1234 651 1313 imperium,etcum
662 1233 868 1295 nohialumen
917 1230 972 1309 qui
987 1230 1095 1309 Cyrilli
1108 1249 1225 1293 nomen
1237 1233 1332 1294 habet
1341 1232 1534 1313 inscriptum)
1551 1239 1581 1294 et
1592 1233 1685 1315 aptis-

97 1324 203 1394 illnxit.
218 1342 380 1405 nusquem
392 1327 528 1388 tenebrae
548 1327 681 1407 amplius
702 1333 775 1388 sunt
790 1345 798 1387 ι
814 1326 868 1388 sed
917 1321 996 1382 aima
1009 1322 1211 1384 similitudine
1225 1331 1271 1385 eet
1283 1343 1376 1386 usus:
1391 1326 1433 1385 Ut
1445 1326 1499 1404 qui
1513 1330 1687 1405 serpentem

97 1418 128 1479 ln
139 1418 231 1480 nobis
246 1423 400 1501 perpetuo
412 1418 477 1480 vita
489 1425 595 1482 manet
607 1439 616 1480 t
629 1439 688 1481 nee
700 1436 785 1481 mors
799 1435 869 1480 eam
918 1414 1055 1475 occidere
1074 1416 1151 1491 vult,
1179 1416 1266 1493 eliso,
1295 1426 1327 1478 ιι
1351 1417 1467 1478 ohtrito
1486 1418 1551 1496 ejus
1574 1418 1685 1496 capite,

98 1528 244 1591 superero
259 1516 362 1590 potest
373 1509 396 1570 θ.
416 1531 430 1570 ν
917 1505 1073 1585 reliquum
1091 1525 1201 1588 eorpus
1214 1508 1373 1569 interdum
1385 1510 1544 1589 relinquit,
1560 1513 1591 1570 et
1610 1513 1688 1569 trac-

135 1603 331 1684 huguslinus
351 1619 475 1681 quoque
497 1601 531 1661 in
554 1602 700 1665 eumdem
721 1620 866 1665 sensiam:
918 1599 975 1658 tim
991 1616 1110 1679 repere,
1136 1600 1351 1680 convolvique,
1376 1620 1413 1663 ac
1428 1601 1577 1683 palpitare
1591 1600 1682 1672 sinit;

103 1694 174 1756 «ot
200 1694 361 1756 occideret
387 1699 538 1770 mortem,
565 1693 642 1770 eit¹,
671 1696 799 1756 vestitus
824 1700 870 1756 est
918 1690 962 1750 sie
989 1697 1189 1769 grassantem,
1223 1711 1259 1754 ae
1293 1692 1471 1761 saevientem
1497 1712 1554 1775 per
1581 1710 1689 1754 omnes

100 1792 205 1849 morte.
221 1787 297 1847 Non
310 1785 413 1866 potnit
434 1804 519 1847 mors
545 1787 627 1847 mori
655 1787 715 1848 nisi
734 1787 768 1847 in
793 1787 866 1848 vita.
918 1782 1083 1844 bominum
1098 1789 1203 1845 aetates
1222 1784 1389 1846 draconem
1404 1787 1543 1847 Christus
1557 1787 1599 1847 ita
1613 1805 1688 1848 eon-

101 1880 164 1940 tlon
183 1879 325 1941 moritur
344 1879 535 1953 amaritudo,
559 1878 621 1939 uisi
641 1878 674 1939 in
694 1879 868 1956 dulcedine,
918 1873 1003 1952 feeit,
1018 1875 1133 1954 atejus
1147 1876 1329 1956 capitaneo
1343 1878 1687 1954 estnooendiviaccise,

100 1971 304 2033 nonmoritur
312 1970 478 2051 frignsnisi
488 1970 600 2031 calore.
611 1970 683 2031 Non
692 1977 738 2031 est
746 1977 870 2033 mortua
920 1967 1689 2051 truncumvelutreliquumnegligeret,aemoveri

100 2064 256 2125 nonnisi
270 2062 304 2124 in
322 2065 398 2124 vita.
414 2084 430 2122 n
447 2063 650 2142 Theophanes
664 2069 870 2142 cognomento
918 2057 1057 2120 belluam
1082 2061 1214 2137 ιιιιιιιι,
1240 2080 1302 2140 quo
1320 2064 1458 2123 venturis
1471 2068 1577 2143 postea
1591 2068 1688 2125 ιιιιι-

9 2166 65 2223 ‘utu
101 2163 220 2235 ιφαμεις
235 2156 271 2215 in
278 2155 409 2216 homilia
419 2154 680 2231 tertie,illustrem
692 2156 732 2215 ed
746 2155 777 2216 id
789 2174 871 2217 com·
919 2152 1014 2212 minis
1027 2153 1219 2214 occasionem
1227 2152 1391 2232 praeberet.

102 2249 294 2327 parationem
320 2246 448 2308 adhibet
474 2265 492 2307 e
523 2254 666 2327 serpente
699 2253 866 2327 sumptam.
959 2245 1048 2305 Hanc
1061 2245 1200 2306 eamdem
1213 2247 1428 2325 questionem,
1444 2246 1528 2327 quod
1548 2245 1588 2306 ad
1609 2262 1690 2306 mor-

108 2339 280 2419 «Serpens,
304 2340 366 2416 ait,
390 2357 456 2400 non
479 2339 571 2400 modo
586 2338 700 2399 lethale
713 2357 870 2401 venenum
920 2340 984 2396 tem
995 2335 1115 2409 attinet,
1129 2337 1286 2416 proponit,
1301 2356 1336 2399 ac
1350 2337 1488 2399 dissolvit
1498 2337 1690 2418 Augustinus

102 2430 209 2503 hahet,
217 2432 336 2510 inquit3
352 2431 407 2491 sed
420 2430 870 2510 etiampharmacum,lethalis
919 2427 953 2488 in
967 2427 1046 2488 libro
1060 2428 1136 2489 Xlll
1161 2428 1196 2489 de
1223 2429 1354 2490 Ciuitate
1366 2428 1436 2508 Dei,
1463 2429 1563 2510 eapite
1579 2428 1688 2507 1v,ubi

9 2534 10 2537 ’
104 2523 301 2603 propulsandi
327 2521 443 2584 veneni
468 2521 698 2601 vipraeditum3
723 2523 806 2601 quod
830 2541 871 2584 ex
920 2519 1014 2580 etiam
1042 2518 1140 2581 ablato
1166 2521 1302 2581 crt'miar's
1328 2540 1425 2599 oenc,
1454 2522 1593 2583 relictam
1624 2540 1690 2583 esse

102 2622 280 2695 serpentum
289 2614 433 2676 carnibus
441 2614 601 2677 mediciad
613 2615 788 2676 remedium
801 2634 872 2676 con·
921 2619 1070 2689 mortem,
1099 2613 1234 2674 necdum
1261 2614 1397 2692 eorporis
1425 2613 1690 2676 immortalitatem

101 2708 217 2769 liniunt.
247 2709 300 2770 Sia
323 2726 363 2769 ex
392 2706 501 2767 lldami
522 2714 637 2769 natura
650 2706 785 2778 mortali,
802 2726 872 2787 pro·
922 2712 1077 2780 secutam,
1107 2706 1161 2781 ait,
1191 2711 1261 2766 tum
1285 2706 1325 2767 ad
1352 2707 1560 2768 roborandam
1581 2706 1688 2779 iidem,
1759 2701 1761 2706 ’

100 2799 201 2880 prium
222 2818 338 2880 corpus
363 2800 419 2861 Dei
446 2799 504 2859 sihi
528 2799 669 2861 Verbum
690 2798 869 2872 elaboravit,
924 2817 1024 2878 equa
1038 2803 1114 2859 tunc
1127 2803 1173 2858 est
1186 2798 1274 2871 fides,
1303 2798 1428 2877 quando
1451 2803 1630 2879 expectatur
1656 2797 1691 2857 in

100 2894 178 2973 quod
190 2900 329 2954 mortem
342 2913 359 2953 ι
373 2891 476 2953 medio
490 2892 598 2953 tollere
612 2898 736 2972 posset.
752 2913 767 2949 o
921 2907 985 2971 spe,
1001 2891 1085 2970 quod
1096 2891 1129 2951 in
1143 2908 1176 2951 re
1190 2891 1332 2951 nondum
1346 2891 1484 2951 videtur:
1497 2912 1512 2948 e
1524 2896 1592 2950 tum
1607 2889 1690 2970 quod

142 3008 153 3042 ι
175 2987 280 3065 Igitur
307 2985 381 3064 quia
399 2990 501 3044 totum
528 2984 689 3045 hominem
711 2985 792 3045 Dens
819 2980 872 3045 ille
921 2983 1170 3062 ejusdemaihlei
1179 2981 1302 3059 robore,
1314 2988 1406 3062 atque
1417 2984 1584 3044 certamine
1596 2981 1691 3043 etiam

101 3078 243 3156 msoepit,
271 3077 342 3138 ideo
357 3077 451 3138 totius
468 3075 606 3136 hominis
623 3076 658 3136 in
670 3094 702 3137 se
716 3076 872 3156 passiones
921 3075 1030 3136 mortis
1048 3075 1148 3137 luerat
1174 3076 1368 3155 superandus
1381 3075 1486 3151 timor,
1514 3082 1572 3136 etc.
1602 3075 1692 3135 Nune

101 3168 132 3229 in
149 3171 283 3230 ιιτὶιιιιι
305 3169 507 3230 monstravit:
533 3173 565 3229 et
588 3169 727 3229 animam
746 3169 872 3248 quidem
920 3186 995 3229 vero
1009 3168 1137 3246 majore,
1154 3173 1184 3229 et
1196 3167 1386 3230 mirabiliore
1398 3167 1499 3249 gratia
1512 3166 1689 3240 Salutaris,

101 3262 284 3324 rationalem
297 3260 426 3337 babens,
449 3260 599 3340 quidquid
612 3259 671 3320 luit
683 3260 873 3323 infirmitatis
919 3259 955 3320 in
968 3277 1043 3320 usus
1059 3259 1189 3339 justitia
1210 3260 1326 3337 peceati
1346 3279 1440 3340 poena
1463 3278 1611 3321 conversa
1633 3264 1690 3320 est.

101 3352 260 3426 ιιιιιιιιιιιιι,
271 3354 340 3415 sine
351 3358 478 3432 peccato
487 3359 518 3414 ιι
526 3353 670 3432 suscepit,
687 3359 718 3414 et
730 3353 869 3433 pertulit3
921 3353 1010 3412 Tune
1029 3352 1113 3412 enim
1137 3349 1257 3412 dictum
1275 3356 1321 3411 est
1334 3350 1475 3412 homini:
1502 3350 1652 3428 Morieris,
1666 3350 1692 3410 si

101 3450 134 3505 ut
149 3447 227 3508 dnm
241 3447 391 3507 humanae
407 3444 520 3506 anima
536 3443 694 3525 passiones
706 3445 740 3505 in
754 3445 869 3522 anima,
921 3443 1102 3524 peccaveris.
1118 3443 1208 3504 Nunc
1221 3443 1333 3503 dicitur
1346 3443 1485 3523 blartyri,
1502 3445 1635 3517 Morere,
1652 3461 1692 3504 ne

102 3556 191 3617 quam
203 3538 340 3615 aceepit,
358 3537 513 3614 vinceret,
528 3544 648 3597 nostras
662 3555 786 3617 quoque
800 3538 870 3598 ani-
920 3553 1038 3617 pecces,
1058 3540 1115 3596 etc.
1143 3537 1195 3596 Sic
1219 3554 1275 3617 per
1299 3535 1487 3596 ineffabilem
1501 3536 1556 3597 Dei
1570 3534 1692 3597 miseri-

101 3646 165 3691 mus
196 3631 238 3692 ab
274 3628 507 3707 infirmitatibus
545 3628 710 3704 liberaret,
747 3647 871 3691 carnem
921 3628 1069 3703 cordiam,
1098 3632 1129 3687 et
1155 3626 1222 3707 ipsa
1244 3646 1337 3708 poena
1360 3627 1507 3689 vitiorum
1527 3629 1639 3689 transit
1658 3627 1693 3689 in

101 3738 223 3801 quoque
235 3722 410 3783 humanam
425 3720 588 3800 accipiens,
598 3721 633 3781 iu
643 3720 781 3800 ejusdem
793 3722 873 3782 veri·
921 3738 1009 3781 arma
1021 3719 1156 3796 virtutis,
1166 3725 1196 3780 et
1209 3718 1245 3778 fit
1252 3719 1329 3798 Justi
1342 3721 1500 3798 meritum,
1512 3723 1605 3781 etiam
1618 3738 1693 3799 snp-

103 3819 159 3876 ete
172 3814 288 3888 carah,
303 3814 468 3876 ueritatem
480 3813 665 3874 voluntaria
678 3813 789 3874 habuit
801 3832 871 3893 pas·
919 3812 1048 3893 plieium
1062 3811 1270 3892 peccatoria»
1289 3813 1331 3874 Ao
1345 3813 1496 3892 denique,
1526 3835 1541 3870 α
1561 3814 1693 3873 Tantam

102 3905 204 3983 nonis,
231 3906 325 3968 utin
352 3924 444 3967 earne
466 3911 625 3982 mortuns,
654 3911 752 3967 totam
778 3906 812 3966 in
839 3925 871 3968 se
921 3905 1005 3966 Deus
1027 3904 1100 3965 fidei
1114 3904 1255 3985 prestitit
1267 3903 1410 3983 gratiam,
1427 3910 1463 3965 ιιι
1486 3923 1582 3977 mora,
1597 3921 1693 3983 quam

102 3996 237 4061 luminis
264 3999 416 4061 occideret
441 4002 585 4075 mortem,
615 4004 646 4059 et
671 3998 706 4058 in
724 4003 874 4060 aeternam
922 3998 995 4058 vitae
1018 4002 1137 4058 constan
1148 4015 1212 4058 esse
1232 3997 1432 4083 contrariam,
1447 3996 1692 4058 instrumentum

103 4089 198 4153 utam
220 4090 409 4153 immortalis
432 4107 615 4169 resurgens,
643 4096 767 4151 aeternae
784 4089 874 4151 nobis
922 4088 1020 4167 fieret,
1034 4107 1090 4171 per
1102 4088 1185 4168 quod
1194 4088 1378 4149 transiretur
1386 4090 1420 4149 in
1431 4087 1568 4150 vitam.»

104 4182 315 4263 ritoegratiam
328 4184 534 4245 condonaret:
550 4203 566 4241 e
580 4182 626 4243 ait
639 4182 818 4258 Fulgentius
828 4181 853 4243 '.
963 4182 1001 4243 Et
1013 4181 1048 4242 in
1061 4181 1141 4242 libro
1164 4181 1299 4242 seeundo
1322 4181 1358 4242 de
1375 4188 1567 4263 peccatoram
1580 4180 1693 4242 meritis

138 4369 159 4410 a
176 4356 266 4411 Bm
281 4355 359 4410 hom·
373 4370 428 4409 nv
442 4353 479 4410 de
493 4352 573 4409 hom.
590 4351 704 4410 Chresti
715 4355 811 4410 natio.
827 4351 873 4405 Διὰ
921 4348 969 4417 tta,
994 4350 1059 4406 όλλό
1072 4353 1112 4405 καί
1134 4353 1261 4426 φάρμακον
1285 4348 1436 4425 ἀναιρετικὸν
1457 4357 1501 4406 τοῦ
1526 4352 1693 4426 θανατηφόρου

106 4444 177 4493 aare
187 4439 243 4500 aa<
256 4436 281 4492 ἐν
301 4438 374 4510 σαρκί
396 4438 430 4489 ἵν’
454 4436 610 4510 ίνιοιοττιόνῃ
635 4438 677 4490 τόν
701 4435 875 4509 ίρφωλιύοντα
923 4433 970 4488 too·
992 4437 1008 4489 θ
1028 4438 1117 4497 παῖδες
1132 4434 1222 4508 ἰατρῶν
1237 4432 1264 4488 ἔτι
1277 4442 1328 4491 τῶν
1347 4436 1443 4507 σαρκθιν
1457 4441 1507 4489 τῶν
1520 4436 1599 4508 ὄφεων
1622 4456 1695 4491 κατα·

105 4520 217 4577 θάνατοι.
231 4523 268 4584 ὡς
280 4521 328 4593 γὰρ
338 4527 388 4576 τῶν
402 4521 537 4593 ραρςιάιοιν
552 4518 584 4574 rh
593 4518 739 4591 ἀλεξητήρια
750 4537 873 4591 κατατρα-
922 4519 1077 4582 σισιόζοοοιν
1102 4518 1294 4592 ἀντιφάρμακον·
1312 4519 1390 4582 οὕτως
1401 4517 1428 4571 a
1440 4522 1484 4587 τῆς
1498 4520 1585 4588 θνητῆς
1602 4521 1695 4593 picam

108 4607 202 4658 τιῖτῶν
218 4605 355 4676 φθαρτικῶν
378 4603 534 4657 οίαιιωθίντα
550 4609 588 4675 τῷ
608 4605 717 4675 σώματι·
738 4602 779 4657 καὶ
798 4603 833 4664 ὡς
846 4602 875 4656 τι
921 4606 965 4656 τοῦ
984 4600 1062 4674 Ἀδὰμ
1072 4602 1176 4656 abibon
1191 4602 1294 4675 αῶραό
1311 4595 1356 4656 τοῦ
1366 4603 1423 4656 leot
1437 4604 1603 4672 συνεστήσατο
1617 4605 1695 4677 λόγος

109 4683 241 4760 θνηάρχον
260 4693 297 4759 τῷ
318 4686 380 4760 einp
403 4689 491 4749 στότος
513 4690 544 4759 τῇ
563 4683 716 4760 ἐπεισαγωγῇ
739 4690 782 4740 τοῦ
796 4685 876 4756 φωτός
922 4683 1074 4757 ἀναιρετικὸν
1084 4690 1127 4739 τοῦ
1141 4686 1245 4743 θανάτοιν
1253 4687 1397 4759 γενόμενον.
1580 4712 1582 4716 “

108 4766 200 4822 tem·
215 4770 292 4832 οὕτως
306 4768 552 4842 disterminat-35
567 4768 703 4843 ἀνθρωπίνῃ
723 4768 790 4840 φύσει
804 4770 877 4823 desa·
957 4769 1114 4826 ιίΝιιιιιτι.
1129 4775 1158 4825 at
1182 4770 1293 4825 Creten.
1317 4775 1393 4827 cont.
1411 4768 1520 4828 Anthr.
1538 4787 1599 4843 cap.
1616 4786 1692 4828 nra.

110 4867 149 4912 τος
160 4855 192 4923 τῇ
205 4853 324 4925 παραιτία
337 4856 380 4920 τῆς
393 4854 506 4921 θεότητος
519 4851 639 4924 ἠφανίσθη
923 4851 995 4904 Οὕτω
1009 4852 1050 4904 καί
1061 4852 1127 4905 ότοῦ
1141 4852 1275 4923 δράκοντος
1288 4852 1424 4925 θναιρότης,
1435 4849 1478 4909 ότι
1491 4855 1555 4908 πολι
1569 4854 1598 4908 rh
1612 4855 1695 4927 θηρίον

144 4932 161 4987 b
180 4936 276 4992 enare
291 4935 368 4992 hom.
384 4951 402 4989 ι’
420 4938 453 4990 itt
464 4936 551 4991 Joan.
563 4934 612 5003 Τῆς
625 4933 673 5008 γὰρ
692 4937 756 5003 ζωῆς
770 4953 877 5007 ταραγε-
924 4931 1030 5005 ἐγένετο,
1045 4935 1133 4998 πάσαις
1143 4937 1196 4996 ταῖς
1206 4936 1259 4988 καθ’
1273 4935 1376 5004 ἑκάστην
1389 4935 1530 5006 tatenhille
1538 4942 1587 4992 τῶν
1603 4937 1696 5009 ἀνθρώ-

112 5012 281 5090 ”pharpha
299 5016 375 5089 ἡμᾶς
389 5018 491 5071 λέλυται
511 5020 555 5071 τοῦ
572 5018 676 5070 θανάτου
693 5017 723 5071 τό
736 5015 878 5089 aptarent
923 5036 976 5072 ττων
996 5020 1099 5087 γενεαῖς,
1118 5018 1162 5088 τὴν
1177 5019 1283 5090 κεφαλὴν
1307 5018 1412 5084 ἀνελὼν,
1435 5021 1548 5075 τουτέστι
1575 5021 1619 5091 τὴν
1645 5026 1695 5074 τῶν

112 5093 156 5150 τοῦ
168 5101 245 5171 φωτός
257 5102 401 5173 λάμψαντος
424 5098 531 5172 lappis,
556 5099 635 5153 οὐκέτι
649 5100 678 5154 τὸ
700 5102 787 5162 σκότος
801 5096 876 5164 ἔστιν,
922 5105 1003 5153 κοινῶν
1020 5098 1172 5173 {pauperula
1186 5102 1298 5176 δύναμιν,
1320 5100 1364 5171 τὴν
1385 5102 1481 5166 πολλὰς
1501 5103 1606 5176 ἔχουσαν
1620 5120 1695 5173 κερα-

112 5178 179 5233 όθλθ
189 5183 252 5253 [τινα
264 5184 396 5246 διαπαντός
410 5181 435 5236 b
449 5182 508 5255 ἡμίν
520 5182 550 5237 'cb
563 5186 619 5256 ζῇν,
633 5182 674 5236 καί
687 5183 789 5247 θάνατος
802 5182 877 5236 αὑτοῦ
922 5181 979 5250 ite,
990 5180 1014 5236 lv
1030 5183 1090 5257 αὐτῇ
1102 5188 1146 5238 τοῦ
1159 5187 1261 5239 κατόπιν
1277 5182 1352 5239 blant
1367 5184 1455 5239 οθδένα
1469 5185 1598 5252 πεποίηται
1606 5184 1695 5256 λόγον,

113 5266 271 5335 apponte
279 5266 308 5319 cir
317 5268 429 5320 δυνάται.
925 5265 957 5328 εἰς
970 5265 1081 5338 ἀφορμὴν
1088 5267 1222 5340 γυμνασίου
1236 5270 1289 5332 τοῖς
1298 5266 1380 5340 ἐφεξῆς
1388 5268 1433 5336 τὴν
1449 5266 1473 5321 ιν
1484 5271 1607 5341 τῷνιιιρῷ
1618 5264 1696 5338 θηρίῳ

150 5358 168 5402 t
183 5346 300 5406 hore.
319 5347 356 5405 '0
368 5346 417 5425 γίιρ
434 5348 487 5422 θοις
502 5346 531 5405 οὗ
552 5350 627 5422 μόνον
640 5348 693 5424 θχει
709 5348 877 5423 θανατηφόρον
923 5349 1017 5419 κίνησιν
1031 5348 1206 5420 θτολτιρθῆναι
1219 5351 1333 5417 ποιήσαις.

145 5497 158 5540 ι
173 5497 314 5548 flammea
324 5500 397 5549 ιρι
410 5500 475 5558 Felg.
489 5501 506 5547 l.
518 5500 548 5546 ιιι
560 5501 589 5546 od
598 5501 691 5547 ιιαιίτι.
702 5512 774 5547 aare
