4078 6168
351 238 411 305 uo
855 243 1180 319 autumnitanus
1200 243 1415 320 mauseuli

353 405 511 481 Hadriano
538 406 664 489 caepisse
683 407 841 483 hereticos
867 408 935 471 illos
953 408 1119 493 prodidit¹,
1169 411 1362 496 Epiphanius
1380 433 1395 471 a
1409 431 1426 475 e
1441 413 1517 477 eoelo
1531 412 1680 481 detulisse
1699 429 1827 492 cerpus,
1843 429 1938 494 saper

355 497 519 573 Basiliden,
535 494 756 573 Valentinum,
778 505 810 562 et
826 502 902 563 alios
916 502 954 562 ad
970 502 1121 567 Antonini
1170 504 1299 575 Mariana
1312 505 1483 585 Virginem,
1499 505 1584 573 velut
1595 523 1716 585 aquaem
1726 505 1936 584 percanalem,

307 642 308 646 ,
353 596 495 670 tempora
507 592 690 672 pervenisse.
703 592 903 661 Valentinum
913 612 1006 674 porro
1020 595 1120 657 Theo·
1169 598 1329 659 transisse:
1346 616 1404 660 nec
1416 617 1456 663 ex
1468 598 1535 678 ejus
1549 604 1639 661 utero
1655 597 1835 678 quidquam
1845 616 1937 682 sump

355 682 440 743 dadis
458 684 629 744 auditorem
652 683 760 759 fuisse,
785 686 839 765 qui
865 686 955 757 Pauli
982 686 1121 768 Apostoli
1169 689 1242 751 sisse
1256 710 1272 748 ο
1289 690 1383 757 refert
1393 688 1630 759 existentiaet.
1646 690 1702 753 Sic
1716 690 1863 755 cumdem
1871 693 1935 753 Ver-

354 774 520 854 discipulus
533 776 820 847 initl'ertuilianus
834 797 907 839 vero
921 779 1120 845 Valentinum
1169 780 1318 843 tullianus
1340 801 1464 862 quoque
1496 781 1602 844 scribit
1629 781 1797 861 spirituale
1826 782 1936 845 Christo

355 885 426 927 cum
440 868 593 932 Marcione
607 868 646 931 ab
656 870 795 933 Romana
809 870 939 931 Ecclesia
956 893 971 929 ιι
985 872 1080 934 semel
1091 878 1122 933 et
1170 873 1288 941 dedisse
1301 874 1442 954 corpusl,
1459 875 1552 955 idque
1564 875 1652 955 quasi
1662 890 1782 952 aquam
1792 892 1847 953 per
1859 875 1934 937 fisu-

354 958 468 1023 iterum
484 960 595 1045 eJ‘ectos
609 961 702 1025 fauisse
715 962 848 1038 scribit¹3
865 981 901 1027 ac
916 964 1121 1033 novimimein
1169 964 1245 1041 lam,
1261 966 1303 1026 sic
1317 985 1372 1046 per
1396 966 1530 1033 Mariam
1544 967 1715 1045 Virginem
1729 971 1934 1044 transmeasse,

352 1058 538 1133 perpetuum
552 1052 712 1119 dissidium
724 1055 886 1133 relegatos.
898 1077 913 1113 a
931 1056 1120 1141 Epiphanius
1169 1058 1247 1119 nihil
1261 1058 1333 1125 iude
1346 1060 1396 1121 rel
1407 1059 1619 1139 accipientem,
1635 1057 1690 1120 vel
1704 1063 1932 1123 manantem.»

352 1142 821 1227 incertamdliusessepstriam,
834 1148 1002 1211 nonnullos
1015 1155 1121 1215 tamen
1169 1150 1356 1221 Athanasius
1392 1152 1624 1217 Valentinianos
1653 1151 1700 1213 ait
1722 1149 1932 1228 asseverassc⁸,

353 1254 498 1312 asserere,
524 1239 695 1319 AEgypturu
715 1239 808 1309 luisse
833 1258 872 1300 ex
898 1238 1121 1307 Phrebonitide
1170 1242 1293 1307 Patrem
1312 1244 1406 1306 etiam
1429 1263 1465 1306 ac
1485 1243 1638 1323 Spiritum
1654 1247 1803 1305 sanctum
1821 1262 1933 1305 carnem

353 1329 548 1407 Praefectura,
566 1337 596 1393 et
612 1331 804 1393 Alexandriae
817 1332 994 1397 institutum
1008 1334 1121 1397 Graecis
1169 1340 1318 1415 gestasse,
1345 1338 1429 1417 quod
1449 1337 1565 1399 mirum
1594 1335 1736 1401 videtur,
1759 1335 1843 1397 idem
1863 1335 1934 1397 Gali

353 1422 489 1494 artibus,
527 1440 566 1484 ex
597 1423 722 1491 Hesiodi
757 1425 950 1503 Theogonis,
982 1425 1120 1504 plurium
1168 1427 1252 1501 laeus,
1277 1428 1320 1492 sie
1341 1430 1426 1499 enirn
1451 1428 1596 1504 uocabat,
1622 1428 1658 1491 id
1681 1433 1730 1488 est
1754 1428 1931 1491 Christianos

352 1513 482 1583 deorum
494 1513 630 1579 fabulam
641 1517 675 1583 in
687 1517 890 1587 Christianam
899 1516 1120 1598 professionem
1168 1518 1326 1591 irridebat,
1342 1522 1425 1601 qnod
1436 1521 1513 1587 duas
1525 1521 1559 1581 in
1573 1519 1698 1589 Christo
1712 1525 1840 1589 naturas
1850 1536 1931 1600 pone

352 1607 553 1669 transtulisse.
583 1609 661 1669 Nam
688 1610 766 1671 Deos
790 1609 914 1688 triginta
942 1611 1117 1687 constituit,
1168 1618 1266 1675 rents
1998 1608 1999 1613 ¹

352 1718 429 1778 quos
451 1701 565 1763 AEouas
590 1701 771 1767 neminavit.
796 1703 937 1768 Quorum
955 1701 1117 1777 incentrice·
1208 1705 1687 1776 VllVelentinoannumeraudi
1702 1703 1929 1784 complureselii
1958 1731 1999 1774 sea

352 1792 693 1872 bilesnugaslatissime
704 1795 1120 1877 irenaeusexplicauitoperis
1169 1803 1253 1872 sunt,
1278 1797 1332 1878 qui
1348 1798 1430 1867 iliius
1452 1806 1488 1859 ut
1501 1798 1534 1858 in
1555 1797 1687 1870 caemr'is,
1706 1798 1751 1859 sic
1765 1798 1799 1857 in
1812 1795 1929 1877 pessime

351 1885 452 1957 initio,
464 1905 502 1947 ex
512 1904 610 1966 coque
619 1887 900 1949 luculentissimum
910 1887 1120 1965 iragmeutum
1169 1890 1400 1970 interpretanda
1414 1890 1509 1956 divini
1519 1889 1614 1951 Verbi
1625 1889 1845 1951 iucarnatiune
1857 1887 1929 1949 um·

352 1980 520 2061 descripsit,
544 1998 579 2041 ac
594 1980 763 2060 posteritati
779 1980 972 2049 conservavit
987 1980 1121 2060 Epipha-
1170 2000 1248 2058 rem,
1265 1986 1295 2043 ct
1309 1983 1477 2053 amentiam
1489 1982 1599 2049 imitati
1612 1987 1700 2059 sunt,
1723 1987 1759 2042 ut
1771 1980 1926 2054 Secundus,

351 2070 453 2140 niusl,
483 2072 693 2134 Tertullianus
705 2072 781 2135 item
794 2077 896 2135 totum
923 2071 1004 2143 illius
1031 2078 1121 2133 secte
1171 2075 1257 2154 cujus
1271 2075 1409 2137 Irenaeus
1423 2074 1578 2147 meminit,
1590 2079 1622 2134 ct
1636 2091 1735 2153 quem
1754 2072 1929 2151 Epiphanim

352 2164 536 2244 mysterium
559 2164 697 2243 nulgavit
714 2164 793 2225 libro
808 2164 966 2240 singulari,
982 2164 1071 2243 cujus
1086 2164 1120 2227 in
1170 2166 1355 2233 nominatim
1378 2166 1484 2227 scribit
1502 2167 1569 2233 ude
1589 2166 1715 2227 Christo
1738 2165 1845 2226 eadem
1864 2181 1926 2227 cum

352 2255 478 2319 exordio
512 2262 641 2317 testatur
672 2277 688 2314 u
718 2256 947 2327 Valentinianos
974 2254 1118 2336 frequen·
1169 2259 1594 2339 Valentino,aquovirusac
1607 2265 1730 2338 pestem
1743 2260 1926 2336 ermenerat,

351 2347 506 2413 tissimum
520 2348 611 2428 plane
634 2366 699 2411 esse
714 2348 888 2426 collegium.
905 2370 919 2407 ιι
946 2348 987 2412 at
1005 2349 1120 2427 Grego·
1170 2352 1204 2415 in
1216 2370 1272 2417 suo
1286 2352 1430 2431 dogmate
1444 2348 1611 2429 perunna.
1624 2372 1640 2409 n
1657 2352 1829 2429 Tumquos
1841 2348 1927 2409 Theo·

352 2439 418 2503 rius
431 2439 639 2510 Nazianzenus
647 2444 710 2507 tam
719 2439 787 2516 hos,
799 2457 894 2518 quam
910 2439 1117 2515 Simonianae,
1170 2444 1295 2507 duratus
1324 2441 1493 2518 reconset⁷,
1524 2443 1710 2518 Cossianus,
1750 2439 1925 2509 Theodotus,

353 2531 518 2606 Basilidas,
536 2532 702 2604 Cerduuas,
719 2538 750 2591 et
763 2537 902 2607 caeteros,
925 2532 1025 2612 Bytho
1049 2549 1118 2609 suo,
1170 2536 1352 2611 Heracleon,
1363 2536 1561 2610 Ptolemaeus,
1576 2535 1713 2599 Marcus.
1730 2533 1789 2595 Ubi
1803 2550 1856 2612 pro
1867 2527 1924 2592 Cos-

352 2622 709 2702 assignaremus
732 2624 868 2695 AEonnm
895 2622 1037 2704 numero)
1061 2624 1121 2685 heo
1169 2621 1926 2707 sianulegendumputoCussionurn.iiunceni1n

353 2721 399 2779 cst
417 2714 601 2795 «protunda
625 2721 656 2777 et
673 2715 793 2783 silentio
812 2715 983 2799 absorptos,
999 2716 1120 2781 cxiiuc-
1169 2720 1301 2787 arbitror
1316 2738 1380 2780 esse
1394 2720 1514 2787 lulium
1526 2718 1726 2790 Cassianum,
1753 2716 1836 2795 cru’us
1849 2730 1925 2779 meu·
1998 2772 1999 2775 ,

352 2812 487 2889 tosquea
506 2827 571 2870 esse
584 2814 724 2871 narratl.
1168 2814 1286 2880 tianeus
1313 2812 1397 2879 haud
1421 2810 1516 2875 semel
1542 2810 1614 2876 iacit
1642 2812 1783 2875 Clemens
1808 2807 1926 2871 uena-

392 2901 444 2962 vt.
458 2901 497 2963 Ut
507 2900 625 2981 reliqua
638 2901 761 2963 fanatici
772 2900 909 2969 hominis
920 2900 1029 2961 deliria
1042 2920 1120 2982 prae-
1169 2906 1292 2978 drinus,
1321 2910 1358 2967 ut
1381 2904 1415 2967 iu
1438 2903 1571 2965 moundo
1588 2901 1800 2969 stromateon,-
1821 2897 1870 2961 ulri
1893 2912 1924 2961 ex

351 2994 538 3066 termittam,
568 2998 598 3053 et
625 2994 656 3053 id
677 3011 777 3054 unum
804 2993 956 3069 attingam
978 2994 1061 3072 quod
1081 2994 1119 3055 de
1168 2996 1325 3061 Valentini
1337 2996 1440 3058 schola
1451 2995 1599 3075 prodiisse
1612 2996 1706 3059 illurn
1718 2992 1831 3065 assant,
1845 3003 1925 3069 quem

353 3085 524 3157 canstaet
537 3085 1121 3165 Inoarnationeimpiedocuit,auctores
1169 3095 1199 3151 et
1233 3089 1374 3159 nominat
1405 3087 1571 3169 praesepem
1605 3086 1781 3168 appareant
1811 3079 1922 3163 apsari,

353 3183 426 3245 sunl
449 3177 597 3255 irenaeus,
618 3184 648 3240 et
669 3177 872 3259 Epiphanius,
900 3177 989 3239 illum
1015 3180 1120 3243 existi·
1170 3181 1254 3263 quod
1269 3181 1397 3243 fortuma
1410 3180 1480 3241 ideo
1502 3180 1619 3245 dictum
1648 3185 1706 3255 est,
1734 3184 1769 3240 ut
1791 3175 1875 3247 ticin,
1899 3175 1925 3231 ul
1998 3204 1999 3237 2

353 3288 452 3331 masse
478 3264 578 3336 urium
605 3288 644 3333 ex
667 3270 819 3333 AEonibus
832 3279 973 3351 Molossos,
998 3270 1057 3331 hoc
1077 3278 1123 3333 est
1170 3274 1363 3344 aurnuns
1411 3272 1634 3337 iucarnationis
1680 3272 1922 3352 propugnatores

356 3362 531 3442 linigeram,
548 3380 724 3442 procreasse
739 3363 907 3435 Christum,
924 3368 955 3431 et
971 3363 1122 3443 Spiritum
1171 3366 1259 3429 illum
1273 3365 1366 3431 tuisse
1379 3369 1595 3429 monstraret&

352 3462 506 3519 sanctum.
534 3456 641 3519 lesum
668 3461 773 3519 autem
795 3455 835 3515 ab
857 3455 1007 3523 AEonibus
1029 3455 1122 3516 simul
1212 3457 1266 3518 llis
1285 3456 1417 3517 addendi
1442 3461 1514 3516 sunt
1534 3455 1724 3536 Epiphanes,
1739 3459 1770 3516 et
1793 3449 1920 3519 Isidorus,
1940 3457 1999 3517 11111

353 3547 499 3617 omnibus
526 3547 611 3609 uelut
632 3565 669 3609 ex
691 3548 837 3611 collatitia
863 3547 941 3627 stipe
966 3548 1121 3626 prolatum
1171 3551 1226 3630 qui
1251 3548 1453 3631 Valentinum
1476 3549 1572 3611 secuti
1596 3555 1688 3621 sunt,
1705 3544 1844 3625 equibus
1860 3537 1921 3618 Epi·

353 3639 457 3701 fuisse.
493 3639 543 3700 Sic
569 3640 654 3703 enim
682 3649 860 3722 ιριοάλλισθιι
883 3639 983 3700 Latiui
1019 3640 1123 3701 Patres
1171 3639 1632 3721 phanesCarpuaretishaeretici
1641 3633 1921 3715 numennumen

353 3732 550 3811 interpretari
564 3732 676 3805 solent,
693 3738 728 3793 ut
749 3732 824 3792 alibi
838 3730 932 3793 dixi‘.
947 3730 985 3793 Et
999 3731 1122 3797 Tertul·
1171 3740 1277 3799 umen
1303 3732 1405 3813 potius
1418 3738 1585 3799 assectatus
1605 3738 1668 3809 est;
1691 3730 1921 3808 prinnannus

353 3823 455 3895 liunus
465 3823 665 3887 Valentinum
677 3823 720 3884 ait
733 3824 883 3897 dixisse«
893 3823 1000 3883 lesum
1009 3841 1048 3885 ex
1061 3841 1122 3887 ere
1173 3841 1237 3885 uon
1251 3822 1384 3902 emplius
1406 3821 1639 3898 septemdecim,
1661 3830 1693 3882 ct
1719 3817 1800 3897 apud
1822 3814 1921 3879 sanas

354 3915 499 3976 collatitio
522 3915 556 3975 in
577 3917 745 3984 honorem,
769 3920 799 3975 et
820 3914 952 3993 gloriam
967 3914 1075 3993 Patris,
1091 3920 1124 3977 et
1174 3913 1380 3996 Cephallaniae
1400 3913 1535 3977 insulam
1549 3913 1663 3983 dimnis
1678 3902 1921 3975 sanmarthani

354 4027 393 4069 ex
425 4008 568 4070 omnium
609 4008 811 4071 defloratione
846 4011 1057 4067 constructum
1085 4006 1124 4067 ab
1172 4006 1355 4082 bonoribus,
1367 4012 1403 4065 ut
1412 4005 1552 4067 Clemens
1565 3997 1814 4077 alexandrinus,
1827 3994 1920 4071 etune

354 4099 504 4163 AEonibus
527 4099 692 4175 omuibus,
715 4104 809 4181 atque
830 4098 915 4160 hunc
928 4099 1079 4171 Soterem,
1093 4105 1124 4159 et
1173 4099 1354 4180 phaniusex
1366 4116 1402 4159 eo
1417 4095 1576 4159 narrant⁹.

354 4192 522 4269 Olnistum,
534 4206 647 4275 praeter
661 4192 1119 4269 alianomina,vocatumesse.s
1215 4190 1353 4253 Isidorus
1371 4207 1445 4250 veru
1469 4189 1608 4253 Basilidis
1630 4185 1766 4251 haeretici
1786 4180 1873 4253 filus,
1889 4188 1919 4235 11
1950 4174 1999 4222 ¹⁶⁸⁸*

389 4431 410 4471 α
429 4416 555 4473 ΝΜ·
571 4421 640 4471 ⁰¹⁸¹·
661 4430 736 4469 ¹¹¹⁰·
758 4412 831 4469 Ἐπεὶ
852 4414 883 4469 ¹²⁴
903 4414 1069 4481 methea
1084 4418 1120 4484 τῷ
1172 4412 1219 4484 rte
1233 4410 1371 4472 eattae
1386 4411 1452 4464 essa
1465 4411 1542 4483 λέγει·
1560 4416 1609 4464 :aa
1632 4393 1918 4469 causanctantae

355 4497 447 4553 ἑαυτῶν
475 4499 550 4570 βυθῷι
572 4499 613 4555 “i
639 4502 670 4571 tii
695 4503 751 4573 mtii
774 4499 956 4571 παραῦθθὲντῑς,
977 4499 1060 4569 ὥσπερ
1080 4491 1122 4549 οὖν
1172 4496 1216 4549 aaa
1229 4495 1310 4567 φύσεις
1323 4495 1446 4566 λεγόντων
1460 4494 1553 4549 πλατὺν
1570 4495 1723 4566 καταχέομεν
1737 4489 1848 4561 plicatu.
1862 4474 1919 4547 ἡμῖν

355 4578 432 4645 ἄξω
1172 4578 1220 4650 γὰρ
1234 4584 1277 4635 τοῦ
1289 4578 1388 4649 ὁρατοῦ.
1403 4577 1444 4631 καὶ
1454 4576 1560 4648 ἀοράτου
1571 4576 1628 4648 μίαν
1641 4570 1754 4639 εἶναιτὴν
1765 4568 1829 4641 ριἰσιν
1841 4557 1915 4632 papir.

392 4663 522 4717 dEeleu.
545 4662 858 4733 inauratarum
879 4663 905 4717 δὲ
919 4663 1008 4715 ἄνωθεν
1023 4681 1124 4730 autera·
1207 4661 1344 4717 dEprpg,
1375 4660 1443 4717 hm,
1469 4675 1552 4725 mu,
1580 4662 1595 4728 ς
1619 4659 1646 4717 ρ.
1667 4656 1703 4713 Τὰ
1727 4653 1752 4707 δὲ
1778 4650 1849 4704 „pm
1872 4635 1916 4708 ml

355 4745 455 4818 νοχένοιι
470 4746 498 4798 το
509 4752 592 4817 σῶμα,
612 4747 652 4798 καὶ
663 4746 696 4809 ὡς
708 4746 749 4798 διὰ
761 4746 871 4813 σωλῆνος
885 4746 959 4818 ὕδωρ,
974 4745 1014 4798 διὰ
1029 4745 1124 4817 Μαρίας
1172 4745 1287 4816 Χριστοῦ,
1302 4744 1343 4797 καὶ
1364 4749 1413 4796 τῶν
1437 4743 1520 4795 ἄλλων
1546 4743 1676 4814 δογμάτων
1701 4733 1854 4797 mutasti
1868 4720 1916 4775 iiim

356 4833 400 4897 τῆς
413 4829 531 4901 παρθένου
546 4829 720 4896 διεληλυθέναι,
738 4828 811 4900 μηδὲν
826 4828 852 4882 δὲ
866 4828 914 4883 ἀπὸ
928 4833 971 4897 τῆς
983 4830 1124 4901 παρθενικῆς
1173 4834 1271 4905 χορεγῷ
1282 4832 1325 4881 τοῦ
1340 4825 1387 4893 loa,
1400 4827 1440 4878 καὶ
1454 4827 1539 4899 δοτῆρι
1557 4829 1601 4878 τοῦ
1622 4823 1765 4897 δηλητήριον
1781 4801 1916 4869 munitm

359 4912 451 4983 μήτρας
461 4910 594 4983 εἰληφέναι,
609 4911 667 4964 ἀλλ’
681 4912 771 4964 ἄνωθεν
779 4912 808 4967 τὸ
815 4919 889 4985 σῶμα
903 4911 978 4986 ἔχειν.
990 4912 1030 4969 liu
1040 4912 1123 4966 elium
1173 4911 1324 4983 δογματίζει.

357 4993 470 5050 Phiisst.
487 5010 547 5066 cap,
563 5013 590 5060 x,
606 5012 664 5067 par.
681 4996 715 5052 ll.
1210 5010 1225 5050 c
1244 4995 1328 5053 Casu.
1346 4992 1364 5049 l.
1382 4993 1404 5048 il
1420 4990 1666 5051 stremiacensi<
1689 4975 1844 5061 tergestini
1856 4970 1869 5023 i
1880 4968 1915 5032 tit

394 5079 528 5135 cEntou,
554 5079 627 5152 apud
650 5079 730 5136 Ptol.
756 5079 817 5139 eod.
842 5096 936 5136 ccxxx.
964 5079 1126 5138 Οὐαλεντῗνος
1176 5080 1298 5148 bestiarios
1307 5075 1415 5153 ἐξάρχων
1429 5075 1537 5138 Ἰούλιος
1550 5074 1696 5153 Καοσίανος,

385 5288 516 5335 retentu
531 5291 639 5335 sarm·
649 5289 715 5335 auu
726 5290 752 5335 u
764 5292 831 5337 aar.
842 5303 861 5336 e.
873 5289 969 5335 ιιι-ο
978 5290 1041 5345 aare.
1054 5289 1111 5334 aar.
1123 5301 1180 5341 mi,
1190 5288 1206 5346 ς
1215 5289 1265 5333 a-
1274 5293 1287 5333 ι
1297 5289 1357 5334 roe.
1370 5288 1405 5339 ιιι,
1416 5288 1432 5335 ι.
1444 5287 1460 5333 ν
1472 5288 1498 5333 ιι
1509 5287 1570 5332 nse.
1580 5297 1600 5332 ι.
1613 5285 1683 5341 aras
1692 5259 1914 5366 castarte-alli:

364 5350 817 5459 iigirlipiogarxf'dtdgxrffli'ff,cm
834 5353 917 5403 Valeat.
931 5364 950 5399 ο.
965 5353 1047 5401 xt.·—ll
1061 5352 1107 5397 Lib.
1120 5353 1146 5397 ds
1157 5353 1246 5397 lamro.
1258 5353 1341 5397 Christi
1351 5355 1373 5395 et
1386 5353 1402 5395 l.
1412 5351 1438 5395 de
1449 5351 1495 5396 Sui-
1507 5349 1634 5397 sewu-t
1648 5346 1694 5393 stt.
1703 5346 1710 5393 l
1719 5344 1744 5388 dc
1752 5341 1823 5385 deuo
1848 5335 1890 5369 ¹¹¹·
