4072 6164
594 340 644 403 DE
664 340 977 420 INcARNAmoNs,
1000 340 1074 402 LIB.
1091 341 1142 417 lv,
1165 340 1251 401 cAP.
1273 341 1325 401 Vl.
1680 342 1736 403 50l

155 503 230 565 dnm
245 523 252 565 :
266 503 441 567 coronasse
452 504 631 567 Dioscorum
645 507 751 587 cyrilli
766 525 920 569 successo-
972 507 1128 583 Turriani,
1150 506 1258 586 quiex
1281 510 1400 568 venisto
1422 503 1570 567 codicein
1592 505 1738 566 Latinum

154 595 918 678 ramnondubitasseajusoperibusilludinserere.
970 613 1151 660 conversam
1167 605 1259 660 ἔκθεσιν
1269 598 1352 658 iham
1365 597 1471 671 edidit,
1481 601 1517 656 ut
1525 596 1737 656 habesinfine
1770 603 1899 700 terw-

155 685 255 763 Gujus
267 688 313 748 rei
326 695 510 768 argumento
530 698 586 766 est,
601 692 685 771 quod
708 690 921 753 Theodoretus
969 689 1041 750 libri
1074 690 1226 751 Theodori
1260 691 1432 768 presbytori
1466 687 1666 749 Raithnensis
1703 690 1737 750 in
1861 689 1867 700 ‘

152 778 185 841 in
207 777 388 841 defensione
423 781 588 855 Theodori,
625 800 697 843 cum
720 783 920 862 antiquorum
968 786 1055 843 tomo
1072 782 1236 842 undecimo
1256 781 1452 840 bibliothecae
1472 780 1613 839 Petrum.
1636 779 1736 852 Quare

152 869 218 930 loca
246 871 365 948 omnia,
389 890 460 951 quae
485 874 621 952 cyrillus
643 880 751 935 contra
773 875 919 936 eumdem
969 880 1124 953 procerte
1145 873 1253 933 habuit
1269 873 1427 944 Leontius,
1451 888 1515 930 non
1530 888 1594 931 csse
1612 888 1733 948 germa-

151 961 351 1023 'lheodorum
384 964 566 1033 adduxerat,
599 965 763 1038 refelleret,
799 967 919 1027 nullam
969 981 1047 1023 num
1061 962 1327 1041 Athanasii,quod
1340 960 1735 1039 ejusiusiguitumnomine

151 1055 346 1116 mentionem
365 1055 448 1116 illius
474 1055 591 1117 iecerit.
618 1057 662 1119 Ac
688 1076 760 1118 cum
786 1058 918 1137 cyrillus
969 1055 1104 1134 cyrillus
1124 1053 1255 1134 protulit
1274 1072 1281 1113 :
1298 1053 1351 1114 sed
1370 1052 1539 1133 Apollinari
1556 1053 1660 1131 potius
1677 1052 1733 1114 tri-

151 1144 225 1205 alihi
258 1164 369 1208 vocem
401 1148 542 1209 eamdem
577 1156 764 1229 usurpasset,
795 1150 821 1210 si
849 1168 919 1211 eam
967 1145 1138 1208 buendum.

150 1235 363 1298 Theodoretus
374 1238 604 1314 scissetabillo,
620 1247 770 1320 tanquam
778 1260 816 1303 ex
827 1243 919 1302 Atha·
1008 1238 1192 1318 Anonymus
1220 1241 1327 1298 auctor
1356 1230 1606 1297 collectaneor'aim
1633 1246 1733 1298 costra

148 1326 250 1402 nasio,
278 1330 432 1409 prolatam
455 1329 559 1405 itrisse,
582 1350 647 1392 non
670 1338 739 1392 tam.
756 1332 918 1412 imperitus
966 1327 1151 1406 Screrr'onoa
1165 1337 1193 1389 et
1209 1326 1606 1409 flecplrclos⁸abTurriauo
1619 1329 1731 1407 editus,

148 1416 269 1495 fuisset,
297 1425 333 1480 ut
364 1422 422 1483 hoc
454 1422 600 1482 adversus
633 1422 722 1483 illum
749 1424 915 1499 seriberet;
965 1418 1174 1499 fragmentum
1198 1421 1357 1499 quoddam
1374 1418 1583 1499 «Apollinarii
1598 1419 1671 1480 citat
1694 1439 1732 1480 ex

153 1511 299 1591 aFequis
323 1511 383 1573 tibi
410 1514 537 1575 Patrum
556 1515 635 1576 istud
662 1533 802 1595 unquam
827 1516 915 1590 dixit,
966 1511 1096 1590 epistola
1111 1512 1270 1573 Athanasii
1281 1513 1321 1573 ad
1338 1511 1542 1572 Jovinianum
1560 1513 1730 1591 Imperato-

148 1619 248 1663 nnam
261 1609 405 1666 naturam
415 1605 471 1666 oei
479 1606 574 1667 Verbi
585 1607 801 1668 incarnatam?
818 1608 918 1670 »Haec
965 1621 1044 1679 rem,
1060 1625 1076 1662 a
1093 1604 1233 1683 quodest
1250 1603 1436 1683 principium
1459 1602 1592 1663 illiusab
1615 1604 1731 1682 cyrillo

147 1693 299 1755 Leontius
315 1715 323 1755 :
339 1714 409 1775 quae
423 1698 567 1758 nonnihil
585 1699 777 1760 obscuritatis
804 1699 917 1761 hahere
964 1694 1132 1769 laudati,iu
1144 1716 1206 1777 quo
1216 1715 1276 1757 ano
1284 1704 1398 1757 notura
1407 1694 1465 1756 Dei
1481 1694 1569 1756 Verbi
1578 1695 1731 1755 incarnata

147 1784 307 1863 ridentur,
341 1789 438 1851 etsie
471 1789 602 1868 intelligi
630 1791 754 1851 debent.
791 1791 917 1870 Scripsit
964 1785 1087 1866 legitur.
1105 1790 1151 1848 Ex
1164 1807 1226 1868 quo
1240 1788 1387 1868 suspicari
1396 1788 1506 1866 abquis
1515 1788 1620 1866 possit,
1637 1786 1730 1866 Apol·

145 1877 297 1939 adversus
327 1879 527 1941 Theodorum
559 1883 810 1961 Mopsuestenum
838 1900 916 1962 opus
964 1878 1067 1941 linarii
1086 1880 1190 1941 locum
1214 1881 1303 1941 illum
1327 1900 1365 1941 ex
1384 1880 1535 1959 anonymi
1553 1880 1640 1939 istius
1662 1879 1728 1958 opi-

146 1969 306 2048 quoddam
321 1970 485 2051 cyrillus¹,
506 1972 540 2034 in
555 1991 616 2052 quo
630 1975 755 2034 Petrum
768 1975 914 2054 antiquo-
964 1972 1070 2048 nione,
1092 1972 1260 2033 Athanasio
1279 1973 1462 2033 attributum
1481 1989 1556 2047 esse,
1581 1976 1730 2050 tanquam

146 2078 221 2121 rum
234 2062 404 2127 sententias
416 2063 540 2143 collegit
565 2063 648 2125 illius
658 2066 806 2144 dogmati,
831 2066 914 2146 quod
964 2063 1005 2124 ad
1020 2063 1182 2143 epistolam
1195 2065 1375 2143 pertineret,
1391 2082 1487 2144 quam
1504 2064 1541 2123 ad
1563 2063 1730 2123 Jovianum

146 2152 234 2213 idem
247 2171 320 2214 cum
333 2154 514 2216 Nestoriano
528 2156 596 2228 luit,
605 2157 758 2219 adversas.
772 2159 914 2238 Respon-
963 2154 1185 2236 imperatorem
1202 2157 1374 2235 scripserat.
1389 2156 1515 2235 Scripsit
1525 2155 1608 2216 enim
1621 2148 1730 2216 revera

146 2244 195 2305 dit
222 2245 340 2325 cyrillo
364 2264 420 2324 pro
446 2247 609 2309 Theodoro
635 2249 858 2327 theodoretus,
884 2257 915 2312 et
963 2247 1181 2309 adJovianum
1203 2248 1387 2309 Athanasius
1408 2248 1572 2309 abeodem
1591 2253 1728 2326 rogatus,

145 2335 278 2397 Petrum
295 2338 469 2399 testimonia
492 2338 658 2401 declaravit
672 2361 680 2401 ε
695 2358 753 2402 nee
774 2341 856 2402 inter
878 2360 914 2403 ea
964 2340 1019 2418 qui
1031 2345 1157 2414 certam,
1183 2344 1214 2401 et
1234 2341 1384 2400 sinceram
1406 2339 1479 2399 fidei
1500 2339 1668 2400 formulam
1690 2339 1729 2400 ab

145 2427 296 2489 meminit
315 2448 448 2508 usquam
472 2430 555 2491 illius
574 2449 615 2492 ex
639 2432 804 2493 Athanasio
825 2433 914 2513 petiti
963 2430 1030 2509 ojus
1042 2429 1189 2491 fidissimo
1202 2431 1323 2492 vindice
1336 2435 1606 2510 acpropngnatore
1622 2437 1729 2510 peten-

146 2519 190 2580 de
203 2538 268 2581 una
279 2526 392 2582 natura
411 2522 579 2584 incarnata.
600 2524 695 2586 Porro
710 2525 771 2586 alio
784 2525 817 2585 in
830 2525 911 2601 loco,
963 2522 1037 2584 dam
1056 2522 1115 2583 sibi
1134 2541 1198 2583 esse
1215 2523 1355 2584 duxerat.
1370 2525 1414 2583 Ea
1427 2527 1525 2584 exstat
1538 2525 1620 2584 inter
1633 2526 1731 2585 Atha-

146 2628 223 2671 cum
236 2612 368 2690 Cyrillus
386 2614 529 2675 eamdem
542 2616 624 2677 hanc
641 2634 748 2678 vocem
766 2634 802 2678 ex
815 2618 914 2697 seipso
963 2614 1042 2675 nasii
1054 2630 1146 2693 opera
1159 2612 1181 2674 ⁸.
1203 2613 1264 2675 Sed
1275 2615 1367 2675 aliam
1382 2615 1490 2676 eodem
1513 2615 1603 2675 titulo
1627 2616 1728 2695 publi-

144 2702 336 2783 protulisset,
350 2705 564 2767 Theodoretus
585 2708 692 2769 acerbe
715 2709 749 2767 in
762 2709 851 2769 illum
869 2715 915 2771 est
963 2710 1063 2766 catam
1077 2705 1116 2765 ab
1130 2705 1283 2768 hereticis
1293 2713 1413 2767 constat
1435 2713 1503 2767 tum
1518 2725 1557 2767 ex
1571 2725 1729 2787 anonymo

145 2794 299 2868 invectus,
308 2815 344 2857 ae
353 2797 392 2857 de
401 2815 438 2857 eo
445 2798 614 2860 sciscitatus
622 2805 683 2875 est;
694 2800 763 2878 quis
772 2800 815 2861 sic
824 2801 913 2862 illum
962 2796 1022 2858 isto
1036 2818 1043 2859 :
1058 2804 1126 2858 tum
1141 2817 1179 2860 ex
1193 2798 1368 2878 Ephraemio
1383 2799 1590 2873 Antiocheno,
1605 2806 1640 2859 ut
1653 2799 1729 2859 alias

144 2886 337 2966 exantiquis
360 2888 502 2949 Patribus
511 2890 596 2970 loqui
607 2891 770 2951 docuisset.
784 2892 847 2952 Nec
860 2892 914 2953 illa
963 2890 1141 2968 scripsimus
1151 2889 1174 2950 ⁸.
1195 2892 1234 2951 Et
1260 2890 1341 2951 hanc
1369 2890 1470 2969 ipsam
1503 2890 1729 2969 supposititiam

143 2997 208 3059 pro
224 2979 397 3057 Theodoro,
415 2986 447 3041 et
463 2986 572 3042 eontra
590 2982 785 3043 Theodorum
804 2984 913 3044 ambo·
963 2982 1124 3061 epistolam
1149 2983 1281 3044 ostendit
1303 3000 1489 3062 anonymus,
1511 2982 1588 3042 illud
1607 2982 1645 3043 de
1665 3002 1727 3062 quo

144 3088 222 3133 rum
235 3071 348 3151 scripta
363 3091 371 3132 ι
387 3091 489 3151 neque
503 3074 692 3152 posteriora3
708 3075 741 3135 in
754 3075 913 3154 quibusda
963 3075 1097 3152 agimus,
1117 3074 1224 3153 cyrilli
1240 3075 1450 3154 fragmentum
1468 3072 1623 3134 habuisse.
1639 3075 1727 3159 Sub-

145 3181 215 3223 una
232 3164 396 3225 lncarnata
413 3170 525 3226 natura
540 3165 777 3240 contendebant,
793 3173 915 3229 exstant
959 3164 1028 3244 jicit
1041 3184 1219 3246 anonymus
1232 3166 1327 3243 idem,
1353 3189 1368 3226 (ι
1383 3168 1456 3229 llaec
1468 3172 1618 3245 tanquam
1632 3167 1727 3228 Atha-

144 3254 254 3329 hodie,
269 3255 328 3316 nisi
348 3256 431 3335 quod
444 3257 564 3318 adhaec
582 3258 702 3333 attinet,
718 3258 823 3338 cyrilli
842 3260 914 3338 qui·
963 3256 1042 3316 nasii
1059 3258 1196 3334 recitata,
1217 3259 1325 3337 siquis
1343 3256 1496 3318 studiosus
1514 3258 1650 3318 veritatis
1667 3265 1723 3336 est,

145 3345 222 3405 dem
235 3344 275 3407 od
286 3345 454 3408 Successum
473 3349 616 3427 epistolas
644 3348 731 3423 duas,
747 3368 825 3428 opus
837 3351 914 3412 illud
963 3348 1101 3409 conferat
1114 3367 1184 3409 cum
1200 3349 1327 3428 reliquis
1343 3348 1501 3409 Athanasii
1520 3349 1726 3428 dogmatibus,

146 3454 215 3498 esse
229 3437 304 3499 velit
314 3439 474 3516 Leontius,
494 3441 527 3501 in
541 3459 603 3520 quo
620 3441 805 3503 sententiam
823 3443 914 3505 istem
963 3444 994 3500 et
1007 3441 1141 3518 reperiet
1154 3440 1313 3501 dissimilia
1334 3458 1409 3500 esse.
1426 3439 1489 3500 Etsi
1512 3440 1609 3519 igitur
1621 3441 1690 3503 haec
1709 3463 1728 3504 a

146 3547 190 3590 ex
203 3529 303 3609 seipso
317 3531 451 3611 cyrillus
471 3533 573 3611 posuit
588 3552 595 3592 ι
612 3533 823 3595 Theodoretus
840 3553 914 3596 vero
963 3530 1159 3609 dogmatibus
1172 3532 1328 3593 Athanasii
1348 3532 1530 3611 discrepant,
1553 3538 1585 3592 et
1604 3536 1729 3614 propin·

146 3620 346 3683 alioinlibro
368 3623 492 3684 easdem
515 3623 680 3685 confutarit
702 3622 857 3703 epistolas,
883 3632 914 3688 et
963 3641 1026 3702 qua
1039 3630 1112 3685 sunt
1123 3623 1317 3703 dogmatibus
1327 3623 1630 3703 Apollinarii,ethoeo
1640 3627 1729 3688 eolla·

146 3713 223 3774 din
236 3714 321 3775 illius
329 3720 486 3776 auctorem
497 3733 536 3777 ex
544 3716 679 3794 antiquis
689 3718 870 3795 poposcerit.
963 3715 1007 3775 tio
1036 3716 1107 3776 satis
1125 3722 1171 3777 est
1196 3716 1233 3777 ad
1258 3715 1531 3776 demonstrandam
1543 3717 1726 3798 veritatem3

30 3834 87 3891 Μ..
190 3807 246 3866 vl.
262 3807 414 3868 Preterea
425 3807 573 3869 Leontius
585 3808 669 3868 idem
678 3808 712 3867 in
721 3808 801 3869 libro
810 3809 913 3871 adver
963 3824 1022 3867 nos
1043 3812 1148 3868 minen
1178 3809 1336 3888 supposita
1369 3808 1531 3869 collatione
1564 3810 1725 3872 veritatem

8 3884 125 3990 Q·
147 3914 198 3957 aaa
219 3915 276 3973 eos,
301 3899 357 3979 qai
380 3897 577 3980 Apollioorr'i,
605 3899 912 3982 manulloproserunt
964 3900 1194 3961 tenemuslecto
1207 3900 1308 3961 indice
1321 3900 1484 3975 Timothei,
1501 3904 1638 3979 utsupra
1652 3901 1728 3962 dixi-

8 3994 126 4044 emsa.
150 3987 230 4069 soleo
256 3989 399 4070 inscripta
424 3990 543 4051 nomine
554 3988 730 4052 Sanctorum
744 3991 872 4054 Patrem
885 3994 910 4069 ’,
963 4009 1045 4052 mus.
1060 4014 1075 4048 a
1094 3992 1218 4052 Dixerat
1239 3997 1341 4052 autam
1361 3990 1454 4071 paulo
1474 3996 1565 4051 autea
1582 4010 1726 4054 asermo-

148 4080 260 4142 scrihit
276 4081 455 4161 «quomam
473 4098 510 4143 ex
526 4081 635 4144 naresi
654 4082 846 4162 Apollinarii,
863 4087 912 4148 vel
963 4100 1037 4144 nem
1057 4083 1145 4144 illum
1165 4101 1328 4164 perperam
1347 4083 1530 4162 inscriptum
1548 4083 1725 4164 Athanasio,

147 4173 310 4253 Entythis,
341 4174 388 4234 vel
414 4174 562 4247 Dioscori‚
588 4191 660 4235 eum
685 4176 801 4237 vellent
825 4196 913 4240 suam
964 4175 1191 4255 cumsitplane
1212 4175 1403 4255 Apollinari,
1428 4178 1613 4236 attestatur
1634 4177 1727 4239 index

145 4264 296 4326 heresim
336 4265 543 4342 confirmare,
580 4266 729 4345 quasdem
762 4271 915 4332 orationes
964 4268 1128 4342 librorum,
1153 4279 1184 4327 et
1204 4284 1385 4328 sermonum
1412 4266 1606 4345 Apollinarii,
1634 4286 1727 4346 quem

145 4356 335 4436 Apollinarii
348 4357 494 4436 Gregorio
503 4348 806 4437 Thaumaturgo.aut
819 4362 915 4423 Atha-
964 4359 1145 4421 'limotheus
1154 4358 1322 4438 discipulus
1333 4358 1399 4436 ejus
1408 4358 1597 4436 conscripsit.
1607 4380 1619 4416 ι
1629 4361 1728 4439 Scrip-

146 4448 249 4521 nasio,
263 4449 413 4509 autlulio
432 4449 633 4528 inscripsisse,
654 4456 691 4511 nt
712 4451 914 4531 simpliciores
965 4457 1044 4515 serat
1059 4469 1133 4529 crgo
1142 4450 1322 4510 Timotheus
1331 4449 1546 4529 Apollinarista
1555 4450 1728 4513 indiculum

145 4538 290 4600 fallerent
312 4560 320 4599 ι
341 4541 424 4619 qnod
457 4540 583 4619 quidem
616 4541 852 4621 perfecerunt.»
871 4545 913 4606 Ae
965 4561 1096 4624 operum
1115 4542 1334 4621 magistriani,
1363 4546 1394 4602 ct
1419 4542 1452 4601 in
1479 4560 1516 4601 eo
1544 4543 1728 4621 opuseulum

147 4631 284 4693 subinde
297 4633 380 4693 inter
392 4632 551 4694 Athanasii
560 4634 766 4714 supposititias
774 4634 917 4697 lucubra—
965 4636 1042 4696 illud
1055 4635 1132 4695 falso
1145 4633 1329 4712 inscriptum
1345 4634 1511 4694 Athanasio
1521 4640 1725 4697 recensuerat.

145 4723 250 4784 tiones
266 4722 306 4785 de
327 4724 553 4800 Inearuatione,
567 4725 607 4786 ab
626 4725 916 4804 Apollinaristarum
967 4728 1018 4789 Sic
1032 4742 1208 4806 anonymus
1221 4725 1375 4786 collector.

147 4814 271 4875 officina
290 4814 440 4894 profectas
466 4820 604 4878 recenset
629 4834 737 4893 mam,
772 4836 842 4896 qum
872 4819 915 4881 sic
1006 4819 1074 4879 Vll.
1090 4820 1136 4878 Ex
1150 4818 1188 4877 iis
1200 4823 1300 4896 potest
1309 4816 1512 4878 animadverti
1527 4837 1535 4876 ι
1553 4836 1647 4898 quam
1659 4836 1729 4897 per·
1754 4847 1813 4897 onor
1834 4848 1898 4893 m„

146 4904 327 4968 inscribitur
343 4927 350 4967 ι
366 4906 524 4988 Eapositr'o
534 4909 712 4970 consortione
722 4927 787 4970 eum
797 4911 913 4992 esposi-
965 4912 1085 4992 plexus,
1102 4929 1137 4970 ac
1152 4928 1232 4988 pene
1252 4909 1469 4970 inextricabilis
1487 4910 1641 4971 ailnodus
1660 4911 1727 4983 iste,
1764 4901 1887 5008 ,iiim

146 4995 228 5057 tione
248 5005 444 5058 trecentorum
462 4997 557 5061 dmm
574 5007 601 5060 et
620 5007 693 5064 octo.
721 5001 779 5075 Qui
805 5003 917 5065 titulus
966 5021 1121 5085 quamque
1130 5002 1261 5063 difficilis
1270 5002 1445 5080 conJ‘ectura
1455 5003 1493 5061 sit
1506 5003 1540 5062 in
1550 5003 1731 5062 alterutram

145 5087 296 5166 prefixus
311 5094 359 5149 est
375 5088 547 5168 fragmento
571 5091 628 5167 illi,
653 5093 736 5171 quod
758 5112 797 5154 er
818 5095 916 5156 Atha·
966 5104 1095 5176 partem.
1112 5093 1237 5156 Etenim
1250 5111 1321 5154 oum
1336 5092 1418 5153 etab
1433 5093 1547 5172 cyrillo
1567 5093 1652 5153 loeus
1665 5092 1728 5169 ille,

146 5180 236 5240 nasio
250 5180 412 5259 descripsit
423 5181 608 5263 cyrillus,in
619 5182 753 5244 editione
765 5184 916 5247 Francisci
965 5194 1114 5267 tanquam
1128 5205 1167 5248 ex
1180 5185 1359 5261 Athanasio,
1381 5185 1429 5244 bis
1444 5185 1553 5245 allatus
1571 5183 1685 5258 luerit3
1700 5189 1731 5245 et

146 5410 384 5521 ‘mmmmm
397 5410 415 5463 l,
429 5421 519 5528 ιέρλιι,
530 5410 547 5469 ς
558 5411 629 5458 Η
638 5413 701 5459 Τοίιι.
713 5413 739 5459 lv
750 5414 852 5462 ennon
864 5418 924 5462 Patr.
938 5418 981 5463 col.
994 5417 1104 5462 lint-8
1124 5418 1291 5463 renuant.
1305 5428 1352 5472 prr.
1374 5416 1402 5467 tt,
1415 5416 1458 5463 ccl.
1472 5414 1558 5460 tuo-
1573 5415 1658 5460 l’l‘onr.
1672 5414 1690 5457 l.
1703 5437 1731 5449 -

217 5507 223 5519 .
364 5485 435 5524 .e.u,
489 5504 494 5516 .
