4072 6164
575 323 626 384 DE
646 320 947 401 mutuantibus,
969 321 1044 383 LIB.
1067 321 1121 402 lV,
1144 321 1229 387 GAP.
1251 321 1318 383 XV.
1685 320 1746 381 553

153 499 270 555 natura
283 490 508 570 ingressionem
516 489 620 550 istam.
636 488 709 549 Haeo
722 488 808 550 enim
821 488 927 549 omnia
977 488 1073 553 illam.
1089 489 1126 550 ld
1139 490 1226 551 enim
1239 488 1401 570 proprium
1413 506 1478 551 esse
1490 489 1560 565 liei,
1580 487 1626 548 uti
1639 504 1746 548 rerum

154 584 310 666 Pffl'Vflffiia
326 590 363 643 ¹1²
373 582 453 657 lust,
469 601 505 644 ³⁰
517 581 620 642 subm
636 580 735 661 iiiam
748 580 927 641 Vflrflfflulla
977 587 1186 667 spiritualium
1199 586 1418 659 substantiam,
1430 586 1462 644 et
1472 580 1637 643 essentiam
1651 596 1746 658 pcne-

154 695 207 740 Μ
229 675 369 738 mim·
392 676 475 735 Tum
499 673 609 735 eadem
628 673 769 753 proprias
786 673 872 733 dotes
896 674 929 733 ei
976 683 1048 740 trel.
1056 681 1239 739 Orestarum
1250 697 1342 759 porro
1356 677 1522 756 spirituum
1533 671 1657 733 nullum
1669 689 1745 746 csse,

157 774 344 832 ornamenta
364 786 434 828 aum
454 784 546 828 came
566 765 778 827 communicat
790 763 928 845 patiendi
978 772 1032 850 qui
1045 772 1094 832 vel
1108 776 1247 832 creatum
1261 770 1394 831 atterum
1407 769 1441 827 in
1455 765 1615 846 spiritum,
1629 763 1746 824 nedum

155 862 285 924 inierim
299 878 425 940 exim,
439 877 498 920 ¹10⁰
517 877 646 933 eorum,
669 858 782 937 quibus
795 856 929 917 afficitur
978 864 1130 936 divinum,
1144 862 1304 924 insinuare
1315 881 1347 923 se
1359 859 1463 942 possit.
1472 860 1515 919 De
1529 874 1591 936 qua
1605 862 1747 916 vetorum

156 974 240 1027 caro,
256 954 418 1034 particeps.
446 952 523 1013 Cum
544 951 630 1012 enim
656 950 702 1013 sol
724 968 811 1011 suam
838 948 929 1009 nohis
978 955 1134 1035 opinione,
1164 959 1197 1015 et
1222 955 1289 1034 ajars
1314 971 1406 1015 sensu
1432 949 1505 1011 alibi
1532 944 1627 1008 dixit
1656 947 1748 1031 Nunc

156 1046 355 1111 efficientiam
391 1044 594 1125 impariieffl,
630 1044 709 1105 nihil
742 1061 781 1104 ex
816 1041 929 1102 nostris
978 1048 1071 1108 unius
1095 1048 1229 1108 Nemesii
1256 1047 1360 1108 losum
1383 1044 1435 1105 hic
1462 1046 1596 1105 attexam
1623 1056 1661 1099 ex
1684 1038 1747 1098 fine

155 1140 293 1203 vicissim
308 1138 432 1219 capiat:
462 1143 579 1216 quanto
602 1138 701 1216 magis
722 1136 831 1197 hocde
857 1134 929 1194 solis
979 1139 1086 1216 capitis
1097 1139 1194 1200 tertii:
1210 1160 1226 1198 (ι
1235 1141 1364 1213 Natum,
1378 1134 1491 1214 inquit,
1500 1132 1563 1204 illa,
1578 1148 1647 1210 quae
1662 1147 1748 1190 mere

157 1233 301 1307 domino,
325 1235 357 1291 et
383 1230 526 1292 molitore
548 1227 782 1291 credendum⁶i
796 1249 812 1285 ν
830 1227 928 1305 llujus
978 1230 1161 1310 incorporea
1175 1236 1236 1298 est.
1252 1248 1308 1311 per
1334 1228 1451 1303 omnia,
1481 1226 1621 1285 obstante
1646 1221 1745 1298 nullo,

156 1325 220 1387 ¹⁰05
237 1325 344 1404 prim
363 1322 458 1384 verbi
483 1322 575 1383 ῑθθῑίῡ
602 1325 741 1394 immine,
769 1320 929 1399 descripsit
978 1330 1137 1403 permeat:
1169 1342 1224 1401 per
1250 1324 1349 1403 ipsam
1376 1338 1471 1395 vero,
1499 1316 1578 1378 nibil
1604 1314 1746 1375 omnino.

157 1416 378 1497 mumma

978 1416 1079 1489 Quare
1102 1415 1163 1477 hoa
1179 1416 1260 1495 ipso,
1284 1414 1368 1494 quod
1389 1413 1457 1493 ipsa
1479 1427 1536 1488 per
1549 1407 1655 1468 omnia
1677 1423 1748 1485 pcr-

200 1509 296 1569 Porro
309 1508 344 1569 in
358 1507 499 1569 eamdam
513 1507 721 1569 cumioanne
739 1507 928 1566 Damascena
977 1508 1079 1586 vadit,
1107 1508 1230 1569 unitur:
1260 1512 1413 1586 quaterue
1439 1509 1544 1565 aulem
1568 1517 1624 1579 per
1648 1498 1748 1576 ipsam

157 1600 346 1663 senentiam
368 1601 526 1662 concurrit
538 1600 631 1679 longe
651 1604 723 1659 ante
748 1597 927 1678 Leporius¹,

156 1694 193 1755 in
218 1692 326 1754 libello
342 1691 582 1768 Emendationis,
602 1691 690 1771 cujus
703 1690 799 1752 verba
812 1707 930 1751 memo

156 1791 231 1847 ratu
244 1785 340 1865 digna
361 1790 444 1846 sunt.
470 1783 606 1859 «Novit,
625 1782 743 1862 inquit,
764 1784 844 1843 Deus
863 1783 928 1843 sine

157 1878 208 1940 sui
228 1878 426 1959 corruptione
445 1876 577 1951 misceri,
590 1876 678 1936 novit
688 1875 722 1936 in
736 1892 768 1935 ce
782 1876 825 1935 ita
838 1877 930 1936 susci-

156 1989 244 2051 pere,
252 1976 290 2031 ut
300 1970 381 2030 nibil
390 1969 419 2030 ei
433 1973 548 2029 suescat
558 1968 717 2046 augmenti
730 1989 737 2026 :
750 1968 805 2046 qui
819 1985 851 2028 sa
864 1967 929 2047 ipse

156 2069 262 2123 totum
275 2062 363 2123 novit
376 2061 553 2136 infundere,
570 2066 606 2122 ut
617 2059 696 2120 nihil
709 2059 826 2120 aecidat
839 2059 930 2120 detri-

156 2156 270 2217 menti.
296 2156 365 2215 Non
380 2172 454 2233 ergo
473 2154 512 2213 ad
533 2151 771 2232 intelligentiam
790 2151 931 2213 imbecil-

157 2248 256 2309 litatis
283 2251 412 2319 nostrae,
448 2246 620 2307 secundum
645 2245 928 2326 experimentorum

156 2339 292 2400 risibilia
301 2340 497 2410 documenta,
513 2337 659 2398 facientes
672 2337 882 2415 corrjecturam
891 2338 929 2398 de

157 2428 926 2511 aequalibusseinvicemingredientibuscreaturis,

157 2530 307 2605 putemus
321 2525 419 2584 Deum
432 2523 655 2601 hominemque
669 2521 882 2598 commixtum,
898 2527 929 2581 et

157 2617 213 2677 tali
227 2615 406 2677 confusione
422 2615 522 2675 carnia
541 2620 572 2675 et
584 2614 680 2675 Verbi
701 2615 789 2693 quasi
802 2614 929 2693 aliquod

157 2726 274 2788 corpus
293 2707 446 2768 effectum.
463 2706 551 2767 Absit
566 2706 609 2766 ita
631 2706 770 2782 credere,
792 2710 829 2766 ut
853 2724 927 2767 con-

157 2800 249 2862 flatili
263 2800 398 2878 quodam
420 2817 534 2877 genere
552 2799 628 2859 duas
646 2803 772 2859 naturas
786 2799 818 2858 in
831 2817 927 2860 unam

158 2892 350 2953 arbitremur
358 2893 496 2952 redactas
508 2909 572 2952 esse
586 2890 799 2953 substantiam.
816 2892 928 2971 Hujus-

157 2984 246 3046 modi
261 2985 345 3045 enim
373 2983 552 3044 commixtio
576 2983 669 3061 partis
690 2985 853 3063 utriusque
865 3002 930 3045 cor-

156 3076 266 3156 ruptio
289 3083 342 3137 est.
365 3078 446 3137 Deus
467 3077 571 3151 enim,
587 3076 641 3154 qui
665 3094 760 3154 capax
781 3081 841 3153 est,
864 3094 929 3136 non

158 3167 324 3248 capabilis;
341 3174 524 3248 penetrans,
547 3185 611 3228 non
630 3165 846 3248 penetrabilis3
868 3167 928 3227 im-

119 3287 126 3298 ·
157 3259 250 3342 plens
263 3278 327 3320 non
339 3259 525 3340 implebilis:
542 3261 597 3338 qui
606 3260 721 3339 ubique
728 3258 820 3319 simul
833 3264 928 3337 totus,

158 3351 930 3431 etubiquediffususest3perinlusionempotentias

157 3462 235 3517 suae,
262 3444 501 3504 misericorditer
529 3449 649 3504 naturae
674 3444 788 3504 mixtus
802 3450 847 3504 est
868 3444 928 3504 hu-

158 3555 263 3598 manae
274 3556 282 3597 ι
294 3554 358 3597 non
368 3537 505 3599 humana
516 3542 627 3597 natura
640 3542 761 3597 naturae
775 3543 820 3597 cst
834 3536 929 3598 mixta

158 3630 284 3692 (livium.
301 3630 378 3691 Caro
398 3628 493 3708 igitur
507 3628 628 3709 proficit
643 3629 675 3688 in
689 3630 848 3706 Verbum,
864 3648 928 3690 uon

157 3721 300 3781 Verbum
315 3719 444 3800 proiecit
457 3721 490 3781 in
505 3738 645 3791 carnem,
663 3727 694 3782 et
711 3727 817 3782 tamen
829 3725 927 3782 veris-

157 3813 237 3875 sime
251 3813 390 3873 Verbum
407 3831 476 3873 raro
490 3812 674 3875 factumest.
691 3834 707 3871 u

199 3908 267 3967 Duo
275 3910 350 3966 sunt
363 3906 396 3965 in
410 3905 464 3965 illa
473 3912 657 3966 naturarum
670 3916 832 3987 περιχωρήσιι
846 3924 930 3987 spea-

155 3997 271 4059 tanda:
294 4014 394 4057 unum
418 4003 474 4070 est,
500 3997 660 4059 individua
688 3999 874 4075 conjunctio,
900 4006 930 4061 et

155 4089 291 4151 interior
304 4089 432 4168 quidam
448 4107 567 4165 nexus,
583 4108 644 4168 quo
666 4089 766 4150 ambae
779 4091 837 4150 sibi
849 4090 928 4151 invi-

156 4200 225 4244 cem
244 4182 466 4261 implicantur:
484 4182 616 4242 alterum
638 4188 697 4255 est,
716 4187 826 4243 mutua
841 4202 928 4244 aom-

155 4274 286 4346 meatio,
316 4279 348 4334 et
371 4274 460 4353 quasi
482 4274 633 4354 pervasio,
665 4276 712 4336 vel
735 4276 926 4354 penetratio:

155 4386 229 4447 quae
251 4368 313 4427 hoc
330 4366 440 4438 efficit,
464 4373 499 4427 ut
516 4368 549 4426 in
569 4385 601 4427 se
624 4373 772 4430 consum
795 4368 929 4430 invicem

979 1599 1075 1674 nihil,
1093 1600 1301 1680 impermista,
1317 1605 1348 1661 et
1365 1594 1527 1658 inconfusa
1544 1587 1744 1653 remanetis

1174 1941 1384 2031 CAPUT
1437 1937 1540 2027 XV.

978 2245 1023 2308 Dc
1036 2252 1140 2309 mutua
1157 2247 1420 2309 communicatione
1436 2244 1666 2328 proprietatum,
1687 2244 1748 2304 siae

1018 2337 1212 2416 idiomatum3
1230 2345 1259 2401 l.
1277 2359 1310 2401 ac
1324 2340 1461 2421 primum
1473 2340 1509 2399 de
1527 2336 1645 2397 nomine
1664 2334 1747 2396 illius

1018 2431 1130 2511 apitur,
1147 2430 1226 2511 quod
1239 2430 1352 2495 Graecis
1362 2439 1402 2493 cst
1411 2433 1544 2505 ἀντίδοσις,
1560 2427 1671 2490 Latina
1682 2445 1751 2507 per·

1017 2523 1152 2583 mutatio.
1184 2525 1213 2585 2.
1245 2522 1435 2604 Explicatur
1463 2530 1607 2591 ἀντιδόσεως
1633 2538 1701 2580 raus
1722 2526 1751 2579 et

1016 2613 1206 2696 significatio.
1225 2613 1400 2694 Cujusmadi
1414 2613 1537 2676 Atdcnis
1551 2619 1695 2693 usurpata
1709 2609 1750 2670 sit

1020 2706 1053 2767 in
1071 2708 1289 2788 permutatione
1312 2707 1480 2769 bonarum:
1505 2714 1534 2767 et
1556 2703 1631 2786 quid
1653 2703 1690 2765 ab
1715 2721 1750 2764 ea

1019 2811 1118 2862 nostra
1145 2799 1298 2880 discrepet.
1327 2801 1356 2860 3.
1384 2798 1529 2880 Definitio
1551 2799 1747 2856 communica-

1021 2891 1113 2951 tionis
1129 2890 1323 2966 idiomatum;
1346 2898 1375 2952 et
1390 2890 1583 2972 principium,
1602 2905 1637 2948 ac
1656 2884 1750 2947 radin

1017 2983 1092 3063 ejus,
1108 3002 1176 3063 quae
1186 2988 1228 3044 est
1242 2992 1418 3045 naturarum
1432 2980 1596 3056 diuersitas,
1610 2986 1638 3039 et
1651 2977 1748 3038 unitio

1019 3075 1051 3134 iu
1077 3074 1175 3135 cadem
1203 3074 1379 3156 hypostasi:
1412 3092 1463 3136 nac
1490 3091 1548 3134 nan
1573 3085 1748 3156 περιχώρησις.

1018 3168 1049 3241 d,
1067 3165 1200 3246 Oripeuis
1212 3166 1292 3246 salsa
1312 3166 1347 3227 dc
1358 3167 1460 3228 anima
1476 3165 1589 3229 Christi
1596 3166 1748 3228 sententia.

1019 3260 1049 3318 5.
1071 3257 1144 3319 Alia
1166 3275 1255 3318 causa
1279 3258 1557 3327 communicationis,
1577 3258 1655 3339 quad
1678 3278 1751 3320 unus

1017 3350 1057 3410 sit
1083 3347 1230 3410 Christus.
1255 3352 1284 3410 6.
1313 3349 1389 3410 Tum
1408 3348 1489 3431 quod
1514 3349 1639 3411 Verbum
1667 3369 1750 3413 suam

1018 3440 1123 3522 feccrit
1144 3440 1373 3518 humanitatem
1395 3445 1426 3505 8.
1449 3440 1527 3521 quod
1544 3449 1701 3517 οἰκειοῦσθαι,
1722 3450 1751 3503 et

1020 3543 1189 3596 ἰδιοποιεῖοοαι
1205 3532 1302 3596 Graeci
1314 3544 1428 3597 vocant.
1446 3536 1476 3595 9.
1492 3533 1547 3595 Ea
1560 3533 1605 3594 lis
1621 3534 1752 3615 fontibus

1019 3632 1087 3686 orta
1111 3625 1275 3686 communio
1291 3626 1513 3707 proprietatum
1535 3625 1711 3689 illustratur
1735 3646 1750 3689 e

1017 3716 1201 3797 Scripturis.
1219 3721 1267 3779 ll.
1293 3717 1339 3778 Et
1363 3717 1570 3795 Camilliana
1593 3718 1747 3780 Patribus.

1020 3811 1068 3871 lc.
1086 3808 1265 3871 Declaratur
1288 3809 1384 3871 eadem
1406 3811 1646 3884 communicatio,
1674 3830 1747 3891 qua·

1018 3910 1100 3961 tenus
1114 3900 1516 3983 humcnoeuaturoepropria
1527 3903 1749 3983 transferuutur

1020 3993 1053 4054 in
1068 3990 1210 4066 diuinam,
1233 4001 1345 4055 utrum
1364 3993 1441 4054 θοντο
1459 3995 1549 4069 nasci,
1569 4004 1596 4055 et
1612 3995 1681 4075 pati
1702 3992 1747 4054 di·

1018 4085 1114 4159 citur3
1137 4087 1185 4145 lb.
1215 4084 1257 4145 Et
1282 4084 1411 4146 vicissim
1436 4084 1544 4148 diviua
1565 4088 1689 4168 propria
1715 4088 1748 4148 in

1017 4174 1176 4238 humanam
1190 4185 1348 4239 transeunt.

1018 4372 1042 4432 l.
1068 4372 1206 4434 Summae
1228 4374 1320 4448 illius,
1342 4374 1580 4456 arctissimeque
1598 4376 1745 4455 conjunc·

1781 4428 1910 4485 Explicatur

154 4460 304 4521 existant.
321 4459 363 4518 De
372 4459 432 4518 hoc
444 4460 611 4538 posteriore
620 4458 856 4538 intelligendum
870 4467 926 4534 est,
977 4463 1086 4538 tionis,
1111 4483 1174 4544 qua
1193 4471 1314 4528 uaturae
1333 4467 1417 4528 inter
1431 4485 1464 4527 se
1477 4467 1548 4528 duae
1562 4473 1743 4547 nectuntur,
1810 4494 1887 4528 nonen

153 4551 242 4631 quod
263 4549 310 4609 illi
334 4550 463 4625 dicunt3
492 4549 589 4611 solam
617 4551 755 4611 divinam
784 4560 928 4615 naturam
976 4558 1200 4617 consectarium
1214 4564 1269 4636 est,
1290 4559 1342 4619 illa
1355 4562 1583 4640 proprietatum
1598 4561 1632 4621 in
1646 4580 1679 4623 sc
1695 4561 1744 4623 in·

152 4648 323 4725 penetrare
336 4643 416 4703 sein
436 4642 564 4703 alteram
575 4663 584 4719 3
604 4661 668 4703 non
682 4649 787 4704 autem
801 4644 881 4706 banc
895 4645 928 4705 in
975 4647 1075 4710 ricem
1086 4650 1263 4728 transfusio,
1277 4653 1405 4732 etquasi
1421 4655 1620 4733 permutatio,
1637 4674 1698 4735 qua
1713 4656 1746 4716 in
1769 4661 1912 4716 umnec.

188 4837 212 4877 a
231 4819 349 4876 Dltllsc.
373 4818 469 4874 ’ίστέον
481 4820 517 4886 δὲ,
528 4821 563 4882 ὣς
574 4819 596 4874 εί
608 4820 649 4873 καὶ
662 4824 806 4894 περιχωρεῖν
821 4821 931 4892 ludibri-

978 4831 1051 4898 γενῶν
1065 4830 1215 4899 μεταδιδοὺς,
1231 4830 1296 4901 μένει
1315 4834 1363 4884 τῶν
1377 4830 1503 4904 ἡμετέρων
1518 4831 1651 4906 ἀμέτοχος·
1676 4834 1747 4905 κόσῳ

149 4907 211 4966 λαις
222 4902 268 4965 τὰς
278 4910 320 4981 τοῦ
329 4903 413 4976 κυρίου
423 4904 503 4975 picata
516 4904 605 4978 φαμὲν,
621 4904 678 4957 ἀλλ’
690 4904 790 4977 οἴδαμεν
806 4907 839 4969 ὡς
853 4906 931 4974 ἀκτῆς
981 4910 1099 4983 μα’λλονό
1112 4915 1156 4964 τοῦ
1169 4912 1240 4980 ἡλίου
1249 4911 1329 4985 κύριός
1338 4934 1374 4981 τε,
1385 4915 1425 4967 καί
1439 4915 1557 4985 ποιητὴςς

147 4989 221 5049 θείας
234 4987 330 5056 φύσεως
350 4987 366 5054 ἡ
385 4989 548 5124 περιχώρνχαις
560 4989 668 5060 γέγονεν.
685 4989 745 5057 aiii-q
761 4988 803 5061 μὲν
828 4991 869 5042 καί
890 4989 931 5043 διὰ
1016 4993 1155 5051 bNEsrss.
1185 4994 1257 5049 Ἐπεί
1270 4998 1324 5070 [περ’
1347 4998 1362 5067 ἡ
1390 5000 1500 5073 καθαρῶς
1527 5000 1656 5073 ἀσώματος
1679 5001 1748 5071 φύσις

147 5072 257 5126 πάντων
267 5071 354 5137 διήκει,
373 5070 452 5132 καθὼς
466 5072 509 5142 βου

149 5153 239 5210 statu
264 5153 306 5204 καί
319 5152 380 5219 αὕτη
405 5153 447 5224 μὲν
461 5160 511 5207 τῶν
535 5154 629 5207 οἰκείων
654 5154 803 5227 αὐχημάτων
818 5154 930 5227 τῇοαρκί

151 5236 317 5311 meatuum,
333 5235 440 5307 μένουσα
457 5235 516 5305 cisi
539 5236 642 5305 ἀπαθὴς,
668 5238 708 5290 καὶ
721 5242 770 5291 τῶν
785 5242 828 5304 τῆς
841 5238 930 5311 σαρκὸς

149 5320 243 5377 παθῶν
256 5317 391 5393 ἀμίτοχος.
406 5317 428 5374 εί
440 5319 488 5393 γὰρ
504 5321 519 5373 ὅ
535 5321 605 5389 ἥλιος
615 5321 675 5394 ἡμῖν
691 5326 740 5377 τῶν
753 5321 849 5377 οἰκείων
861 5321 928 5394 itep-

527 5091 587 5134 εται,
600 5072 640 5124 καί
653 5075 795 5144 περιχωρεῖ,
814 5072 847 5125 δι’
859 5072 932 5140 αὐτῆς
979 5079 1060 5149 χωρεῖ
1073 5077 1115 5150 μὲν
1139 5078 1270 5143 ἀκωλύτως
1283 5081 1324 5135 διὰ
1344 5086 1452 5150 πάντων,
1476 5086 1508 5136 δι’
1523 5083 1598 5152 αὐτῆς
1620 5083 1646 5137 δὲ
1666 5084 1745 5140 οὐδὲν.

978 5160 1043 5214 ὥστε
1058 5167 1094 5215 τῶ
1107 5162 1149 5234 μὲν
1162 5166 1251 5236 χωρεῖν
1266 5164 1340 5233 aia-*qu
1359 5166 1400 5220 διὰ
1413 5169 1522 5232 πάντων,
1539 5167 1655 5235 ἡνῶσθαι·
1671 5173 1708 5240 τῷ
1721 5168 1747 5223 δὲ

979 5241 1053 5314 μηδὲν
1067 5246 1099 5300 δι’
1112 5244 1196 5316 αὖα-ῆς,
1211 5248 1290 5321 μένειν
1298 5250 1411 5323 ἄμικτον,
1424 5251 1465 5305 καί
1475 5249 1625 5326 ἀσόχχυτον.

181 5470 193 5516 t
210 5473 268 5517 Pan.
283 5471 412 5520 utrm-i
424 5471 449 5518 ln
461 5473 497 5530 op.
510 5473 633 5530 icum-³
645 5473 693 5521 ub.
707 5474 727 5520 lt
736 5474 859 5522 dcttlnc.
871 5486 906 5522 ιν.
915 5475 953 5533 it
965 5483 988 5524 st
998 5476 1043 5523 tat
1055 5478 1093 5525 llb.
1103 5478 1115 5523 l
1124 5479 1213 5536 dctus.
1223 5490 1243 5527 a.
1253 5490 1302 5534 τοι,
1319 5482 1334 5540 ς
1347 5481 1382 5528 ts.

1785 4536 1919 4605 ἀντίδορις,

1830 4609 1870 4651 lst.
