4136 6178
143 794 224 838 lisdem
239 796 288 850 qus

159 850 266 894 mutantia

165 915 265 1004 Ιιιιᾳιῗιῗιι.

313 343 353 405 'lli
825 336 1151 404 maomelceuutl
1170 337 1390 401 mentm

349 507 502 569 Lutherus
515 509 645 570 enimin
658 507 881 570 articulosexto
895 507 933 568 de
947 506 1078 587 quadra·
1129 504 1207 566 illud
1220 504 1353 567 incurrit
1370 504 1571 581 hrmacanuu
1595 504 1679 584 quod
1703 503 1738 564 in
1762 501 1895 564 Lutllero

309 600 396 678 ginta
410 600 543 679 ctunc¹‚
559 603 714 682 quosLeo
728 601 865 663 decimus
879 600 913 661 in
927 598 1012 661 hulla
1025 616 1082 660 sua
1129 598 1311 659 damnatum
1327 602 1390 675 est3
1416 609 1538 659 metum
1564 596 1654 658 illum
1674 595 1837 675 gemnae
1865 599 1897 657 et

311 693 482 769 damnavit,
513 693 649 755 affirmat
675 694 778 755 istud:
796 693 987 765 «Contritio,
1010 709 1081 772 quaa
1129 691 1270 752 dolorem
1282 708 1321 752 ex
1333 709 1372 753 ea
1396 697 1583 771 susceptum,
1599 690 1730 769 qainon
1748 688 1897 749 orituros

313 791 440 864 paratur
454 804 510 866 per
536 786 777 860 discussionem,
802 785 1035 861 collectionem,
1051 788 1083 846 et
1130 800 1230 844 umora
1241 782 1300 844 Dei
1309 781 1494 864 arjustitioe,
1509 801 1575 844 non
1584 799 1651 844 esse
1666 798 1744 862 opus
1757 782 1894 841 ιιοιιιιιιιε

313 879 548 941 detesutionem
558 878 1083 959 peccatorum,quaquisreoogitat
1130 876 1270 957 adeoque
1295 877 1415 938 malum
1442 893 1509 937 asae
1532 893 1628 955 opus,
1652 892 1689 935 ao
1715 878 1895 954 peceatum

312 989 412 1032 annos
426 989 498 1033 suos
510 972 543 1033 in
561 972 768 1033 amaritudine
786 972 899 1033 anima
913 990 989 1047 saa,
1002 989 1082 1051 pon·
1131 968 1285 1048 siquidem
1302 967 1451 1029 «nullam
1464 967 1532 1028 dari
1546 966 1684 1028 medium
1703 965 1784 1027 inter
1802 962 1898 1026 chari·

313 1062 450 1124 derando
476 1070 673 1143 peccatorum
690 1063 884 1144 ςιιιιὶιιιιοιιι,
908 1062 1082 1125 multitudi·
1130 1064 1238 1135 tatem,
1255 1066 1288 1122 et
1299 1059 1485 1140 culpabilem
1506 1059 1716 1140 cupiditatem,
1731 1079 1747 1116 s
1761 1056 1899 1136 ejusdem

312 1173 397 1231 nem,
413 1155 595 1230 ioeditatem,
612 1156 810 1218 amissionem
823 1161 939 1218 etartas
949 1156 1082 1218 beatim-
1132 1152 1279 1234 principis
1289 1158 1380 1214 secta
1393 1152 1477 1213 illius
1490 1156 1537 1213 est
1548 1150 1687 1212 effatam.

313 1245 405 1321 dinis,
423 1253 591 1309 accurre
606 1248 813 1310 damnationis
830 1248 1082 1328 acquisitionem
1172 1244 1361 1325 Hujasmodi
1379 1262 1485 1325 porro,
1501 1244 1601 1324 qualis
1618 1242 1713 1305 hodie
1727 1246 1774 1304 est
1790 1242 1899 1304 Arma·

312 1340 381 1400 haec
408 1339 550 1401 contritio
573 1340 646 1401 iacit
668 1341 882 1421 hypocritam,
898 1340 962 1401 imo
985 1339 1084 1418 magis
1132 1337 1437 1415 canorum,‘Lutheri
1464 1336 1644 1416 opinionem
1669 1335 1828 1407 missust
1858 1332 1899 1394 ab

313 1436 518 1510 peccatorem.
538 1453 551 1489 ι
569 1433 668 1506 Quem
679 1433 846 1494 articulum
859 1432 899 1493 ab
918 1434 1030 1499 Leone,
1049 1438 1085 1493 ιιι
1133 1431 1238 1492 Leone
1252 1430 1290 1504 x,
1302 1448 1338 1492 ac
1350 1434 1418 1490 tota
1429 1428 1561 1490 Ecclesia
1574 1446 1631 1508 pro
1652 1426 1795 1489 heretica
1812 1423 1901 1486 dam-

315 1523 393 1600 dixi,
411 1529 556 1585 notatum
573 1525 780 1593 anathemate,
805 1525 961 1586 Lutherus
986 1524 1021 1585 in
1047 1542 1085 1586 ao
1133 1528 1240 1584 uatem
1253 1526 1285 1584 et
1303 1522 1520 1603 proscriptam,
1535 1521 1628 1581 tidem
1640 1516 1773 1592 iaciant,
1787 1522 1902 1597 preter

315 1613 395 1675 libro
422 1631 632 1695 propugnans,
658 1616 714 1696 qui
739 1618 866 1678 Assertio
889 1615 1086 1677 articulatam
1134 1614 1198 1687 illa,
1221 1632 1292 1694 quta
1320 1615 1394 1688 dixi,
1425 1612 1680 1693 theologicarum,
1716 1616 1753 1672 ιιι
1779 1614 1899 1686 rocam,

316 1706 448 1768 Martini
456 1706 584 1769 Latiari
592 1726 648 1789 per
660 1708 785 1770 Batiam
797 1709 900 1771 Leonu
916 1708 950 1770 X
967 1707 1087 1771 damna·
1133 1707 1317 1769 facultatum
1331 1705 1424 1767 variis
1434 1704 1469 1766 in
1481 1705 1555 1767 locis
1579 1705 1661 1766 edita
1682 1702 1903 1783 judiciaatqua

316 1808 425 1876 tuum,
440 1801 757 1880 inscribitur‚prorsus
769 1801 863 1878 idem,
881 1802 965 1881 quod
979 1804 1088 1862 Arma·
1134 1799 1257 1860 decreta
1273 1797 1379 1860 :velut
1406 1797 1641 1872 Parisiensium,
1667 1812 1703 1856 ac
1728 1794 1903 1854 Loranien·

316 1908 423 1966 mnus,
451 1892 540 1954 docet
559 1912 566 1953 ε
582 1898 618 1953 ut
644 1893 696 1954 hio
721 1911 760 1954 ex
784 1894 839 1955 illo
867 1912 937 1974 quae
967 1893 1088 1973 scripsit
1135 1892 1216 1953 sium
1230 1909 1238 1952 t
1254 1897 1323 1951 tum
1335 1889 1502 1950 viritimah
1515 1889 1645 1968 singulis
1654 1885 1905 1967 prastautidoc-

316 1982 455 2045 hausisse
468 1985 623 2045 rideatur.
638 1984 689 2046 Sic
701 1986 788 2046 enim
798 1985 903 2047 scribit
912 1986 1084 2047 Lulherus:
1135 1983 1218 2045 trine
1231 1989 1263 2045 et
1274 1983 1433 2044 sanctitate
1446 1982 1599 2062 preditis,
1618 1979 1724 2059 scripti
1743 1979 1782 2040 de
1798 1978 1856 2039 hae
1868 1994 1905 2039 ra

322 2099 337 2127 ι
350 2076 492 2136 Primum
505 2077 565 2137 hoc
577 2094 670 2137 nemo
685 2078 812 2156 negabit
820 2077 843 2150 ',
861 2078 1087 2139 contritionem
1137 2081 1244 2137 canna
1255 2076 1428 2136 Lutherum
1441 2073 1524 2135 libri.
1537 2074 1620 2133 lnter
1638 2089 1717 2153 quos
1731 2087 1906 2133 memoran-

317 2167 544 2246 quantumlibet
556 2186 719 2247 magnam,
734 2170 796 2230 nisi
817 2169 875 2251 fiat
896 2189 995 2232 arnus
1012 2170 1087 2251 yur·
1138 2168 1196 2230 dus
1210 2166 1364 2247 inprimis
1377 2166 1592 2227 estlohannes
1607 2163 1766 2225 Fischerus
1779 2161 1907 2223 Italian

318 2258 405 2335 titiis,
421 2264 497 2321 etat
518 2261 642 2339 ipsimet
664 2261 782 2332 dicunt,
807 2262 841 2322 in
864 2261 1086 2340 currantur,
1136 2259 1223 2321 sisin
1246 2258 1358 2337 Anglia
1383 2257 1561 2338 episcopas,
1584 2261 1616 2318 at
1637 2261 1767 2335 martyr,
1788 2255 1908 2334 quiad-

318 2369 382 2410 non
394 2357 441 2411 est
452 2370 536 2428 vera,
547 2355 599 2413 sed
614 2354 767 2415 simulata.
785 2355 897 2415 Omnia
906 2355 1003 2430 euim,
1017 2374 1087 2434 que
1135 2368 1241 2411 versus
1254 2350 1384 2412 Lutheri
1405 2349 1552 2411 articmm
1567 2349 1606 2409 ah
1626 2349 1731 2409 Leone
1744 2347 1907 2407 damnatos
1946 2419 1956 2434 .

317 2447 406 2503 extra
428 2443 609 2506 charitatem
631 2444 722 2517 fiunt,
738 2445 838 2521 nihil,
853 2464 945 2519 vana,
961 2453 993 2506 et
1011 2446 1089 2507 fahs
1137 2442 1330 2504 luculentum
1343 2460 1422 2522 opas
1440 2440 1628 2515 elaboravit3
1652 2440 1686 2500 in
1703 2456 1766 2519 quc
1788 2445 1820 2500 et
1840 2439 1905 2499 Lu-

318 2540 402 2604 sunt,
418 2543 454 2595 ut
468 2536 482 2595 Ι
509 2533 646 2597 Corinth.
675 2554 751 2614 x111,
766 2538 856 2598 docet
873 2538 999 2613 Paulus,
1015 2541 1089 2618 quia
1136 2534 1219 2595 theri
1231 2534 1346 2613 dogma
1358 2534 1397 2595 de
1405 2532 1590 2595 counitione
1599 2537 1727 2593 exmetu
1741 2531 1905 2609 gehennas,

319 2645 384 2686 non
397 2626 478 2687 fiunt
490 2644 529 2688 ex
551 2628 734 2704 totocorde,
752 2635 809 2690 alc.
823 2630 862 2690 at
877 2630 1019 2690 contritio
1034 2646 1089 2707 per
1137 2627 1222 2705 quod
1241 2626 1408 2687 Armucani
1422 2626 1516 2686 modo
1530 2628 1723 2704 recoquunt,
1748 2623 1907 2684 uberrime

319 2723 518 2797 pcccatorum
532 2719 745 2781 collectionem
766 2726 884 2801 parata,
907 2722 970 2783 sine
992 2741 1089 2783 amora
1137 2718 1296 2793 contuut3
1312 2725 1344 2779 et
1356 2718 1510 2791 eamdem,
1528 2735 1625 2796 ιιιιιιιι
1636 2734 1692 2777 nos
1705 2715 1757 2776 hic
1768 2721 1905 2788 tuemur,

320 2809 387 2883 Dei,
402 2817 430 2871 et
440 2808 584 2884 lustitia,
598 2812 658 2873 hoc
666 2818 713 2873 est
726 2812 794 2873 sine
806 2812 909 2888 corde,
931 2815 1087 2874 content:
1137 2810 1340 2883 sententiam,
1363 2815 1515 2889 tanqtmm
1545 2809 1722 2888 oppositum
1744 2805 1841 2868 errori
1863 2805 1910 2866 illi

319 2902 359 2963 de
372 2902 431 2963 hac
444 2903 528 2963 enim
541 2904 662 2964 locutus
686 2921 766 2965 sum.
794 2906 896 2978 Quare
915 2907 1088 2969 necessario
1138 2901 1297 2964 ausura
1314 2900 1387 2964 fidei
1414 2902 1584 2979 decretum,
1607 2900 1756 2981 explieat,
1771 2904 1802 2961 ct
1827 2894 1911 2959 affir-

320 2994 469 3074 sequitur,
486 3001 522 3055 ut
545 2994 636 3056 faciat
657 2996 877 3076 hypocritam:
899 2997 954 3075 qui
976 3016 1026 3058 nac
1039 3017 1088 3058 uo·
1139 2997 1215 3054 mat.

320 3085 425 3161 tantm
441 3104 493 3146 nec
509 3094 645 3148 unienter
658 3088 826 3148 conterittn
836 3090 871 3148 in
884 3089 976 3149 corde
989 3107 1058 3150 suo.
1073 3112 1087 3148 ι

321 3178 403 3238 Tum
415 3177 545 3239 alteram
556 3183 687 3257 partem,
705 3177 789 3255 Quod
798 3198 832 3241 eu
845 3180 981 3240 contutio
994 3178 1091 3259 saciat

321 3269 418 3350 asapia
424 3276 617 3349 peccatorem,
632 3270 725 3332 latius
742 3271 955 3333 demonstrare
978 3273 1089 3352 pergit,

320 3360 442 3435 iisdem,
471 3367 507 3423 ut
523 3362 604 3432 dixi,
633 3363 747 3443 quihus
767 3363 969 3442 Armacenus,
996 3367 1091 3427 ratio·

322 3452 427 3529 nibas,
440 3458 477 3514 ut
492 3460 598 3534 postea
609 3455 795 3516 ridebimus.

1304 3260 1526 3362 ‘CAPUT
1564 3280 1687 3364 Vlll.

363 3545 435 3606 v11.
449 3545 542 3606 Nulla
555 3563 589 3607 re
610 3546 706 3625 igitur
719 3547 759 3607 ah
782 3547 958 3609 Luthcruna
981 3549 1093 3611 haercel
1143 3563 1172 3620 l.
1185 3557 1419 3621 DcPoeuitentru
1440 3576 1479 3620 ea
1500 3566 1579 3619 metu
1605 3557 1743 3640 gehenne
1763 3560 1910 3638 mapsa,

323 3636 417 3698 distat
428 3638 674 3699 Armacanorum
698 3639 806 3720 opinio
818 3659 826 3715 3
842 3659 879 3701 ac
893 3641 960 3720 pari
973 3648 1092 3703 utram-

324 3747 385 3808 que
409 3730 562 3791 scntentia
582 3730 692 3791 ieonis
712 3731 837 3807 decimi,
862 3735 894 3792 et
920 3732 1094 3795 Tridentini

324 3827 431 3900 postca
444 3821 565 3883 concilii
576 3822 699 3884 decreta
717 3821 916 3884 damnarunt.
934 3823 1095 3902 Siquidem

323 3913 425 3974 ambae
453 3914 598 3975 umorem
624 3914 794 3992 gehenna,
825 3919 857 3975 et
878 3916 1095 3978 contritionem

324 4004 378 4067 illo
391 4006 457 4066 solo
466 4007 651 4080 animatam,
667 4012 699 4067 ct
711 4024 871 4068 accensam
891 4014 1053 4086 respuunt,
1064 4016 1096 4070 at

325 4097 442 4174 pernati
465 4097 533 4157 loco
555 4097 673 4158 habent
689 4116 745 4158 :ac
759 4098 867 4159 nisiex
890 4097 1046 4173 ctoritate,
1062 4100 1095 4161 id

325 4192 482 4250 catamare
499 4187 628 4265 justitie
649 4188 872 4267 proficiscatur,
901 4206 967 4251 non
993 4192 1095 4253 solum

324 4281 364 4340 ad
372 4280 578 4341 emerendam
599 4280 724 4341 veniam
743 4280 825 4342 nihil
838 4283 871 4343 in
895 4281 1095 4345 Sacramenta

324 4371 475 4446 conferre,
500 4371 554 4433 sed
578 4390 659 4432 novo
687 4372 780 4432 etiam
804 4371 961 4453 implicare
985 4373 1095 4436 delicto

325 4469 476 4525 statuunt.
492 4464 696 4525 conferantur
714 4481 787 4526 cum
810 4464 1021 4544 superioribas
1034 4467 1095 4528 Lu-

324 4553 407 4614 theri
432 4554 553 4630 verbis,
577 4573 647 4633 qaae
674 4556 921 4618 armacancrum
952 4557 1096 4638 princeps

325 4645 434 4706 cadem
447 4645 485 4706 de
498 4664 533 4706 re
558 4645 677 4726 scriptis
702 4648 846 4728 prodidit.
875 4648 934 4710 Hic
947 4650 1032 4710 enim
1057 4668 1096 4712 ex

326 4735 497 4814 Augustino
506 4737 697 4816 pronuntiat,
717 4740 868 4801 cundum
881 4758 946 4802 asse
959 4740 1090 4820 honum,

326 4828 465 4907 quandiu
477 4828 512 4888 fit
524 4828 689 4890 formidine
705 4849 818 4910 poenoe,
833 4850 898 4893 non
911 4850 1017 4894 amore
1026 4833 1094 4911 jus·

326 4921 414 4981 titia.
444 4921 512 4999 ipsa
526 4921 640 5001 quippe
651 4920 782 5000 justitia,
798 4940 869 5002 quta
892 4925 927 4985 in
941 4931 1096 5005 praecepto

326 5012 406 5073 hene
419 5011 555 5089 vivendi,
570 5013 633 5073 sire
657 5013 853 5091 ιιιῑιιιιιιιίνιι,
868 5015 931 5076 sire
950 5016 1095 5095 negativo

326 5104 436 5177 elucet,
460 5104 577 5165 sincere
594 5104 752 5183 diligenda
766 5111 822 5176 est,
847 5112 884 5167 ut
910 5124 975 5168 esse
1000 5109 1096 5187 possit

1182 3651 1413 3712 dunscanorum
1436 3667 1531 3725 error,
1551 3668 1608 3731 quo
1626 3651 1671 3711 ito
1694 3649 1798 3711 unam
1821 3649 1912 3712 iilam

1182 3760 1239 3805 erse
1259 3742 1354 3824 futui
1376 3739 1522 3817 ridentur,
1547 3746 1581 3802 at
1609 3748 1705 3803 tamen
1727 3758 1786 3802 non
1813 3740 1851 3802 sit
1873 3759 1914 3802 eu·

1185 3833 1300 3897 elren
1310 3834 1422 3915 qratia.
1439 3836 1469 3895 3.
1481 3833 1525 3895 De
1541 3841 1619 3895 metu
1631 3832 1777 3916 qemun,
1793 3832 1912 3914 Augus·

1183 3926 1245 3987 tini
1267 3926 1419 3987 sententia
1446 3927 1477 3986 in
1503 3926 1626 4006 speciem
1650 3925 1811 3987 contrarie
1838 3944 1845 3985 :
1875 3942 1914 3985 ac

1181 4019 1313 4100 puniam
1346 4036 1387 4079 coe
1425 4022 1704 4096 commemorantur,
1732 4033 1797 4098 pta
1829 4014 1914 4077 ilium

1183 4108 1381 4171 commendare
1401 4107 1551 4172 ardentm.
1578 4111 1609 4172 e.
1636 4109 1709 4170 Tum
1737 4125 1805 4189 que
1827 4107 1912 4169 dam-

1183 4220 1266 4263 nore.
1282 4203 1312 4263 ¹1.
1331 4199 1523 4282 Quadrupler
1547 4201 1579 4261 in
1603 4200 1771 4262 universum
1792 4199 1915 4262 timore

1184 4293 1219 4356 S.
1238 4291 1347 4354 Thomu
1374 4292 1622 4354 constituitur&
1644 4292 1770 4373 iriplca·
1783 4290 1821 4352 ab
1832 4289 1911 4352 αιιῖι.

1186 4383 1328 4466 Ejusdem
1342 4401 1429 4445 rausa
1451 4383 1575 4464 duplex.
1600 4386 1629 4445 9.
1659 4382 1705 4444 De
1729 4380 1783 4443 illo
1808 4382 1916 4443 timore

1183 4475 1265 4559 apud
1277 4476 1480 4556 Augustinum
1492 4473 1668 4535 edurucnda
1677 4473 1745 4536 duo.
1761 4473 1912 4549 Primum,

1186 4569 1268 4649 loqui
1289 4569 1383 4650 apuam
1409 4564 1445 4628 dc
1465 4585 1497 4628 eo
1523 4566 1640 4643 timore,
1668 4566 1724 4648 qui
1746 4582 1785 4627 er
1805 4576 1915 4628 autum

1184 4665 1266 4723 ortus
1298 4677 1364 4720 cum
1398 4657 1508 4741 affeetu
1539 4655 1680 4739 meandi
1709 4657 1912 4739 conjungitur,

1184 4774 1250 4817 curn
1271 4772 1337 4815 curn
1349 4751 1534 4812 ιοιιιιιιιιιιαι.
1547 4752 1596 4810 ts.
1612 4748 1747 4810 Alterum
1759 4748 1914 4810 chenon-

1184 4845 1253 4907 dum
1267 4843 1302 4906 de
1315 4842 1431 4924 duplici
1452 4842 1556 4920 qratia
1575 4839 1656 4915 rudi,
1673 4847 1702 4902 et
1720 4840 1911 4922 palatim.

1184 4937 1508 4999 HincArrnaccnorum
1523 4931 1611 5013 fucus
1624 4930 1779 5010 detegitur.

1184 5107 1211 5166 Ι.
1226 5105 1368 5178 Quantus
1381 5105 1421 5165 sit
1434 5104 1468 5164 in
1484 5102 1666 5164 Armacanis
1686 5106 1782 5165 ustus
1791 5101 1913 5181 animi,

326 5216 405 5278 opus
425 5197 555 5258 honum.
572 5197 632 5271 Qui
650 5206 757 5259 autem
766 5198 919 5277 justitiam
940 5198 1093 5276 dilexerit,
1142 5192 1299 5278 quamque
1313 5195 1457 5257 volubilis
1471 5201 1503 5256 et
1515 5195 1693 5256 inconstans
1705 5193 1831 5255 illorum
1845 5194 1915 5274 opi·

327 5290 405 5350 nihil
416 5289 500 5350 eliud
513 5288 623 5368 diligit,
637 5288 697 5350 nisi
711 5308 822 5351 verum
841 5292 951 5369 Deum.
966 5312 982 5349 ι
996 5292 1045 5354 Sic
1059 5290 1092 5352 in
1141 5292 1207 5365 nio,
1241 5306 1314 5349 cum
1345 5288 1385 5350 de
1411 5288 1523 5349 timore
1564 5287 1730 5364 gehenne,
1753 5302 1793 5347 ax
1814 5302 1916 5366 ecqua

354 5491 365 5533 l
382 5490 446 5534 hullt.
462 5496 478 5535 t.
491 5488 567 5541 lifol.
577 5488 677 5535 Μή
690 5488 734 5533 illd
