4078 6168
635 353 837 417 VINCENTH
858 355 984 432 Lartis,
1007 356 1093 420 OAP.
1115 358 1197 419 XIX.
1650 350 1704 411 iti

115 538 131 574 ι
145 517 220 579 Non
229 517 389 598 similiter,
402 521 516 601 inquit,
532 522 701 583 voluntarii
716 527 789 582 sunt
801 526 887 583 actus
939 524 1063 603 poterit,
1074 542 1168 604 mmm
1182 531 1217 586 tu
1229 543 1301 587 cum
1312 525 1375 587 tuis
1389 524 1601 587 consecraneis
1613 523 1706 584 imbi-

110 616 203 688 atque
216 610 359 673 habitus.
383 613 543 693 Siquidem
556 621 683 676 actuum
697 614 736 676 ab
745 614 834 674 initio
848 613 888 674 ad
939 614 1012 676 bisti
1030 637 1037 678 :
1052 622 1088 677 ut
1100 617 1225 678 laudem
1243 618 1356 680 mereri
1371 618 1411 679 ob
1428 619 1487 679 hoc
1499 618 1603 698 ipsum
1616 618 1708 695 putes

109 701 217 770 finem,
228 702 354 765 domini
369 723 488 781 sumus,
501 726 575 769 cum
587 707 709 787 singula
720 707 864 768 novimus
879 714 885 755 ἱ
938 710 1129 788 quempiam,
1152 712 1237 790 quod
1247 712 1429 787 necessario,
1442 728 1543 790 neque
1557 727 1596 770 cx
1608 707 1707 768 libera

110 793 143 854 in
160 793 329 857 habitibus
347 802 463 875 antem
489 799 583 861 solius
605 800 686 861 initii
707 817 815 861 sumus
835 800 888 860 do
939 798 1087 862 electione
1105 801 1189 879 iacit,
1216 802 1276 863 hoc
1298 806 1345 863 est
1359 810 1438 879 ἐιαῆς
1454 811 1629 884 προαιρέσεως,
1645 818 1708 879 qua

110 886 189 947 mini
198 896 227 947 ⁴.
242 910 260 945 u
275 888 335 950 Hie
359 908 429 951 vero
443 910 508 953 non
522 893 560 953 de
588 893 761 954 actionibus
781 892 890 953 volun·
938 891 1002 952 sola
1012 893 1234 972 laudationem,
1247 895 1567 974 vituperationemque
1582 891 1709 953 metitur

110 978 184 1039 tatis
201 981 357 1043 omnihus
380 983 517 1063 loquitur
537 985 754 1065 philosophus;
784 984 889 1045 sedda
939 983 1152 1064 Peripateticae
1177 989 1318 1068 princeps
1331 994 1422 1048 sectae
1449 985 1661 1068 philosophus,
1677 989 1708 1044 et

112 1070 148 1131 iis
166 1070 337 1149 duntaxat,
352 1074 466 1153 quibus
485 1083 714 1154 comparantur,
734 1096 770 1137 ac
785 1075 890 1156 paula·
939 1077 1102 1155 theologiae
1124 1079 1307 1159 coryphaeus
1335 1080 1474 1160 Aquinas
1492 1078 1545 1140 ille
1573 1096 1598 1139 s.
1624 1076 1706 1136 Tho-

111 1163 166 1224 tim
184 1165 434 1229 corroborantur
456 1170 488 1230 in
512 1169 602 1230 nobis
621 1168 747 1230 habitus
763 1189 770 1229 ε
785 1169 889 1247 cujus·
940 1169 1030 1231 mas?

19 1287 21 1292 ·
58 1291 62 1293 -
111 1256 195 1316 modi
210 1262 291 1317 sunt
314 1266 340 1319 at
354 1270 517 1340 προαιρέσεις,
542 1280 612 1341 quae
636 1267 667 1323 et
684 1261 789 1322 liberae
803 1267 887 1334 sunt,
979 1262 1053 1337 Quis
1079 1281 1172 1324 sanus
1198 1264 1389 1325 laudandum
1420 1267 1582 1341 propterea
1607 1263 1708 1323 Deum

112 1347 199 1409 idest
222 1356 262 1429 ἐρ’
277 1357 352 1430 ἡμῖν,
381 1357 413 1412 et
433 1358 550 1429 ἑκούσιοι,
578 1354 610 1413 id
631 1359 678 1414 est
699 1352 887 1429 voluntaria,
941 1361 1073 1431 censeat,
1089 1355 1214 1435 quodse
1229 1363 1333 1432 amet3
1356 1355 1438 1436 quod
1453 1372 1484 1415 se
1498 1371 1708 1415 nonesseno-

112 1442 175 1501 sire
187 1449 363 1522 ιροιιιαιιειι
379 1450 434 1504 :ut
445 1445 543 1521 rapite
554 1445 755 1507 antecedente
770 1445 890 1524 scripsit
939 1446 976 1507 lit
994 1467 1001 1507 ι
1018 1447 1099 1526 quod
1116 1448 1267 1528 Spiritum
1281 1454 1422 1509 sanetum
1435 1446 1586 1526 producat
1602 1466 1609 1506 ι
1625 1446 1710 1525 quod

112 1531 193 1593 idem
209 1534 406 1597 Aristoteles.
423 1536 488 1599 Hoc
500 1537 595 1615 igitur
604 1538 752 1598 interesse
762 1538 891 1598 aitinter
939 1539 1024 1600 hunc
1039 1544 1069 1599 et
1081 1538 1183 1599 filium
1197 1539 1326 1618 diligati
1349 1540 1422 1600 Haec
1443 1538 1484 1599 ad
1498 1546 1663 1618 μακαρισμὸν,
1677 1537 1710 1599 id

112 1624 270 1697 habitum,
298 1632 330 1687 et
350 1632 454 1690 actum
479 1630 601 1689 rimatis
624 1635 679 1690 aut
702 1629 781 1701 vitii,
806 1629 890 1707 quod
941 1637 987 1692 est
1001 1631 1040 1692 ad
1054 1631 1316 1710 predicationem,
1341 1637 1371 1691 et
1385 1628 1648 1710 glorificationem,
1672 1634 1711 1690 ut

112 1724 199 1778 actus
227 1725 303 1779 tum
323 1719 500 1795 inchoandi,
529 1726 597 1782 tum
619 1720 778 1782 desinendi
796 1738 891 1800 penes
943 1723 1102 1802 Scriptura
1121 1724 1271 1803 loquitur,
1297 1742 1360 1784 non
1382 1723 1422 1783 ad
1447 1721 1584 1796 laudem,
1610 1721 1711 1783 idest

113 1828 169 1870 nos
191 1818 242 1871 est
266 1817 404 1891 potestas
418 1833 425 1873 :
440 1814 474 1872 in
492 1814 600 1875 habitu
624 1812 834 1887 vernacium
858 1813 891 1873 in
940 1815 1075 1891 virtutis,
1090 1834 1126 1876 ac
1140 1820 1221 1876 recte
1238 1815 1708 1892 iaedcommendationemper-

113 1902 203 1964 nobis
218 1904 319 1965 situm
340 1910 385 1966 est
397 1906 534 1968 initium.
552 1908 631 1968 Nam
652 1907 707 1967 uhi
730 1904 826 1966 semel
839 1924 890 1966 oc·
939 1908 1041 1969 tinent
1057 1927 1064 1967 :
1080 1909 1160 1968 utin
1173 1904 1709 1988 primcdeiiberoarbitrioanimatl·

113 1996 220 2071 caluit,
235 2015 306 2058 non
319 1997 418 2070 facile,
445 2017 545 2078 neque
558 2019 615 2079 pro
630 1999 757 2060 arbitrio
777 2004 891 2059 nostrae
940 1999 1101 2061 vertimus.

113 2090 288 2150 voluntatis
300 2091 502 2169 extinguitur.
526 2093 577 2153 Sic
590 2092 771 2167 Eustratius,
787 2096 818 2152 et
832 2091 892 2152 An-

114 2180 265 2242 dronicus
275 2182 460 2245 nobilissimi
474 2189 667 2245 enarratores
678 2183 761 2245 illius
774 2183 890 2244 Aristo-

116 2273 202 2334 telici
221 2274 335 2354 operis.
374 2276 464 2337 Unde
496 2276 600 2356 palam
632 2283 688 2348 est,
726 2293 821 2355 quam
853 2275 892 2336 ab

115 2366 249 2427 raritate
274 2374 307 2429 et
318 2367 490 2431 Aristotelis
502 2374 606 2431 mente
626 2368 716 2430 avius
729 2368 799 2430 ierit
819 2368 893 2429 Vin·
1126 2332 1343 2420 CAPUT
1389 2333 1519 2421 XIX

116 2461 252 2521 centius,

22 2579 33 2638 j
50 2577 51 2587 ι
155 2552 200 2614 ΙΙ.
225 2553 296 2614 Nec
309 2553 413 2615 minus
426 2555 460 2616 in
473 2555 595 2617 Joanne
609 2557 798 2617 Damasceno
812 2553 893 2632 {ugit

116 2644 207 2705 illum
219 2645 315 2707 ratio.
329 2647 417 2721 Quod
431 2647 516 2707 enim
530 2655 683 2727 αὖτιξοιαιρ,
699 2647 731 2707 id
745 2653 790 2707 est
800 2645 893 2706 libera
943 2644 972 2703 i.
1004 2639 1135 2716 Οιιιιιίο
1163 2638 1201 2701 ab
1230 2638 1380 2701 Vincentio
1415 2644 1571 2716 commota,
1606 2645 1711 2699 utrum
1818 2718 1823 2727 .

113 2746 259 2819 potestate
280 2746 436 2819 appetere,
458 2740 547 2815 veile,
564 2739 746 2814 deliberare,
761 2758 797 2800 ac
815 2755 892 2818 pos·
984 2732 1120 2795 voluntas
1133 2749 1190 2813 qao
1203 2750 1231 2792 se
1244 2733 1370 2793 instanti
1388 2739 1494 2807 moret,
1509 2728 1712 2812 dapieajadr'-

116 2837 222 2891 tremo
238 2831 355 2908 eligere
375 2832 518 2892 homines
532 2832 585 2905 ait,
600 2831 631 2892 id
653 2832 691 2892 de
705 2831 893 2910 appetitione
982 2825 1062 2885 cium
1072 2824 1259 2905 propositam
1275 2822 1392 2897 habeat,
1416 2827 1446 2884 2.
1467 2820 1666 2903 despondetur
1680 2840 1713 2882 re

115 2921 199 2999 linis,
214 2923 319 3003 qualis
330 2923 365 2983 in
376 2924 434 2984 hac
447 2924 510 2984 rita
521 2923 657 2985 exerceri
667 2923 754 2999 solet,
763 2923 893 2984 omnino
983 2916 1114 2991 animm,
1132 2915 1241 2976 virtute
1252 2933 1310 2976 erre
1323 2913 1454 2996 duplec3
1471 2914 1608 2996 quoniam
1621 2914 1710 2993 eligi-

116 3015 251 3094 intelligi
265 3015 370 3089 debet,
385 3016 424 3078 de
439 3034 502 3096 quo
515 3017 585 3079 vide
599 3034 669 3097 qua
682 3034 776 3097 supra
792 3016 892 3095 capite
981 3009 1044 3070 bile
1068 3018 1110 3069 est
1136 3006 1213 3089 qaod
1235 3006 1360 3086 offertur
1381 3007 1527 3068 calamati
1545 3025 1558 3067 .·
1584 3004 1712 3087 adeoque

115 3115 201 3169 sexto
217 3107 386 3170 diximus¹.
982 3099 1067 3175 utile,
1089 3108 1115 3161 et
1127 3101 1302 3180 rontinpens,
1322 3118 1380 3160 nan
1394 3099 1596 3160 necesarium.
1622 3100 1653 3160 3.
1667 3099 1712 3160 De

153 3203 240 3263 Hinc
253 3220 336 3261 vana
354 3201 509 3263 Vincentii
522 3201 674 3262 cavillatio
689 3199 866 3281 praeciditur
881 3220 890 3277 ;
982 3191 1180 3272 indifferentia
1193 3191 1372 3261 volwtiatt'st
1389 3191 1421 3253 in
1434 3211 1492 3273 qua
1512 3190 1712 3273 frustratos-

117 3294 229 3373 quiita
253 3294 394 3374 disputat
414 3314 422 3354 ι
443 3293 536 3354 «Nisi
560 3294 704 3355 voluntas
723 3293 804 3368 linis,
827 3311 892 3353 non
982 3285 1120 3366 [lictatur
1138 3284 1311 3347 Vincentius·

117 3393 243 3449 tantum
255 3386 368 3448 electio
381 3387 567 3463 mediorum,
580 3386 678 3448 libera
684 3392 772 3456 esset,
788 3404 893 3448 amare
1025 3443 1027 3453 ,

116 3484 243 3559 turpem
254 3478 460 3559 voluptatem,
479 3484 629 3557 tanquam
640 3478 754 3556 finem,
769 3479 893 3539 nullum
981 3470 1008 3531 I.
1018 3467 1384 3545 QuarisateVincenti',
1394 3487 1458 3529 <tan
1471 3467 1663 3530 voluntatem
1674 3486 1712 3530 eo

117 3577 283 3651 meatum
296 3577 386 3645 esset,
403 3571 475 3650 qrria
489 3571 559 3631 talis
572 3576 658 3631 actus
672 3570 752 3631 liber
765 3588 829 3632 non
844 3589 892 3632 es·
941 3561 1081 3635 instanti,
1101 3579 1164 3641 <1¹¹⁰
1178 3578 1210 3622 ³0
1223 3566 1339 3637 ¹1¹⁰V0ir
1363 3560 1478 3642 duplici
1488 3560 1606 3640 juditiO
1617 3560 1710 3622 intel·

117 3671 161 3724 aet
178 3685 186 3724 :
202 3680 264 3724 nec
276 3663 312 3723 in
326 3680 433 3723 amore
448 3662 513 3737 Dei,
529 3662 649 3722 utfinis
664 3661 777 3739 ultimi,
791 3662 893 3723 ullum
939 3654 1039 3716 lectus
1052 3654 1230 3728 accinctam,
1247 3654 1326 3714 etin
1347 3658 1515 3733 utrumque
1536 3652 1711 3734 oppositum

117 3756 268 3816 meritum
281 3754 371 3816 foret.
393 3775 409 3812 r
440 3753 518 3828 Quid
531 3754 588 3815 hac
602 3754 794 3833 argutatione
806 3753 892 3832 frigi-
941 3746 1022 3809 latus
1031 3765 1120 3825 aeque
1125 3747 1266 3826 proxime
1274 3747 1448 3826 expeditam
1455 3765 1522 3808 esse
1530 3749 1707 3824 oporteat.»

118 3847 209 3908 dius?
238 3847 309 3907 Non
323 3851 370 3907 est
383 3846 564 3913 necessaria.
584 3846 629 3906 mi
653 3846 766 3907 homol
779 3846 892 3924 cujus·
942 3839 1008 3900 Hoc
1021 3841 1114 3900 modo
1129 3844 1277 3918 concepta
1289 3840 1429 3918 quaestio,
1444 3855 1588 3918 peraeque
1601 3838 1709 3897 absur-

119 3959 253 4020 cumquc
280 3938 355 4000 finis
381 3939 540 4018 appetitio,
563 3942 599 3998 ut
620 3937 688 4015 J’am
711 3938 816 4013 docui3
840 3939 894 4000 sed
942 3930 1015 3992 dam
1028 3931 1262 4010 responsionem
1274 3931 1462 3991 merebatur.
1479 3928 1712 4005 Nectaiis,auc·

119 4032 233 4106 ultimi,
249 4032 380 4110 ejusque
402 4031 561 4110 perspicua
588 4029 725 4108 cogniti;
741 4035 777 4089 ut
792 4048 810 4090 a
824 4030 895 4092 bea·
942 4029 1061 4100 torete,
1071 4023 1180 4084 defuit.
1195 4024 1274 4083 Nam
1286 4022 1402 4083 scribis.
1421 4048 1435 4075 ι
1450 4023 1487 4082 In
1501 4026 1620 4101 partem
1634 4022 1713 4082 affir-

121 4125 159 4184 tis
180 4124 363 4203 percipitur.
391 4122 501 4182 Caemri
528 4127 644 4197 autem,
671 4119 779 4182 itidem
801 4127 836 4182 ut
863 4128 895 4184 et
942 4117 1093 4177 mativam
1103 4114 1435 4195 Pseudoperipatcticos
1444 4132 1545 4194 nuper
1555 4113 1709 4190 cecidisse,

122 4233 286 4296 supremus
320 4214 373 4275 ille
397 4213 539 4274 nondum
571 4211 703 4292 periente
739 4214 892 4293 cognitus,
943 4213 974 4270 et
993 4209 1027 4268 in
1051 4225 1088 4269 ea
1107 4226 1139 4268 se
1159 4208 1381 4287 imaginatione
1402 4206 1643 4287 pertinacissime
1656 4208 1710 4269 de·

121 4303 228 4381 libare,
243 4311 276 4367 et
290 4322 330 4364 ex
341 4302 892 4381 electionecaptantur.AtDeiamor,
942 4299 1109 4361 tendere.»
1135 4301 1251 4360 Verum
1273 4305 1441 4379 negantem
1466 4304 1654 4378 anteponere
1666 4305 1710 4377 te,

122 4400 152 4454 et
162 4395 320 4473 appetitus
333 4391 367 4451 in
386 4390 468 4452 felici
481 4390 534 4451 illo
552 4391 714 4452 beatorum
729 4395 820 4467 statu,
842 4409 896 4452 ne·
921 4412 925 4415 ·
942 4393 992 4453 vel
1005 4392 1182 4453 utnitcrem
1196 4392 1241 4452 tui
1256 4392 1407 4453 sermonis
1421 4408 1578 4470 usurpem,
1594 4389 1711 4471 repan-

123 4504 181 4565 que
187 4486 271 4547 liber
279 4490 337 4560 est,
348 4501 451 4562 neque
461 4481 671 4559 laudationem,
682 4483 715 4543 id
726 4489 782 4556 est,
794 4490 893 4545 ἔπαινοι
945 4491 1008 4545 tare
1018 4484 1137 4546 asseris.
1150 4485 1188 4545 Et
1200 4484 1260 4545 hoc
1274 4483 1388 4545 scilicet
1397 4482 1454 4542 tibi
1462 4484 1520 4556 vis,
1536 4501 1601 4543 non
1614 4483 1712 4545 videri

27 4585 66 4635 aa
123 4578 170 4637 uti
191 4596 297 4657 neque
323 4575 500 4637 mercedem
523 4579 670 4635 meretur.
696 4573 758 4634 Sed
776 4592 895 4636 merces
943 4594 1076 4651 necesse,
1094 4581 1129 4636 ut
1142 4594 1214 4637 cum
1233 4577 1388 4649 voluntas,
1412 4574 1634 4637 deliberatione
1659 4578 1712 4637 ha-

5 4642 95 4742 m
124 4669 306 4748 ipaemetest
317 4672 467 4729 anteacta
482 4684 553 4728 cum
564 4666 655 4727 laude
668 4665 750 4727 vitae.
767 4668 894 4729 Frustra
943 4668 1019 4745 bita,
1044 4668 1206 4748 quippiam
1232 4668 1328 4747 eligit,
1356 4666 1420 4727 duo
1447 4685 1512 4746 prae
1538 4685 1570 4728 se
1595 4667 1711 4747 judicia

126 4767 228 4823 auam
241 4760 427 4841 prestigias,
449 4777 485 4819 aa
507 4758 609 4819 fumos
629 4757 758 4819 abducis
776 4765 893 4839 specta-
943 4758 1070 4821 rationis
1096 4760 1219 4832 habeat,
1241 4778 1298 4840 pro
1329 4776 1438 4820 eorum
1465 4777 1607 4833 numero,
1638 4779 1710 4841 quaa

127 4856 226 4914 torum
240 4853 338 4914 oculis
360 4871 399 4913 ex
412 4850 558 4930 ambigua
584 4848 684 4911 landis
705 4851 890 4931 acceptione,
942 4851 1024 4913 inter
1037 4869 1069 4912 se
1096 4852 1266 4931 composita
1280 4856 1379 4921 erant,
1402 4856 1432 4912 et
1454 4869 1590 4931 quorum
1609 4870 1710 4914 unum

128 4942 165 5004 de
175 4963 236 5024 qua
249 4963 345 5024 supra
358 4945 479 5004 monui.
941 4942 1149 5021 antepositum
1168 4949 1214 5004 est
1228 4945 1327 5006 alteri.
1355 4945 1403 5003 Tu
1415 4944 1542 5022 longam
1554 4943 1708 5024 deinceps,

167 5037 302 5100 Nemone
311 5037 408 5118 igitur
421 5035 502 5097 hanc
512 5034 694 5115 opinionem
707 5041 892 5114 extorquere
940 5053 976 5096 ac
988 5034 1104 5097 morosi
1117 5033 1230 5097 fastidii
1241 5036 1366 5118 plenam
1379 5037 1550 5098 orationem
1564 5036 1707 5117 explicas.

165 5274 185 5313 a
201 5256 287 5312 isar.
299 5255 337 5311 ΙΙΙ
348 5251 421 5311 Est.
436 5268 567 5324 cap.r·111.
586 5252 641 5326 Οὒχ
650 5251 744 5326 tactas
757 5250 783 5306 δὲ
797 5250 892 5323 αἱπρά-
942 5249 1019 5323 ἂρχῆς
1030 5250 1102 5325 μέχρι
1117 5250 1203 5312 τέλους
1215 5251 1295 5323 κύριοί
1303 5249 1376 5324 ἔσμεν
1391 5248 1480 5314 εἰδότες
1489 5248 1521 5305 τὰ
1533 5247 1709 5322 xai'traotcr,

130 5337 178 5401 ἱεις
187 5339 285 5395 ἒκώσιοῑ
294 5337 351 5406 εἰσι,
364 5338 406 5393 καὶ
420 5336 445 5390 αἱ
459 5334 527 5400 ἔξεις.
543 5341 593 5392 τῶν
607 5336 650 5409 μὲν
667 5334 715 5409 γὰρ
725 5334 836 5408 πράξεων
849 5332 893 5388 ἀπ’
941 5339 991 5388 τῶι
1006 5331 1079 5394 ἕξεων
1093 5332 1119 5389 δὲ
1129 5337 1173 5402 τῆς
1182 5332 1270 5408 ἀρχῆς,

159 5532 171 5576 ¹
185 5530 392 5590 Ponet-wir.
405 5529 423 5582 Ι,
435 5540 454 5574 ι.
468 5538 529 5574 mu.
