3994 6164
349 333 408 394 tec
835 329 1159 396 Tflsosborcouust
1179 331 1398 395 bocnlrun

349 497 388 558 dc
408 515 605 578 praepropera
616 498 813 561 festinatione
827 500 967 567 Petrum,
983 516 1018 560 ac
1039 498 1113 559 Nes-
1166 498 1222 559 cal.
1238 500 1320 577 Aug.
1344 497 1480 580 episcopi
1497 505 1560 562 tres
1576 497 1617 561 ad
1633 500 1782 561 loannem
1802 488 1906 571 alltsstil

349 589 422 650 torii
433 591 632 653 damnatione
643 591 665 667 ¹,
681 594 781 672 deque
796 590 915 671 cyrilli,
926 610 961 652 ac
974 591 1114 651 Memno·
1165 596 1239 652 sunt
1251 610 1323 653 cum
1335 593 1456 654 notario
1466 590 1489 668 ⁴,
1504 589 1772 654 commonitorium
1782 585 1904 651 fassus

350 682 399 741 nis
418 682 608 763 impotentia.
627 686 709 744 Tum
727 685 814 745 lcctis
826 683 1021 763 imperatoris
1033 682 1117 742 litte·
1166 684 1249 763 quod
1264 693 1417 763 postremo
1430 684 1593 747 citabatur.
1606 682 1670 750 Qui
1682 680 1791 742 trustra
1808 680 1905 738 cuuto

350 773 403 848 ris,
419 792 455 834 ac
473 775 610 854 digresso
632 776 755 848 comite,
780 777 915 837 loannes
931 773 1117 835 sententiam
1166 776 1252 837 aditu
1265 777 1381 838 reversi
1391 782 1475 838 sunt.
1492 776 1638 857 synodus
1651 776 1799 837 loannem
1810 767 1906 846 etepis

349 866 570 944 pronuntiavit,
587 887 649 947 qua
661 869 777 948 Cyrillo
789 872 819 928 et
839 867 997 929 Memnoni
1005 865 1118 945 episco-
1167 886 1260 947 copos
1274 886 1346 930 cum
1355 869 1420 942 illo,
1434 887 1566 931 numero
1573 866 1699 947 triginta
1712 870 1781 936 tres,
1792 877 1907 922 commu-

348 963 439 1035 patus
465 959 630 1038 abrogatus
657 966 713 1037 est,
743 958 856 1038 reliqui
878 976 953 1020 vero
984 955 1118 1038 episcopi
1166 960 1597 1035 nione,etsacerdotaliomni
1610 951 1905 1025 functioncmultaril,

349 1051 569 1113 communione
583 1053 694 1132 privati
716 1052 815 1113 donec
836 1051 1062 1131 resipiscerent,
1087 1053 1119 1111 et
1167 1058 1199 1113 et
1213 1051 1299 1113 irrita
1323 1054 1430 1117 omnia
1452 1070 1517 1115 essc
1537 1051 1684 1125 decrevit,
1705 1066 1772 1128 qrue
1784 1045 1907 1107 aduersus

350 1142 457 1221 Cyrilli
468 1145 604 1224 capitula
617 1145 812 1206 damnarent.
827 1143 975 1205 Omnibus
990 1144 1022 1203 in
1036 1158 1119 1202 com·
1169 1143 1574 1224 cyrillum,ctllemnonem
1583 1144 1623 1205 ab
1632 1138 1905 1220 illisgestafueraut.

349 1252 445 1297 mune
467 1237 650 1298 damnandis
673 1255 765 1298 cerusa
790 1237 856 1297 haec
881 1236 1028 1312 iuscripta
1046 1233 1117 1310 tuit,
1169 1237 1261 1299 Acde
1274 1237 1421 1299 omnibus
1433 1238 1551 1300 litteras
1563 1234 1686 1316 scripsit
1704 1233 1744 1294 ad
1766 1231 1907 1309 imperato·

349 1326 433 1404 quod
456 1334 564 1389 contra
589 1330 772 1390 mandatum
796 1327 1002 1408 imperatoris,
1031 1330 1118 1386 aute·
1168 1346 1247 1401 rem,
1261 1335 1293 1391 et
1306 1330 1346 1390 ad
1364 1329 1565 1392 Caelestinum
1583 1328 1710 1407 Papam.
1734 1323 1789 1385 cui
1802 1320 1907 1401 quidem

349 1437 444 1498 quam
471 1439 580 1483 omnes
606 1420 645 1482 ab
673 1421 727 1482 illo
755 1422 857 1486 uocati
881 1420 921 1480 ad
950 1418 1119 1479 concilium
1169 1419 1377 1501 significantl,
1392 1421 1479 1484 lectis
1492 1413 1908 1501 sesynodalibusactiscoutra

349 1511 556 1587 advenissent,
582 1531 638 1593 per
662 1513 845 1587 tumultum,
874 1531 910 1573 ac
936 1510 1118 1573 seditionem
1169 1513 1359 1592 Pelagianos,
1375 1520 1407 1576 et
1422 1513 1632 1588 Coelcstianos,
1650 1516 1764 1573 carata
1777 1506 1905 1568 habuisse.

349 1610 459 1665 cuncta
483 1606 655 1684 gessissent.
686 1605 820 1685 (tyrillus
838 1624 912 1666 vero
932 1601 1118 1665 nominatim
1168 1607 1214 1667 Er
1237 1624 1298 1685 quo
1327 1613 1456 1681 constat,
1482 1605 1680 1685 Pelagianam
1713 1598 1854 1675 haeresim,
1882 1595 1907 1657 in

349 1695 389 1757 ob
404 1697 548 1776 capitula,
561 1696 1116 1770 siverlnathematismosnotatusest,
1168 1698 1288 1760 actione
1316 1699 1375 1760 ista
1401 1699 1639 1760 mndemnatam
1662 1695 1755 1757 fuisse
1775 1709 1839 1754 cum
1853 1707 1908 1750 auc

349 1786 380 1848 in
397 1790 510 1868 quibus
525 1790 720 1869 Apollinaris,
737 1796 767 1852 et
781 1788 937 1862 Eunomii,
948 1793 1041 1867 atquc
1051 1785 1118 1847 Arii
1168 1790 1300 1866 toribus,
1321 1810 1357 1853 ac·
1374 1788 1659 1872 propugnatoribus
1672 1787 1745 1850 suis.
1770 1787 1810 1848 De
1821 1799 1908 1864 querc

348 1879 466 1942 nefaria
490 1882 634 1961 dogmata
656 1882 797 1961 vulgasse
817 1880 982 1942 ferebatur.
1008 1880 1119 1939 Errem-
1169 1884 1307 1963 synodus
1333 1902 1467 1947 canones
1489 1883 1569 1946 duos
1596 1882 1705 1959 edidit,
1732 1878 1909 1960 primumet

348 1971 436 2052 plum
446 1975 606 2035 sententiae
618 1974 745 2035 illiusad
755 1973 911 2054 synodum
923 1972 1050 2033 missum
1058 1975 1115 2046 est,
1169 1982 1326 2055 quartum.

349 2064 450 2144 deque
462 2066 728 2128 omnibuslitteroe
742 2066 782 2127 ad
794 2066 1008 2145 imperatores,
1027 2062 1117 2124 alios·
1209 2070 1339 2131 Interim
1351 2067 1521 2133 onentues
1538 2065 1725 2130 schismatici
1737 2081 1805 2127 cum
1824 2062 1909 2124 Nau
1929 2060 1970 2155 ἓξ

350 2175 411 2236 que
423 2156 521 2219 factae.
1169 2157 1265 2219 rianis
1278 2159 1355 2221 nihil
1370 2176 1434 2219 non
1441 2158 1703 2219 machinabantur
1714 2153 1908 2234 adopprimeu·
1936 2166 1970 2212 nr

180 2251 325 2301 lavanianu-
393 2249 463 2310 Post
472 2250 538 2311 hoec
550 2268 621 2312 curn
631 2250 723 2330 legati
735 2248 893 2312 Caelestini
903 2247 1035 2310 Romani
1044 2264 1120 2327 pon·
1169 2250 1243 2312 dam
1259 2251 1442 2313 catholicam
1460 2249 1628 2331 synodum,
1647 2254 1678 2310 et
1690 2252 1756 2309 acta
1766 2245 1824 2324 ejru
1835 2240 1907 2303 oblit-
1944 2228 1970 2264 ¹¹

215 2309 293 2416 aiii.
352 2340 454 2417 tifiois,
469 2343 624 2421 Ephesum
638 2343 804 2414 venissent,
829 2341 977 2403 Arcadius
990 2345 1021 2401 et
1041 2340 1119 2400 Pro·
1170 2332 1907 2424 terendaQuippeiictisadversusillamcslumuiis,

199 2414 310 2521 &imm
349 2433 450 2511 jcctus
462 2435 596 2515 episcopi
610 2434 634 2503 ¹,
650 2440 681 2495 et
694 2435 852 2515 Philippus
865 2433 1037 2513 presbyter,
1048 2449 1121 2493 cum
1170 2453 1206 2496 ac
1215 2436 1394 2511 mendaciis,
1410 2453 1500 2497 aures
1511 2434 1748 2515 imperatorum,
1772 2448 1805 2491 ac
1815 2424 1907 2507 priuci-

195 2519 309 2617 dffffi
355 2523 512 2585 Coelestiui
537 2526 661 2600 litteris,
696 2544 830 2605 quarum
854 2525 1013 2586 nonnulle
1041 2525 1120 2585 data
1171 2545 1248 2607 pum
1273 2527 1491 2607 impleverunt,
1506 2534 1668 2589 strenuam
1682 2524 1790 2587 adhoc
1804 2532 1908 2598 operam

182 2627 330 2671 astruatur
353 2616 500 2695 leguntur
513 2617 633 2678 eidibus
646 2617 734 2678 Maiis
754 2616 778 2690 ⁸,
802 2617 881 2678 actio
894 2616 1029 2677 secunda
1041 2616 1120 2676 cele·
1171 2620 1357 2682 navantibus
1371 2620 1574 2695 Candidiano,
1583 2628 1617 2681 et
1630 2621 1748 2680 Irenaeo
1760 2610 1906 2677 comitibus·

354 2708 443 2770 brata
452 2715 507 2784 est,
523 2716 609 2772 serto
624 2710 713 2770 eidus
722 2709 831 2782 Julias,
840 2709 874 2769 iu
883 2708 1040 2787 qualectae
1049 2714 1122 2769 sunt
1173 2712 1233 2780 Qui
1247 2711 1312 2774 vias
1325 2731 1483 2786 omnes,ac
1496 2714 1599 2791 potius
1615 2720 1647 2773 ct
1659 2709 1777 2788 navigia
1790 2707 1820 2766 iu
1830 2707 1909 2784 puta

354 2800 464 2864 litterae
487 2803 547 2863 illae
575 2803 712 2883 primum
732 2802 849 2877 Latine,
876 2801 987 2862 deinde
1003 2802 1120 2863 Gracc.
1171 2811 1233 2867 tate
1247 2806 1406 2881 habentes,
1419 2805 1527 2866 scdulo
1538 2804 1569 2866 id
1576 2808 1720 2884 egerunt,
1727 2819 1765 2862 ne
1774 2796 1840 2878 quid
1848 2794 1910 2855 lille

355 2895 464 2956 Postea
486 2895 579 2971 legati
598 2895 805 2974 postularunt,
828 2893 1051 2955 communicari
1064 2892 1122 2954 sibi
1172 2894 1908 2977 rarumabOEcumenicasynodoauimpcntorcm

354 2993 420 3048 acta
450 2987 610 3066 synodalia
625 2985 843 3059 damnationis,
868 3005 904 3048 ac
923 2985 1123 3065 depositionis
1173 2992 1360 3070 perveniret,
1390 3007 1556 3070 quorem,
1586 2996 1623 3050 ut
1648 2992 1731 3068 gesta
1754 2988 1823 3059 mat,
1844 2983 1909 3042 cene

355 3079 497 3139 Nestorii·
516 3077 636 3145 Quibus
650 3079 747 3155 leetiS,
1173 3087 1380 3162 cognosceret,
1408 3098 1481 3143 curn
1508 3080 1637 3141 iuterim
1663 3078 1717 3140 soli
1736 3071 1909 3138 Orientalium

394 3171 522 3232 Aedone
535 3170 636 3242 tertia,
652 3171 762 3249 quinto
785 3169 994 3241 eiduslulias,
1009 3187 1122 3248 rugan·
1173 3173 1400 3252 commentarii,
1424 3179 1456 3235 et
1481 3172 1620 3254 epistolae
1643 3161 1909 3244 Constantinopolim

354 3264 439 3326 tibus
465 3263 583 3340 legatis,
611 3281 718 3324 rursus
743 3263 917 3324 lactarunt
940 3263 1049 3324 eadem
1070 3263 1123 3325 illa
1172 3268 1394 3347 perferrentur.

340 3356 543 3436 ,synodiacta
556 3362 662 3417 contra
675 3355 864 3432 Nestorium,
879 3361 910 3416 et
922 3355 962 3416 ab
972 3355 1032 3417 illis
1051 3375 1122 3436 pro·
1214 3360 1279 3420 Vll.
1292 3360 1338 3420 Ex
1351 3377 1414 3439 quo
1429 3358 1547 3420 factum
1568 3362 1627 3435 est,
1643 3361 1679 3418 ut
1688 3344 1910 3434 mansorius

354 3449 437 3516 bata,
469 3454 562 3528 atque
595 3448 773 3527 subscripta.
808 3447 932 3509 Primus
963 3449 1122 3528 Philippus
1174 3451 1439 3514 schismaticorum
1450 3450 1600 3513 relatione
1616 3444 1768 3521 delususl,
1782 3443 1818 3505 ad
1829 3439 1910 3519 Ephe·

355 3542 587 3602 commentariis
612 3541 678 3602 istis
706 3540 906 3620 subscripsit:
933 3545 1003 3602 tum
1027 3543 1120 3604 Arca·
1173 3544 1273 3605 sinam
1284 3550 1440 3625 synodum
1450 3561 1507 3624 per
1519 3543 1691 3604 Palladium
1703 3533 1910 3618 Magistrianum

354 3633 425 3694 dius
440 3631 463 3709 ⁸,
480 3638 511 3692 et
523 3632 691 3711 Projectus.
708 3633 754 3692 De
767 3650 829 3710 quo
838 3631 969 3693 subinde
983 3635 1121 3713 synodus
1174 3637 1337 3717 scripserit,
1356 3636 1472 3715 jubens
1494 3634 1580 3696 irrita
1599 3652 1678 3711 esse,
1700 3649 1768 3713 qun
1784 3628 1909 3689 lacerus

354 3725 394 3785 ad
408 3723 628 3803 imperatorem
642 3723 772 3802 scripsit,
784 3741 896 3802 easque
909 3724 1122 3806 litterasEuty·
1173 3733 1258 3806 gesta
1282 3728 1416 3805 fuerant,
1440 3746 1477 3789 ac
1499 3727 1538 3788 de
1558 3726 1681 3807 integro
1700 3723 1859 3802 legitimum
1879 3711 1909 3771 dt

245 3852 247 3855 ν
354 3816 426 3877 circs
439 3815 588 3876 diaconus
602 3814 723 3890 detulit,
741 3814 767 3875 is
781 3815 834 3893 qui
851 3815 1004 3895 posteain
1026 3816 1123 3879 hare·
1173 3820 1318 3881 omnihus
1327 3820 1480 3899 judicium
1492 3820 1625 3881 institui.
1642 3820 1716 3894 Qua
1728 3811 1843 3896 epistola
1853 3807 1910 3956 dags

371 3909 378 3921 '
445 3952 451 3966 .
588 3953 595 3967 .
1642 3913 1648 3926 ·
1726 3909 1732 3922 ·
1840 3899 1907 3959 il.

209 4019 305 4066 raa...
354 3908 594 4061 miiitiitiiisc
608 3999 719 4060 uernae
733 3996 875 4079 pians,
906 4002 942 4060 rr
956 3999 1014 4060 ar.
1039 4002 1120 4079 sug.
1172 3906 1909 4084 ffliiffiiiiffldfsslff'effiininina-

182 4073 330 4173 ῃῇξῑΙὲἧξῖζι,
354 4091 418 4153 siue
432 4091 508 4154 Julii
520 4094 571 4167 Pb,
588 4091 723 4170 cyrillus
734 4099 765 4154 et
778 4093 958 4153 Memnona
975 4093 1121 4155 concilia·
1172 4095 1259 4158 dium
1280 4096 1504 4177 rescripserunt
1513 4095 1536 4171 ⁸,
1557 4095 1605 4157 rei
1624 4103 1718 4176 gesta
1737 4089 1863 4153 ordinem
1878 4093 1908 4140 ex

218 4193 294 4290 „³22⁰
354 4183 428 4244 bulo
441 4182 980 4257 Orientaliuminordincmredacti,
1001 4184 1122 4248 libellos
1171 4190 1302 4251 veriats
1330 4194 1510 4264 sanantes,
1539 4206 1575 4249 ac
1599 4187 1639 4249 de
1670 4173 1909 4250 Candidiana

195 4286 310 4334 sarain.
354 4277 535 4338 obtuderunt
548 4276 667 4356 synodo
685 4277 832 4337 adversus
844 4277 998 4339 loannem
1011 4277 1121 4338 Antio-
1171 4266 1908 4362 uenasquerentcs,aqutbusmu1uerindiru

354 4369 500 4446 rhenum,
520 4375 666 4448 rogantes
684 4373 720 4428 ut
744 4368 794 4429 ille
808 4368 954 4429 citaretur
972 4369 1012 4430 ad
1029 4370 1123 4431 ratio·
1170 4379 1360 4453 paterentur.
1387 4373 1448 4435 Sed
1469 4390 1534 4435 non
1558 4371 1710 4450 majoratu
1731 4368 1763 4428 in
1784 4355 1906 4427 Pulltffib

354 4479 425 4522 nem
437 4461 510 4523 iacti
523 4461 572 4522 sui
580 4478 687 4521 coram
696 4462 815 4540 synodo
828 4461 1120 4524 reddendamblissi
1170 4484 1264 4546 quem
1273 4466 1307 4527 in
1318 4464 1481 4528 comitibus
1491 4463 1614 4526 duobus
1625 4462 1719 4524 fidem
1732 4451 1839 4537 experti
1851 4448 1909 4510 sunt

354 4569 427 4628 ergo
440 4552 546 4628 semel,
567 4552 744 4632 iterumque
763 4553 845 4613 terni
858 4553 993 4634 episcopi
1001 4572 1120 4616 renun·
1170 4559 1286 4619 Patres.
1302 4558 1426 4620 Etenim
1446 4556 1565 4618 litteras
1579 4554 1705 4634 quidem
1717 4538 1906 4641 illcabcctltc

353 4645 472 4705 tiarunt
493 4663 525 4704 se
543 4644 583 4704 ad
604 4645 732 4706 loannis
750 4644 955 4706 diversorium
981 4648 1099 4709 venisse
1108 4667 1118 4725 ;
1169 4649 1357 4729 licasynodo
1371 4649 1409 4711 ad
1426 4632 1906 4728 imperatoremfsrandasacccptlt

354 4736 781 4815 necintroductoscsse,quod
790 4755 847 4816 pro
856 4736 973 4799 foribus
982 4739 1121 4820 dispositi
1169 4759 1283 4821 easque
1294 4741 1408 4823 raptim
1415 4745 1566 4816 exaratas,
1577 4757 1636 4801 nec
1644 4737 1716 4800 satis
1728 4735 1839 4814 plenus
1851 4734 1908 4785 lum

353 4827 466 4888 milites
478 4826 565 4887 aditu
578 4826 786 4905 prohiberent.
801 4830 842 4889 Ac
854 4828 982 4891 demum
996 4830 1120 4893 clericos
1169 4833 1355 4914 properandi
1367 4832 1580 4895 necessitatem
1593 4835 1743 4901 causatus,
1759 4841 1797 4886 ne
1807 4820 1907 4880 unum

353 4920 503 4999 quosdam
516 4935 699 4997 responsum
713 4919 773 4978 hoc
783 4920 968 4982 attulisseab
982 4923 1116 4985 Joanue:
1169 4926 1297 5006 quidem
1314 4926 1405 5006 spatii
1423 4925 1566 5001 dedisset,
1583 4930 1619 4985 ut
1637 4938 1743 4985 omnes
1759 4904 1906 4979 subscribe

352 5011 431 5072 nibil
443 5010 502 5071 sibi
512 5027 677 5071 commune
690 5009 833 5091 deinceps
842 5011 908 5074 iore
917 5029 989 5074 cum
997 5031 1119 5076 ercom-
1168 5023 1250 5079 rent.
1262 5018 1412 5086 Quocirca
1423 5036 1499 5093 non,
1515 5022 1551 5078 ut
1563 5016 1690 5096 quidam
1700 5001 1828 5073 arbitrati
1837 4998 1904 5099 sulti

351 5102 526 5174 muniatis,
542 5100 743 5182 aedeposit's·
1169 5110 1323 5173 Putamus
1336 5108 1613 5191 synodamillcm
1623 5104 1834 5170 annuarum
1844 5101 1906 5169 eps

392 5199 510 5258 Iterum
519 5194 638 5257 actione
653 5211 685 5273 v,
700 5195 895 5276 congregatis
909 5196 1050 5263 Patribus
1076 5203 1115 5261 tt
1169 5201 1266 5263 tolam
1279 5202 1509 5266 terendamnon
1518 5200 1723 5282 sempiternos
1734 5181 1906 5275 spanniis

350 5492 362 5532 ⁸
376 5424 458 5532 hbet?
466 5420 613 5531 l(licrrclglstlssul.
624 5420 737 5530 ignyipm
745 5424 797 5481 Syn.
810 5422 925 5468 llbsrstus
936 5434 984 5479 esp.
999 5424 1084 5471 ris-2
1096 5425 1161 5472 Coro
1174 5423 1229 5484 spu.
1240 5428 1291 5473 Act.
1304 5425 1469 5474 u-srs-r
1479 5427 1546 5473 (οπο.
1558 5423 1659 5485 Epa-t
1672 5420 1702 5470 u.
1714 5423 1735 5467 st
1747 5415 1835 5465 illuct·
1846 5416 1872 5450 Ἰ·
1882 5419 1904 5436 ·
