4136 6178
303 307 345 368 tt
813 303 1143 369 inmmeteotwtt
1163 305 1381 370 DOGMATUR

302 471 429 548 reterre,
453 488 536 551 que⁴
542 469 797 551 justificationem
823 469 1021 543 antecedunt,
1041 474 1073 529 et
1120 470 1256 548 granula
1269 470 1809 551 adspirantisopegratieprorenit,
1826 471 1889 551 ples

303 581 377 624 eum
394 563 512 642 pecemi
525 568 605 624 statu
619 562 801 623 eomistuut.
816 562 986 622 Posteriori
997 578 1072 622 vero
1122 568 1241 623 casurae
1252 563 1407 625 motiones
1419 563 1574 638 eduntur,
1586 562 1670 624 illias
1689 562 1801 623 merito
1813 579 1890 622 ocu·

304 655 443 735 ejusdem
465 655 573 733 gretie
592 654 773 734 ιιιιιιιιιιι
793 659 905 715 caetera
920 653 1068 728 tribuere,
1122 670 1231 728 cesse,
1255 657 1292 714 ut
1313 655 1426 734 sepius
1450 653 1584 716 inculcat
1606 654 1813 730 Augudinus:
1833 652 1890 732 qul

304 747 419 828 quibus
431 746 526 807 homo
540 747 603 809 Deo
616 746 840 822 reconciliatum,
854 750 1028 820 aemam,
1040 750 1072 806 et
1123 744 1185 807 fide
1206 746 1250 806 ait
1263 746 1377 807 mereri
1393 763 1452 807 nos
1469 745 1604 826 reliqua,
1619 745 1735 824 quium
1746 746 1786 806 ad
1795 744 1890 823 justi-

305 837 459 901 mandatis
478 835 637 900 servandis
659 842 972 918 operatamexerccre
991 836 1071 896 cari·
1124 838 1201 898 tiam
1213 837 1438 917 provehimur.
1464 842 1595 898 utente
1621 837 1697 912 dixi,
1723 837 1891 897 etiterum

305 936 402 993 tatem
414 928 533 1010 incipit,
553 934 586 991 et
607 927 797 1009 quotidianis
813 928 1016 990 incrementis
1033 927 1073 988 ad
1125 928 1219 1006 paulo
1234 933 1303 1007 post
1314 935 1465 1008 repetam.
1480 930 1563 1002 Qum
1575 929 1704 1008 quidem
1724 928 1892 988 voluntatis

307 1022 598 1102 mejcraprofieere.
1125 1021 1333 1098 permotiones
1346 1021 1526 1081 Tridentino
1538 1020 1678 1099 synodus
1690 1021 1733 1080 ita
1745 1018 1890 1098 pertexit:

308 1201 1074 1287 n,
1129 1112 1525 1193 ,n
1627 1111 1893 1265 artene

308 1305 341 1360 et
352 1297 486 1377 gratuita
498 1296 551 1359 Dei
564 1296 746 1358 liberalitate
759 1295 792 1355 in
805 1293 896 1356 nohis
908 1294 974 1355 sine
986 1293 1077 1355 nohis
1125 1295 1259 1373 tiuntur,
1270 1297 1309 1357 ed
1318 1296 1574 1358 mmmmmdam
1586 1294 1641 1356 Dei
1649 1294 1894 1356 misericordiam

308 1391 455 1453 efficitur:
468 1393 500 1449 et
512 1389 547 1450 in
559 1393 751 1467 sequentem,
759 1406 830 1466 quae
839 1386 923 1447 illius
935 1386 1030 1461 hono,
1046 1389 1078 1447 et
1127 1404 1161 1448 se
1173 1387 1391 1461 convertendo,
1414 1388 1447 1449 in
1460 1406 1547 1467 spem
1569 1387 1744 1466 eriguntur,
1765 1386 1895 1447 fidentes

309 1480 727 1560 voluntariousu,tenquam
736 1479 1076 1556 merito,o0mparatur.
1127 1479 1231 1541 Deum
1243 1478 1304 1539 sibi
1316 1484 1444 1559 propter
1456 1479 1616 1540 Christum
1628 1478 1799 1558 propitium
1811 1478 1893 1551 fore;

311 1574 435 1635 Etenim
457 1572 510 1652 qui
536 1590 556 1632 e
577 1576 702 1652 peccato
729 1570 766 1632 ad
790 1569 942 1649 justitiam
955 1585 1081 1629 eonver-
1127 1569 1437 1650 illumquetauquam
1450 1571 1689 1649 omniajustitite
1702 1569 1898 1630 iontemdili·

311 1666 400 1743 titru,
414 1665 553 1745 primum
565 1662 712 1723 divinitus
725 1662 901 1724 illuminate
914 1665 1029 1733 mente,
1049 1664 1081 1721 et
1128 1660 1899 1743 gereincipiunt3eaproptereamorenturadversus

311 1757 351 1818 ad
365 1755 554 1818 eredendum
568 1754 702 1835 impulse
721 1755 881 1816 voluntate
903 1753 998 1815 fidem
1010 1770 1082 1813 oon·
1129 1759 1254 1833 peccata
1265 1755 1436 1833 perediam
1449 1754 1585 1833 aliquod,
1601 1772 1638 1814 ae
1649 1753 1896 1828 detestationem,

311 1849 406 1930 cipit:
434 1853 527 1928 atque
552 1847 595 1907 ita
621 1847 816 1925 sempiterne
843 1863 956 1925 poenae,
984 1861 1081 1923 quam
1129 1845 1190 1907 hoe
1211 1852 1267 1921 est,
1289 1865 1345 1925 per
1364 1864 1434 1907 eam
1459 1846 1684 1927 paenitentiam,
1712 1861 1807 1924 φιαιι
1825 1850 1898 1906 autc

311 1940 477 2021 peceatisa
498 1941 562 2001 Deo
584 1939 784 2001 nonantulam
797 1956 862 1999 esse
880 1937 979 2012 scivit,
994 1941 1082 1999 metu
1131 1937 1323 2016 Baptismum
1349 1939 1400 2016 agi
1419 1944 1553 2018 oportet.
1578 1939 1717 2017 Denique
1730 1937 1807 1998 dum
1820 1954 1898 2017 pro·

311 2032 512 2114 perterritus,
547 2035 601 2091 aut
632 2030 785 2092 felicitatis
817 2029 926 2091 itidem
957 2034 1081 2089 aeterne
1130 2030 1900 2110 ponuntsuscipereBaptismam,iuchoerenovem

310 2124 471 2206 potiundae
485 2141 559 2203 spe,
573 2141 609 2184 ec
621 2122 774 2185 desiderio
792 2139 965 2195 succensus,
981 2137 1082 2182 emer·
1131 2120 1243 2196 ιιιιιι,
1263 2127 1295 2181 et
1320 2139 1443 2182 servare
1470 2121 1575 2181 divina
1594 2121 1783 2186 mandata.»
1800 2120 1901 2199 Igitur

310 2234 386 2295 gere
409 2233 448 2276 ex
473 2215 598 2290 misero,
624 2213 807 2293 perditoque
821 2217 917 2290 statu,
933 2217 964 2272 et
975 2210 1083 2273 lethali
1131 2219 1201 2292 post
1218 2213 1353 2292 primm
1373 2213 1459 2273 illam
1473 2212 1668 2275 ellectionem
1691 2213 1811 2291 ςιιιιιι,
1837 2230 1900 2292 qua

312 2308 352 2369 ab
368 2305 480 2368 morbo
499 2306 634 2368 recreari
660 2318 774 2385 cupere
795 2304 916 2384 incipit.
942 2304 1017 2367 Haec
1038 2305 1084 2362 est
1131 2304 1275 2365 voluntas
1300 2304 1341 2365 ad
1366 2304 1557 2366 credendum
1570 2303 1757 2384 impellitur,
1772 2304 1900 2383 ejusque

311 2399 416 2481 prima
428 2397 573 2460 illecebra
595 2397 709 2461 divinae
731 2395 888 2471 materia,
912 2401 943 2456 et
961 2393 1082 2456 miseri-
1132 2396 1175 2476 pii
1199 2395 1327 2457 affectus
1351 2397 1476 2469 merito,
1503 2396 1608 2457 ιιιιιιι
1629 2395 1664 2456 in
1690 2396 1901 2475 peccatoribus

312 2491 439 2567 cordiae,
461 2509 498 2552 ec
521 2490 614 2551 bouae
640 2487 808 2549 voluntatis
829 2486 973 2565 initium,
1000 2486 1084 2566 quod
1132 2486 1244 2550 divine
1264 2489 1395 2569 justitior
1422 2488 1525 2565 timor,
1563 2506 1622 2568 qao
1651 2488 1771 2549 utiliter
1795 2506 1899 2549 conca

313 2583 400 2645 nullo
410 2587 515 2647 nostro
525 2582 649 2656 merito,
659 2580 975 2661 improvisis,ecsaepe
984 2578 1084 2641 relue·
1133 2580 1270 2641 liuntur:
1282 2580 1394 2641 deinde
1406 2598 1475 2659 spes
1489 2585 1521 2640 et
1533 2579 1648 2641 fiducia
1660 2580 1699 2639 de
1712 2579 1767 2640 llei
1779 2569 1900 2640 miseri·

311 2674 460 2748 tentibus,
475 2680 507 2736 et
519 2674 622 2736 adhuc
633 2671 765 2735 recentis
778 2670 888 2751 flagitii
900 2671 970 2733 labe
984 2671 1083 2732 calen-
1133 2671 1250 2746 cordia,
1265 2672 1448 2750 mariusque
1462 2676 1611 2750 concepta
1630 2670 1743 2731 Christi
1758 2671 1882 2731 Domini
1890 2690 1898 2747 ;

311 2766 395 2827 tibus
410 2766 500 2826 uobis
513 2764 663 2844 injicitur.
684 2764 740 2825 Cui
753 2763 779 2823 si
793 2763 902 2827 eadem
912 2762 1084 2842 opitulante
1132 2761 1674 2842 tuminitiumquoddamdilectionis
1680 2763 1901 2844 llei,tenquam

313 2859 414 2937 gretia
425 2857 637 2921 obsecundare
657 2855 832 2935 pergimus,
847 2855 992 2935 deinceps
1015 2872 1082 2917 rno-
1133 2855 1269 2916 auctoris
1289 2853 1429 2932 Justitiae.
1456 2855 1528 2914 Post
1550 2853 1658 2914 odium
1683 2871 1719 2914 ac
1742 2854 1901 2915 dementia

312 2951 413 3011 tiones
426 2949 524 3011 enimi
537 2947 667 3028 reliqum
677 2950 922 3027 consequuntur,
932 2945 1085 3007 nonnullo
1134 2946 1260 3025 pernati,
1271 2951 1302 3006 et
1314 2946 1504 3025 penitentiae
1516 2946 1624 3022 motio,
1637 2945 1809 3024 cuiusmodi
1823 2947 1901 3025 Bep-

313 3041 375 3121 piae
389 3039 559 3101 voluntatis
567 3043 665 3118 parter
675 3037 799 3115 merito,
812 3037 926 3117 quibus
934 3037 1087 3101 obdurate
1133 3037 1347 3117 tismoprreire
1371 3037 1475 3099 debet.
1506 3038 1663 3099 Postremo
1677 3038 1826 3116 Baptismi
1848 3056 1901 3097 ca-

315 3131 540 3193 eonsuetudine
554 3129 718 3203 scelerum,
733 3133 765 3189 et
777 3128 947 3209 pervicacia
963 3133 1087 3208 pectma
1135 3129 1277 3209 pesserffl
1289 3128 1451 3203 voluntas3
1466 3134 1498 3190 et
1507 3146 1597 3190 nove
1609 3129 1809 3193 instituendae
1817 3130 1900 3204 vite,

314 3221 467 3305 paulatim
480 3220 624 3296 emolliri,
648 3220 787 3299 fingique
809 3220 849 3281 ad
868 3219 1086 3300 capessendam
1135 3238 1172 3280 ac
1180 3220 1292 3281 divine
1305 3220 1465 3282 servandae
1478 3220 1555 3299 legia
1567 3226 1698 3295 certum,
1715 3219 1903 3300 firmumque

311 3312 466 3395 justitiam
480 3312 594 3375 solent
1135 3311 1311 3371 consilium.

169 3421 278 3477 uuum,
356 3406 416 3469 III.
446 3403 632 3485 llujusmodi
658 3402 860 3484 impulsiones
890 3401 1083 3478 animorum,
1176 3404 1229 3463 IV.
1252 3404 1312 3463 Tot
1330 3402 1429 3463 enirm
1449 3402 1677 3482 voluntatisque
1700 3402 1902 3481 motionibus,

146 3486 293 3573 neppam·
317 3514 388 3578 quse
399 3496 527 3559 orientis
535 3495 624 3557 1n1t1a
632 3495 740 3574 graue
749 3500 993 3574 consequuntur,
1008 3499 1039 3556 et
1048 3511 1087 3556 cx
1136 3512 1206 3572 quae
1225 3494 1481 3572 justificationem
1505 3494 1701 3568 antecedunt,
1718 3495 1757 3555 ad
1779 3494 1904 3573 plenam

146 3583 293 3694 ,ffibssffm
317 3588 537 3671 qualicumque
562 3586 675 3649 merito
689 3586 839 3666 pendent,
854 3586 1087 3649 continuatione
1136 3586 1364 3665 perfectamque
1390 3604 1463 3646 oum
1487 3588 1549 3647 Deo
1577 3586 1707 3660 gratiam
1733 3586 1904 3647 ineundam

316 3680 463 3786 quadem,
479 3678 608 3741 eeserie
630 3677 727 3739 nectit
748 3678 930 3739 tridentina
949 3678 1087 3757 synodus
1136 3677 1289 3781 peccatori
1311 3676 1412 3738 aditus
1433 3676 1582 3756 aperitin.
1602 3677 1762 3756 Siquidem
1774 3683 1840 3738 tota
1852 3677 1905 3738 rlla

317 3772 451 3836 sessione
476 3775 574 3843 sexta,
603 3768 704 3850 capite
731 3773 827 3831 sexto.
855 3769 974 3843 Quoia
987 3769 1086 3848 eapite
1137 3769 1229 3829 series
1243 3768 1367 3850 piorum
1377 3768 1545 3833 affectuum
1557 3769 1701 3833 nondum
1713 3768 1905 3849 hebetiusti-

316 3864 416 3936 docet,
431 3860 696 3944 quemadmodum
722 3865 794 3921 aute
814 3860 1084 3939 justificationem,
1136 3860 1189 3920 tiae
1204 3858 1357 3937 fruetum;
1379 3860 1433 3920 sed
1446 3861 1485 3921 ad
1500 3878 1573 3925 eum
1586 3860 1771 3941 capiendum
1781 3878 1904 3943 prapa-

316 3956 401 4017 etad
414 3955 496 4018 hene
508 3953 684 4028 excitante,
702 3968 739 4011 ec
756 3951 886 4029 juvente
911 3952 966 4013 Dei
987 3952 1087 4029 qratia
1136 3951 1217 4015 ratio
1249 3951 1393 4031 quaedam
1426 3957 1491 4029 est,
1522 3957 1559 4014 ut
1587 3952 1763 4015 Tridentini
1802 3953 1906 4015 Patres

316 4045 450 4125 disponi,
465 4043 695 4125 praepararique
708 4042 985 4117 solenthominea3
1002 4044 1087 4122 quod
1136 4042 1319 4123 loquuntur,
1350 4062 1386 4107 ac
1414 4041 1578 4125 dispositio.
1609 4043 1660 4107 Sic
1686 4043 1771 4107 enim
1803 4044 1905 4123 eapite

318 4138 356 4198 iis
376 4137 480 4199 verbis
503 4135 654 4215 explieat:
675 4133 1088 4213 «Disponunturautemcd
1136 4136 1277 4215 sequenti
1305 4137 1414 4199 eadem
1437 4135 1575 4217 synodus
1606 4135 1757 4218 explicere
1781 4136 1902 4215 pergit:

317 4225 600 4308 ipsamjustitiam,
616 4224 694 4286 dum
714 4223 836 4285 excitati
851 4224 957 4287 divina
975 4227 1085 4305 gretia,
1140 4249 1156 4285 a
1179 4227 1266 4290 lianc
1288 4226 1555 4307 dispositionem¹,
1574 4244 1626 4291 seu
1649 4228 1904 4306 praeparationem

317 4325 349 4382 et
361 4320 470 4399 adjuti,
483 4318 577 4381 fidem
591 4334 630 4379 ex
641 4315 750 4378 auditu
759 4316 977 4396 concipientes,
991 4317 1087 4379 libere
1132 4317 1310 4397 justificatio
1321 4318 1386 4398 ipsa
1394 4319 1605 4400 mnsequitur:
1624 4336 1694 4402 quae
1707 4336 1773 4380 non
1786 4319 1904 4381 estaola

317 4417 483 4474 moventur
497 4411 531 4473 in
546 4411 654 4485 Deum,
669 4407 828 4471 eredentes
840 4425 914 4469 aera
923 4425 1000 4486 esse,
1016 4427 1087 4488 qum
1136 4415 1333 4492 peccatorum
1346 4410 1503 4483 remuno,
1519 4410 1573 4473 aed
1591 4415 1622 4473 et
1634 4409 1850 4485 sanctificatio,
1872 4414 1905 4470 et

317 4503 467 4567 divinitus
480 4500 626 4575 revelata,
650 4504 681 4561 et
695 4499 846 4579 promisse
873 4505 963 4563 sunt:
992 4504 1087 4580 etque
1135 4502 1296 4565 renovatio
1329 4501 1487 4565 interioris
1520 4501 1671 4579 hominis,
1704 4519 1760 4583 per
1787 4501 1903 4563 volun·

317 4593 395 4658 illud
409 4592 582 4672 imprimis,
598 4610 617 4653 a
635 4592 698 4652 Deo
712 4590 874 4670 justificari
886 4593 1017 4670 impium
1032 4611 1088 4673 per
1135 4593 1247 4652 tariem
1274 4593 1501 4670 susceptionem
1528 4592 1646 4670 gratie,
1675 4598 1707 4659 et
1726 4592 1901 4667 donorum;

316 4686 451 4765 gratiam
462 4684 540 4763 ejus,
556 4700 612 4763 per
627 4682 895 4761 redemptionem,
908 4701 980 4762 quae
994 4688 1040 4745 est
1052 4684 1087 4745 in
1135 4683 1219 4744 unde
1232 4685 1326 4743 homo
1339 4701 1377 4743 er
1395 4683 1510 4762 injusto
1521 4683 1557 4743 fit
1566 4683 1668 4762 justus
1681 4689 1713 4743 et
1726 4702 1764 4744 ex
1777 4684 1903 4744 inimico

317 4776 436 4837 Christo
445 4775 464 4835 J
467 4792 533 4836 esu.
542 4795 556 4832 a
568 4773 624 4833 llic
633 4774 754 4853 primus
766 4780 812 4834 est
825 4774 921 4834 libere
934 4775 1088 4835 moventis
1135 4776 1263 4839 amicus.
1278 4800 1292 4829 ι

316 4886 349 4931 ae
377 4883 450 4929 cum
481 4865 607 4928 initialis
640 4865 754 4927 auxilio
783 4865 891 4944 gratie
920 4864 1088 4926 voluntatis
1175 4868 1254 4947 Ergo
1268 4866 1435 4945 perfectam
1448 4868 1625 4943 mritatem,
1652 4883 1688 4927 ee
1714 4865 1769 4927 Dei
1791 4866 1903 4927 amiel-

318 4958 460 5028 allectus,
478 4977 541 5038 quo
554 4957 595 5018 ad
617 4956 846 5019 assentiendum
860 4956 912 5029 iis,
929 4972 1001 5034 quae
1014 4963 1088 5024 sunt
1136 4959 1221 5033 tiam,
1236 4959 1271 5021 in
1283 4976 1347 5037 qua
1360 4976 1434 5021 vem
1447 4964 1494 5020 est
1502 4957 1698 5036 eitajuetitta,
1710 4957 1810 5021 tntilli
1822 4974 1904 5037 pras-

317 5051 491 5132 proposita,
520 5055 629 5129 sponte
651 5067 725 5125 sua,
745 5053 776 5109 et
789 5047 936 5109 interiore
950 5047 1086 5127 quodam
1136 5050 1430 5113 ceduntvoluntetls
1450 5049 1535 5124 boni,
1560 5055 1592 5111 et
1603 5049 1772 5113 laudabiles
1786 5054 1901 5124 motus,

316 5143 454 5222 impulsu
467 5142 577 5204 cietur.
591 5141 637 5203 lb
649 5140 708 5200 hae
720 5138 1085 5217 velutstirpe,acradice,
1136 5159 1271 5222 quorum
1286 5141 1387 5217 radix,
1403 5146 1434 5203 et
1447 5141 1636 5220 principium
1652 5145 1700 5201 est
1712 5139 1851 5213 a'nt‘tr'olia,
1866 5146 1903 5201 ut

316 5251 387 5313 que
400 5234 487 5294 nullo
502 5250 629 5312 prorsus
642 5231 820 5303 exmerito,
836 5231 890 5291 sed
912 5230 1033 5291 liberali
1055 5237 1087 5292 et
1135 5238 1257 5306 vocant,
1271 5232 1381 5311 gratia
1405 5232 1451 5293 uti
1476 5232 1570 5292 nullis
1594 5232 1758 5310 impetrata
1771 5231 1899 5306 meritis,

345 5434 355 5477 t
369 5432 421 5477 'lrld
432 5444 485 5476 sesa.
497 5444 526 5483 iv,
538 5443 558 5476 e.
566 5440 607 5473 vn.
