4036 6162
554 316 604 376 DE
622 312 929 388 ΙΝθΑΒΝΑΤΙΟΝΕ,
951 311 1027 373 LlB.
1048 313 1106 389 111,
1132 313 1221 374 ΟΑΡ.
1245 314 1298 374 ΙΙΙ.
1658 317 1711 377 aar

137 479 296 556 unitionis,
307 486 338 542 et
347 480 522 545 sociationis
531 498 702 561 usurpare:
719 496 812 559 quam
823 478 902 539 forte
950 475 990 536 od
1016 474 1204 553 Νοιιουίιιηι,
1220 496 1282 558 qua
1295 479 1460 539 anathema
1479 477 1525 539 illi
1543 480 1714 551 denuntiat,

136 571 266 651 quilibet
278 571 357 634 elius
370 591 443 635 cum
456 575 520 634 Deo
539 572 663 649 habeat,
676 578 826 652 tanquam
839 571 903 631 vir·
952 568 1009 629 nisi
1038 568 1205 647 resipiscat,
1234 581 1361 652 συνάφειαι
1385 571 1469 632 illius
1496 573 1622 651 respuit,
1646 590 1718 653 qum

135 669 212 739 tute,
241 682 278 726 ae
303 665 544 728 sanctificatione
566 664 795 745 propemodum
817 662 902 725 colti-
956 661 1019 721 cin
1033 661 1191 741 dignitatis
1204 665 1321 726 unitate
1340 663 1488 733 consistit,
1503 664 1567 726 sive
1582 664 1717 727 auctori·

134 760 226 836 gattis
239 765 295 815 ἢν
952 752 1037 828 tatis;
1055 759 1302 835 utqueuniverse
1309 756 1581 834 nomenipsumete
1588 762 1717 837 συναφείας

173 848 228 909 Sic
238 847 354 928 impius
367 849 524 910 Nestorius
539 849 572 910 in
592 844 721 921 Sebeda,
735 862 806 923 qum
826 843 903 905 reei-
953 844 1090 923 damnat,
1103 852 1139 908 ut
1152 866 1222 927 quse
1236 848 1368 909 unitioni
1381 846 1644 928 illisigniticaudae
1654 866 1719 909 non

135 942 208 1000 tatae
235 946 307 1000 sunt
329 941 365 1001 in
387 941 541 1021 Ephesius
562 939 693 1020 synodo,
719 936 905 998 «Christum
953 936 1148 1000 satisidonee
1161 939 1252 1000 sits.»

135 1031 309 1092 secundum
333 1050 470 1110 carnem,
494 1050 532 1094 ex
555 1030 722 1092 sociatione
746 1045 818 1089 cum
842 1029 905 1089 Deo
995 1028 1031 1088 lu
1045 1029 1172 1108 epistola
1185 1048 1310 1110 quoque
1326 1029 1366 1093 od
1379 1029 1508 1108 Clerum,
1520 1029 1719 1114 populumque

135 1122 252 1197 Verbo,
268 1125 366 1185 Βοιιιιι
379 1124 569 1205 appellatum
582 1141 647 1185 esse
682 1120 851 1201 ascripsit.
867 1120 907 1179 Et
957 1116 1322 1203 Constantinopotitonum,
1353 1124 1541 1186 Nestorianae
1573 1123 1720 1204 mysteria

134 1213 268 1277 subinde
280 1216 419 1297 Apostoli
437 1217 533 1279 verba
553 1215 624 1290 ille;
655 1212 791 1276 Christus
807 1230 907 1272 secon-
954 1209 1080 1273 haeresis
1093 1215 1198 1293 paucis
1212 1215 1433 1294 complectitur,
1449 1217 1523 1277 dum
1536 1216 1588 1289 ait,
1606 1215 1718 1278 Catho-

135 1304 208 1364 dum
229 1322 365 1380 comem,
393 1306 447 1387 qai
470 1313 512 1368 est
539 1324 629 1388 super
657 1308 758 1368 omnio
793 1299 871 1363 Deru
881 1298 904 1373 ¹,
955 1302 1031 1364 lices
1055 1306 1134 1366 sedis
1159 1306 1242 1366 illius
1270 1307 1420 1368 antistites
1446 1314 1517 1369 ante
1544 1309 1720 1369 Nestorium

134 1395 270 1475 explicat
285 1397 352 1459 sic:
372 1419 387 1456 ιι
405 1398 573 1460 Hominem
590 1408 662 1462 ante
682 1398 854 1468 confitetur,
876 1401 907 1456 et
956 1400 1131 1460 constanter
1148 1398 1381 1478 cpraedicassse,
1397 1418 1462 1460 non
1480 1400 1558 1461 duos
1572 1401 1718 1474 Christos,

134 1493 210 1548 tunc
229 1507 268 1550 ex
281 1489 424 1551 societate
443 1508 516 1552 cum
533 1492 611 1567 Deo,
626 1491 658 1551 id
678 1490 762 1570 quod
779 1493 908 1570 apparet
956 1489 1010 1549 sed
1030 1489 1143 1568 unum,
1164 1494 1370 1571 eumdemque
1393 1494 1495 1554 Deum
1512 1493 1663 1572 Verbum,
1689 1498 1720 1553 et

134 1580 236 1641 Deum
248 1599 315 1642 esse
329 1582 475 1662 predicat
485 1601 493 1643 t
505 1600 545 1644 ne
558 1582 628 1662 quis
640 1582 908 1645 Christianismum
955 1581 1126 1655 hominem,
1142 1583 1313 1645 secuudum
1324 1602 1450 1645 caruem
1459 1604 1497 1646 ex
1506 1584 1645 1663 Virgine,
1656 1605 1720 1647 non

133 1670 273 1734 bominis
285 1673 404 1749 cultum
415 1691 480 1736 esse
489 1673 682 1755 suspicetur.
699 1695 714 1732 υ
956 1674 1121 1736 sociatione
1135 1675 1276 1755 simplici,
1288 1696 1345 1739 nec
1358 1678 1421 1739 sola
1436 1678 1610 1757 esqualitate
1624 1678 1722 1758 digni-

14 1768 100 1823 tmto
177 1766 215 1825 V.
231 1767 280 1826 Ad
292 1765 374 1828 hanc
389 1784 482 1847 porro
495 1784 603 1829 vocem
614 1776 743 1847 συναφείας
756 1766 907 1847 explican-
955 1771 1056 1826 tatum
1070 1767 1270 1846 conjunctum
1283 1769 1444 1831 hominem
1457 1772 1531 1831 Deo.
1547 1771 1620 1832 llaec
1636 1773 1721 1832 enim

4 1826 111 1948 m
134 1860 224 1935 dam,
250 1858 312 1920 atta
328 1859 472 1938 qrroedam
501 1859 642 1938 adiungit
658 1858 815 1920 interdum
832 1859 906 1919 Nes·
955 1856 1717 1943 frigida,inutilia,etanitiasuntilliusdogmataln

18 1958 89 2053 ὦ
134 1954 244 2025 torius,
273 1951 382 2031 etqui
409 1950 503 2030 hujus
525 1956 663 2013 mentem
685 1951 907 2030 interpretatur
995 1951 1050 2011 VI.
1065 1952 1114 2011 Ad
1126 1951 1193 2029 haep
1206 1951 1304 2032 capite
1313 1959 1423 2013 octavo
1438 1959 1469 2014 et
1479 1953 1622 2015 vicesimo
1631 1954 1721 2016 Soleo

6 2050 98 2097 m
134 2045 271 2126 Cyn-illus
287 2064 295 2104 ε
309 2042 356 2105 uti
376 2043 607 2122 constetqualis
626 2042 665 2103 sit
678 2041 717 2102 ab
731 2042 784 2103 illo
801 2043 907 2120 agnita
957 2040 1067 2103 tiorum
1095 2042 1130 2103 de
1165 2043 1391 2116 Incomotione,
1434 2045 1636 2106 Nestorianos
1663 2048 1717 2121 ait,

133 2138 314 2218 conjunctio
334 2135 393 2197 Dei
420 2141 451 2197 et
472 2135 619 2196 hominis.
645 2134 695 2196 Sic
716 2134 801 2195 enim
823 2135 906 2214 apud
959 2135 1150 2197 chominem
1164 2152 1313 2211 seorsum,
1331 2142 1361 2197 et
1378 2136 1544 2215 separatim
1558 2143 1718 2216 ponentes,

133 2230 289 2310 cyrillum
311 2228 394 2290 idem
416 2228 586 2290 haereticus
608 2225 794 2288 individuam
823 2226 906 2288 illam
955 2224 1010 2305 qui
1024 2231 1121 2287 estex
1134 2233 1239 2288 sancta
1251 2227 1380 2306 Virgine
1397 2233 1584 2306 procreatus,
1609 2229 1721 2291 deinde

134 2321 363 2401 copulationem
377 2337 442 2381 esse
456 2320 547 2380 docet
560 2315 714 2379 emendum
728 2312 905 2400 dr‘qnitat‘em
956 2319 994 2390 ei,
1011 2322 1165 2396 quantum
1178 2319 1252 2398 ipsis
1264 2318 1395 2394 videtur,
1409 2319 1538 2380 modum
1552 2319 1655 2396 gloriae
1671 2321 1722 2381 tri-

132 2412 309 2493 filiationis,
317 2409 815 2489 maurocenoturcrotempc
824 2410 907 2488 quod
954 2409 1093 2479 buentes,
1109 2411 1280 2471 adunatum
1304 2410 1396 2470 fuisse
1418 2411 1518 2473 dicere
1538 2412 1642 2472 Verbo
1667 2412 1722 2473 liei

131 2496 232 2566 homo
240 2504 307 2582 jam
319 2510 440 2566 creatus
453 2507 485 2565 et
497 2503 668 2564 subsistens
677 2506 852 2581 assumptus
865 2502 907 2562 sit
955 2508 986 2563 et
999 2502 1098 2562 Patris
1109 2521 1117 2577 ;
1129 2507 1160 2562 et
1168 2501 1321 2562 rationem
1328 2501 1525 2563 adunationis
1534 2511 1721 2583 exponentes

132 2616 150 2658 a
169 2599 248 2667 Deo,
271 2602 303 2658 et
322 2596 352 2658 ei
371 2596 513 2658 sociatus.
534 2595 661 2668 «Quem
680 2594 809 2655 modum
827 2612 904 2654 con·
954 2595 1101 2656 donatam
1121 2612 1186 2655 esse
1203 2593 1263 2672 ipsi
1283 2593 1415 2654 diceres
1432 2596 1492 2655 Deo
1513 2595 1722 2674 equalitatem

127 2688 304 2767 junctionis
323 2705 418 2763 mera,
435 2693 467 2748 et
484 2687 549 2748 sola
571 2686 808 2747 nomenclatura
828 2704 905 2747 con-
954 2685 1124 2765 dignitatis,
1133 2685 1196 2746 sive
1210 2685 1448 2761 auctoritatis,et
1461 2691 1497 2747 ut
1509 2687 1603 2748 simili
1614 2688 1719 2769 appel-

130 2785 223 2855 stare,
260 2785 293 2842 et
325 2776 755 2859 mammotreptus
788 2776 903 2838 ibidem
953 2775 1070 2839 latione
1083 2782 1115 2839 et
1125 2776 1274 2852 Christus,
1290 2782 1320 2836 et
1330 2775 1412 2836 filius
1425 2777 1555 2854 dicatur,
1571 2785 1602 2839 et
1615 2779 1719 2840 Domi-

130 2874 250 2934 asserit.
273 2871 401 2933 Etulibi
418 2870 697 2949 «conjunctionem
720 2869 805 2929 illam
826 2870 902 2930 sim-
951 2888 1023 2931 nus.
1038 2869 1138 2931 »Vide
1152 2867 1293 2946 ejusdem
1304 2866 1476 2946 apologiam
1491 2867 1717 2947 perduellem.

129 2964 245 3044 plicem
269 2969 370 3037 vocat,
387 2982 447 3044 qua
470 2980 610 3042 personae
631 2960 702 3021 duee
723 2960 848 3036 affectu,
872 2965 904 3022 et
954 2961 1041 3023 tertio
1055 2966 1159 3021 contra
1175 2955 1437 3034 Orieatotes⁸,uhi
1451 2958 1582 3019 Nestorii
1595 2965 1719 3022 sentcn-

128 3056 292 3118 roluntate
306 3055 492 3134 copulantur
500 3063 521 3114 ⁰.
537 3075 553 3112 υ
575 3056 652 3115 Item
671 3072 685 3110 ιι
697 3052 818 3113 ratione
833 3069 904 3113 aue
952 3053 1027 3113 tiam
1041 3056 1183 3113 accurate
1197 3047 1335 3127 explicat.

128 3138 276 3223 totitatis,
293 3152 325 3208 et
337 3148 510 3211 secundum
526 3143 670 3206 vocabuli
688 3143 744 3204 filii
763 3161 903 3205 commu-
992 3143 1109 3204 Eadem
1126 3140 1226 3201 fusius
1245 3139 1357 3219 quinta
1378 3140 1515 3218 synodus
1537 3144 1663 3222 exponit
1684 3143 1717 3204 in

126 3238 291 3301 nioneml
307 3259 324 3296 ιι
346 3240 430 3300 Etiu
443 3237 688 3300 eootlenzottsmo
701 3236 904 3314 tertio,quem
953 3233 1204 3297 Anottemotiamo
1239 3227 1390 3310 quarto‘.
1427 3232 1561 3293 loannes
1593 3253 1718 3316 quoque

128 3334 229 3411 capite
238 3349 395 3412 superiori
386 3329 583 3409 descripsr²
595 3328 809 3390 Nestonanam
816 3326 903 3387 rllam
952 3328 1158 3387 Damasoenus
1170 3322 1344 3383 unitionem
1357 3320 1397 3382 ab
1418 3323 1559 3385 Nestorio
1574 3328 1719 3389 constitui

128 3436 263 3507 συνάφειαι
278 3424 417 3492 damnat,
432 3440 502 3502 quae
516 3426 562 3483 est
580 3420 781 3481 «seeundum
799 3418 900 3497 digni-
952 3416 1026 3478 dicit
1040 3437 1055 3474 ιι
1069 3415 1240 3477 secundum
1252 3412 1446 3492 dignitatem,
1456 3413 1583 3477 honoras
1595 3436 1730 3489 consor·

127 3523 239 3594 tatem,
264 3521 297 3578 et
317 3515 544 3588 auctoritatem,
567 3530 603 3573 ao
625 3516 833 3593 potestatem.
850 3509 900 3569 cui
952 3509 1044 3581 tium,
1058 3506 1416 3584 eamdemvoluntatem,
1432 3505 1674 3587 beneplacitum,
1689 3516 1721 3573 et

127 3609 308 3672 naturalem
320 3607 518 3670 unitionem»
536 3604 675 3685 opponit
687 3602 766 3665 Etru
777 3602 903 3680 epistola
951 3596 1251 3679 homonymiaml.»

159 3830 181 3871 a
200 3815 300 3871 Croti.
320 3809 512 3881 Κακουφγθτοιτα
519 3810 601 3864 τοίνυν
612 3809 653 3863 τθν
663 3808 752 3862 trucci
766 3807 844 3880 φθσιι,
858 3811 900 3866 καὶ
951 3805 1034 3863 habet
1048 3820 1113 3877 pag·
1129 3821 1206 3878 seqq.

125 3894 226 3966 ἂλφθῶς
241 3895 295 3950 aibr
309 3891 536 3965 θνοινθμοιπήσοιντα,
546 3893 776 3965 ιιαὶσιοαφιιωμθνον
789 3892 899 3945 ertato-
987 3904 1002 3944 e
1020 3890 1086 3946 Cro.
1103 3888 1236 3946 derecta
1249 3887 1318 3960 fide.
1336 3889 1631 3961 acimaetensem
1645 3899 1718 3951 συνά.

125 3998 163 4043 νος
177 3979 214 4043 εἰς
228 3979 286 4044 δύο,
304 3970 469 4048 supersisam
485 3976 528 4048 μὲν
549 3975 593 4044 rte
609 3975 705 4039 ἕνωσιν,
728 3975 856 4046 συνάφειαι
874 3971 900 4025 dl
951 3989 1019 4042 φειαν
1031 3971 1122 4038 ἁπλῆν.

124 4062 304 4135 θαυμάζουσιν,
325 4062 355 4127 ἣν
374 4061 404 4112 ἂν
420 4057 475 4131 ἔχοι
489 4059 564 4132 τυχθν
583 4059 623 4111 καὶ
637 4058 718 4130 ἕτερός
731 4076 767 4120 τις
783 4059 844 4130 reple
857 4055 899 4109 τὀν
987 4053 1009 4126 s
1022 4052 1091 4109 lhid.
1112 4055 1159 4107 Καὶ
1173 4054 1276 4126 συνῆψιν
1295 4052 1373 4126 ἐαυτῷ
1393 4054 1455 4109 κατὰ
1469 4056 1510 4110 τὀν
1532 4062 1575 4125 τῆς
1594 4058 1718 4125 αθθιντίας

124 4146 235 4212 θιθν,ὧς
251 4142 274 4201 ἐξ
291 4142 432 4215 (iporiensi
446 4141 569 4214 ἁγνισμοῦ
584 4141 714 4213 μονονουχὶ
728 4141 898 4213 σινδοθμινος.
951 4137 1053 4208 τρόπον,
1065 4137 1107 4190 καὶ
1121 4139 1184 4191 κατὰ
1195 4137 1238 4204 τὴν
1249 4140 1292 4204 τῆς
1301 4137 1414 4205 vittatae
1428 4137 1579 4212 ὁμωνυμίαν.

160 4228 322 4286 thsroa.
348 4228 380 4281 to
396 4224 474 4297 Epl
497 4223 900 4296 syn.par.tt,act.1.os1o
986 4219 1064 4290 ptd.
1081 4236 1124 4291 ep.
1141 4219 1183 4276 od
1195 4224 1307 4276 Nestor.
1325 4220 1565 4295 ῡθχὼςσυνάφειαν
1576 4225 1718 4289 trabem

124 4313 164 4366 zat
186 4313 233 4366 τὸν
256 4309 318 4364 κατὰ
339 4310 418 4381 οθφιιο
440 4307 547 4380 Χριστθν
564 4304 591 4360 ἔνι
613 4311 656 4373 ιῆς
672 4305 732 4377 πρὸς
754 4306 808 4360 θιθν
824 4305 899 4377 λόγον
951 4302 985 4364 ὡς
998 4303 1052 4355 θεὸν
1055 4301 1220 4370 ,ἐνθοφτιι-φς
1234 4300 1310 4366 ἀξίας,
1319 4303 1537 4379 ἤγουναθθιντθας
1548 4316 1601 4365 etc.
1612 4310 1717 4365 Μᾶλλον

125 4396 270 4468 συναφείας,
281 4392 334 4445 θεὸν
348 4391 511 4463 θνομάζομιν,
529 4395 583 4446 eto.
606 4387 743 4460 Ὅμολογεῖ
754 4387 795 4441 τθν
809 4387 900 4458 dripe-
951 4383 977 4437 tt
1000 4385 1074 4438 τὸ
1043 4404 1086 4452 ιης
1103 4386 1228 4456 συναφείας
1242 4386 1322 4456 ὄνομα
1334 4387 1559 4460 παραιτούμεθα,ρ
1545 4390 1636 4453 οιςοθκ
1657 4392 1717 4467 ἔχον

125 4496 170 4532 κον
184 4478 320 4549 πρότερον,
334 4474 375 4528 καὶ
385 4474 440 4528 τότε
454 4478 484 4545 τῇ
498 4490 542 4525 του
528 4473 608 4525 θιου
622 4467 900 4542 συναφείαθιολογεῖτδ
951 4466 1027 4520 ἱαανω
1005 4471 1157 4539 ωςοημῇναι
1170 4466 1214 4534 τὴν
1225 4468 1322 4523 ἕνωσιν

124 4562 288 4632 φαὶνόμενον,
301 4557 345 4609 ἵνα
366 4555 449 4627 μηδεὶς
462 4553 690 4626 θνθφωπολατφιίαν
704 4552 747 4606 τθν
763 4552 899 4623 Χριστιανι-
987 4548 1007 4604 la
1024 4551 1091 4606 Cro.
1116 4548 1269 4622 Ἐιιήρυσοον
1284 4549 1311 4603 et
1329 4549 1386 4603 οθ
1373 4552 1416 4605 oio
1437 4571 1486 4626 παρ
1488 4552 1571 4628 ’θμῖν
1589 4558 1716 4632 Χριστους,

124 4639 357 4714 σμσνθπσκτιθσῃ.
952 4630 1008 4686 ἀλλ’
1023 4630 1067 4684 θνα
1079 4631 1123 4685 τὸν
1134 4631 1207 4685 αθτθν
1215 4632 1268 4686 θιθν
1279 4633 1365 4705 λόγον,
1376 4635 1619 4708 antropomereos
1628 4643 1715 4717 σάρκα,

158 4724 318 4781 οΝιιστοιι.
334 4719 410 4791 apud
424 4721 487 4790 Cpr.
507 4716 554 4774 lib.
585 4717 609 4773 lt
636 4722 710 4773 root.
726 4718 806 4772 Nost
831 4706 900 4769 Ἀλλ’
951 4712 1112 4785 ἰκμναυιθς,
1132 4713 1161 4767 ct
1183 4733 1292 4786 auceps
1261 4716 1297 4768 tc
1310 4716 1378 4789 ψιλῇ,
1398 4718 1467 4770 act
1453 4739 1488 4781 ως
1502 4718 1526 4773 ἔν
1549 4721 1641 4793 ἰσότητι
1655 4728 1716 4799 μόνῃ

123 4804 207 4873 habat
235 4822 282 4875 περ
301 4801 387 4874 larice
410 4805 529 4869 συνῆπται
549 4805 585 4872 τῷ
604 4798 628 4852 ἔν
650 4798 716 4871 ἀρχῆ
729 4797 781 4852 dvm
801 4797 848 4869 υἱῷ
862 4801 899 4868 τῷ
950 4803 1000 4850 τῶν
1015 4794 1161 4868 ἀξιωμάτων
1176 4798 1329 4868 συνημμένον
1352 4799 1478 4870 ἄνθρωπον
1496 4803 1554 4874 θεῷ.
1572 4811 1649 4861 ταῦτα
1671 4807 1718 4879 γὰρ

123 4888 184 4960 apin
202 4886 281 4941 ιῶτθν
300 4856 451 4956 mosoc,
463 4883 492 4937 ab
512 4881 612 4937 obera
625 4882 688 4936 ml
704 4881 733 4934 τὸ
746 4879 843 4951 ἀξίωμα
856 4884 900 4947 τῆς
951 4876 1042 4932 ἐκείνου
1056 4878 1148 4951 ψυχρὰ,
1162 4897 1194 4931 κα
1193 4878 1341 4951 Meropus
1351 4882 1392 4934 καὶ
1406 4885 1504 4956 γραιθὸῃ
1520 4887 1641 4958 δόγματα,

123 4969 242 5039 obem
264 4968 381 5039 διαίρεσιν
395 4964 516 5027 δέξασθαι·
535 4964 598 5019 κατὰ
615 4967 645 5018 ιθ
659 4962 765 5035 ἀξίωμα,
780 4961 885 5033 φημὶ
855 4980 899 5028 της
986 4961 1133 5018 cornice.
1156 4964 1190 5016 io
1206 4961 1331 5018 Dialert
1349 4976 1408 5033 cap.
1429 4981 1501 5022 ιιιν.
1527 4965 1606 5022 ‘Odi
1628 4971 1719 5024 Νεστό-

123 5051 253 5121 ultrum
262 5049 292 5104 cd
306 5048 370 5104 mi
384 5048 427 5110 τὰς
439 5048 529 5118 φύσεις
951 5042 1051 5114 procaci
1064 5038 1357 5106 ἅλΧαςέπινοεῖἒνουσιις.
1367 5045 1431 5099 κατὰ
1444 5046 1489 5114 τὴν
1503 5048 1582 5117 ἀξίαν,
1598 5052 1670 5123 φημὶ,
1678 5052 1718 5103 καὶ

159 5131 275 5190 dibid.
295 5132 344 5185 Καὶ
353 5135 396 5198 τῆς
411 5131 539 5202 συναφείας
547 5131 724 5202 ἠμθότρόιιος
737 5129 801 5183 κατὰ
813 5126 896 5199 ψιλὴν
950 5123 1097 5196 θμοτιμίαν,
1117 5123 1157 5176 καὶ
1173 5122 1361 5190 edomatur,
1378 5129 1419 5180 καὶ
1434 5129 1554 5196 εθοοιιίαν,
1575 5134 1616 5184 καὶ
1630 5133 1719 5203 θμυνυ·

123 5218 166 5268 uc
180 5218 260 5289 μόνην
274 5215 343 5269 dorm
357 5212 401 5280 τὴν
415 5213 511 5281 ιιλῆοιν,
522 5212 809 5285 ἤγουντθνθμωνυμιον.
820 5211 898 5268 Idem
952 5208 1020 5278 plor.
1033 5207 1066 5263 Et
1081 5203 1129 5261 lib
1147 5206 1183 5262 ΙΙΙ
1198 5204 1328 5272 deltos,
1344 5224 1405 5280 cap.
1422 5227 1462 5266 ιιι.

153 5420 165 5466 Ι
182 5419 245 5465 son.
257 5428 286 5470 ιι,
297 5417 347 5464 5.-
359 5414 375 5459 2
388 5412 520 5470 Ponat.-
530 5413 545 5459 8
557 5414 597 5472 Cpr
607 5414 636 5460 od
647 5415 724 5461 Arutb.
733 5426 759 5458 ιιι
767 5416 826 5460 cont.
840 5411 918 5459 root
927 5420 968 5466 pro
979 5411 1133 5458 Amba-t
1146 5410 1200 5454 Vide
1208 5413 1224 5456 t.
1237 5413 1244 5457 t
1255 5411 1324 5467 hujus
1336 5417 1408 5471 operis
1422 5429 1442 5462 o.
1454 5427 1484 5467 ιι,
1491 5425 1567 5474 persp.
1575 5417 1596 5464 tt.
