4078 6162
518 329 571 391 DE
590 328 894 408 mastralis,
917 331 986 395 LlB.
1013 332 1066 409 lss,
1087 332 1171 395 GAP.
1194 332 1248 393 W.
1622 339 1681 400 393

116 498 273 565 &anonas
294 495 348 558 illo
367 496 403 557 in
420 495 500 569 loco,
515 512 612 575 quem
625 496 801 557 citavimus:
833 500 866 557 et
913 497 1032 558 Leonis
1064 497 1192 576 epistole
1215 503 1324 560 contm
1345 499 1491 578 protam
1518 499 1687 580 Acephalos

117 592 233 673 cyrillus
251 590 314 670 ipse
336 588 372 649 in
398 587 527 667 epistola
540 587 582 649 ael
599 586 772 663 Onesialea
786 604 861 648 cum
914 590 1055 666 scripsit:
1084 608 1144 651 nec
1166 608 1231 650 non
1258 591 1454 671 Ephraemius
1476 592 1688 653 Antiochense

116 685 232 758 dixisset,
247 681 403 742 Obrimum
425 680 594 741 Dominum
608 680 643 739 sb
655 698 716 741 aba
737 698 864 759 pertaesa
915 680 1116 742 Patriarcha⁸.
1125 683 1278 744 Maximus
1287 684 1361 745 item
1370 683 1454 763 apud
1468 684 1685 762 Euthymium,

117 774 244 855 iutellipi
253 772 381 851 subjicit
387 789 479 834 mox:
492 773 607 833 «Unus
617 771 702 832 enim
713 772 866 832 Dominus
914 773 1007 852 patrio
1016 781 1088 853 post
1097 774 1289 849 laudandus3
1303 781 1334 836 et
1344 776 1375 836 in
1386 774 1513 837 Sabalia
1524 776 1563 835 ad
1574 776 1689 855 Diony-

115 868 190 930 lesns
213 865 371 939 Christus3
405 864 547 942 quamvis
579 869 765 925 naturarum
799 881 865 924 non
914 862 1027 924 sinant
1043 865 1444 927 imoreshnmasoenusw:
1458 867 1598 927 Andreas
1611 869 1685 928 Cre-

116 960 253 1038 iynoretur
287 954 478 1030 differentia,
507 972 545 1015 ex
572 954 686 1034 caribus
719 972 866 1016 moenam
914 958 1020 1032 tenne,
1036 960 1090 1036 qui
1103 963 1134 1018 et
1149 979 1165 1015 a
1178 960 1406 1037 hypostaticam
1414 960 1565 1020 unitatem
1574 977 1686 1020 conve·

116 1045 753 1111 iununmnemhcumessedicimusas
767 1047 867 1125 Igitur
915 1048 1069 1109 aientium
1096 1049 1179 1110 inter
1205 1067 1237 1110 se
1261 1050 1497 1111 naturaruml»
1525 1056 1625 1111 vocat.
1649 1053 1688 1112 st

117 1141 194 1201 ueto
205 1138 343 1199 illaiuata
356 1144 405 1198 est
417 1143 452 1199 bt
462 1157 520 1199 teto
529 1156 670 1217 pesona,
687 1137 752 1199 sive
763 1138 864 1217 hypo-
916 1146 989 1202 ante
1013 1141 1073 1202 hos
1103 1142 1232 1203 Pr0dm
1260 1143 1621 1222 Constantinopolitanae
1648 1143 1688 1204 ab

117 1232 192 1306 συνῇ
204 1230 285 1309 quod
298 1229 448 1309 qaudioit,
466 1230 602 1309 profecto
616 1232 782 1291 abitionem
791 1231 866 1291 dicit
915 1233 1092 1311 Ephroemio
1102 1235 1296 1295 Antiocheno
1310 1235 1421 1295 citatus
1432 1235 1515 1313 apud
1527 1235 1686 1296 Photium.

117 1325 231 1385 buram
244 1322 640 1403 lypostass‘messelactam.
658 1321 866 1402 Siquidemin
956 1324 1057 1385 Latini
1071 1326 1208 1404 theologi
1220 1325 1402 1406 personalem
1417 1327 1559 1386 unitatem
1581 1326 1685 1387 nomi·

116 1416 204 1478 ideae
215 1414 328 1475 iactam
339 1415 487 1494 oportuit,
498 1415 582 1494 quod
595 1421 666 1494 post
678 1415 863 1488 unitionem,
916 1420 1004 1492 nant,
1019 1422 1056 1476 ut
1065 1417 1244 1493 Fulgentius
1252 1416 1288 1492 ¹¹3
1300 1423 1332 1479 et
1343 1418 1535 1498 Leporius¹’.
1546 1418 1604 1478 Alii
1617 1420 1687 1479 arti·

117 1514 185 1569 etex
196 1525 231 1567 ea
240 1506 385 1567 Christus
399 1506 464 1567 esee
476 1506 613 1567 ditibus
628 1506 748 1566 Dicitur
761 1512 866 1567 antem
918 1512 1008 1569 tatem
1029 1508 1185 1569 saucium
1197 1510 1425 1587 subsistentiam,
1446 1517 1481 1570 ut
1495 1509 1686 1573 Rusticus¹⁸.

117 1615 167 1661 esse
178 1616 253 1659 unus
263 1598 300 1659 in
311 1616 376 1659 una
387 1616 529 1677 persona.
545 1599 593 1661 Ita
606 1598 706 1659 unitio
723 1597 756 1658 iu
769 1615 867 1659 unam
918 1601 1053 1661 Tametsi
1065 1602 1219 1662 memoria
1230 1602 1401 1663 tenendum
1424 1602 1503 1663 illud
1522 1607 1584 1679 est,
1604 1603 1690 1685 quod

116 1696 153 1752 est
161 1690 229 1751 bela
239 1707 418 1769 personam,
430 1690 480 1750 vel
489 1690 692 1770 hypostasim.
917 1693 1017 1771 capite
1030 1691 1233 1767 tertiodixi¹⁸,
1247 1694 1500 1771 subsistentialem,
1513 1695 1690 1773 alloquitur

147 1782 248 1843 Deinde
271 1783 390 1843 Leonis
416 1782 545 1861 epistola
571 1779 611 1841 ad
634 1780 818 1842 Flauianum
848 1799 868 1842 a
916 1780 1107 1853 Maxentius,
1124 1781 1174 1841 vel
1187 1781 1384 1860 personalem,
1400 1788 1619 1861 etspococadr,
1634 1788 1689 1844 aut

117 1873 336 1936 (ὶόυίυόόοοοινυί
350 1874 470 1951 synodo
484 1879 607 1952 recepta
624 1878 680 1949 est,
696 1878 728 1934 et
739 1873 779 1933 ad
791 1872 866 1933 fidei
916 1877 1080 1946 ὑποστοτοην
1094 1871 1257 1932 unitionem
1278 1891 1317 1933 eo
1337 1889 1565 1952 nonnunquam
1592 1874 1688 1954 accipi

29 1974 84 2074 ²⁷¹².
116 1966 373 2044 regusmadsuta.
387 1968 430 2026 At
443 1967 476 2026 in
489 1968 613 2041 estrei
626 1974 761 2045 προσώπου
775 1974 861 2037 troc,
916 1980 1021 2035 sensu,
1037 1964 1094 2042 qui
1115 1963 1154 2025 ab
1167 1964 1338 2041 catholicis,
1359 1966 1404 2025 uti
1418 1965 1542 2042 debuit,
1556 1966 1688 2043 rejectus

72 2062 76 2074 '
116 2057 204 2119 Graes
219 2059 358 2136 ponitur.
376 2057 551 2138 (Siquidem
567 2059 683 2132 Gracc,
696 2058 868 2136 Latineque
917 2061 984 2118 est:
1007 2056 1158 2118 nimirum
1181 2057 1207 2116 si
1234 2057 1367 2116 duarum
1394 2057 1619 2136 hypostaseon,
1634 2063 1689 2118 aut

115 2150 279 2210 τοσουτουσὶ
304 2149 340 2209 in
361 2149 494 2227 synodo,
521 2149 598 2210 etin
612 2153 680 2209 acta
702 2149 810 2225 relata,
833 2156 869 2210 ut
918 2165 1123 2228 personarum
1136 2149 1327 2227 intelligatur
1346 2149 1534 2226 ostnjunotio,
1562 2148 1687 2226 qualem

114 2248 154 2301 est
164 2241 197 2301 in
208 2241 323 2303 mione
335 2238 536 2311 secunda¹.la
556 2242 685 2319 Propter
699 2241 779 2302 hanc
792 2241 868 2302 uni·
917 2240 1076 2301 Nestorius
1085 2240 1268 2300 introduxit:
1278 2258 1347 2319 quae
1355 2239 1603 2319 quidemverset
1613 2239 1686 2300 snb·

115 2337 202 2392 utem
212 2350 357 2411 persone,
382 2334 429 2393 ait
446 2333 522 2408 Leo,
547 2333 580 2392 in
600 2338 731 2412 unaque
755 2339 869 2394 natura
918 2333 1124 2393 mercasse
1132 2338 1315 2412 nonpotest,
1330 2332 1685 2411 utsuprememinimus.

115 2423 360 2503 intelligendnml.
375 2445 392 2483 s
408 2425 508 2499 Quem
528 2425 632 2485 locum
659 2424 752 2485 refert
778 2425 869 2487 Eulo-
957 2424 1022 2484 XV.
1033 2424 1130 2484 Aliter
1139 2441 1214 2503 ergo
1228 2424 1325 2485 unitio
1336 2425 1494 2486 armatum
1508 2424 1688 2506 hypostasim
1739 2450 1833 2503 ηηιηηη

115 2515 866 2596 yim3,etabhcephalorumeavillationevindicat.
917 2516 1222 2593 mterpretandaest:
1235 2533 1328 2595 quam
1342 2517 1385 2578 sio
1401 2515 1685 2577 Maximusdefinit.
1726 2504 1846 2601 ffliuss'

116 2608 183 2681 Quin
195 2614 224 2668 et
235 2616 309 2669 ante
323 2607 420 2671 verba
432 2608 501 2680 ista,
517 2608 626 2669 eadem
640 2608 778 2687 epistola,
792 2611 867 2687 Leo,
923 2608 1058 2668 sUnitio
1074 2609 1245 2668 meandum
1258 2606 1466 2687 hypostasim,
1493 2609 1546 2683 ait,
1568 2626 1607 2668 ex
1620 2626 1688 2669 sen-
1713 2610 1857 2667 ipsuum.

119 2699 228 2772 «smus,
239 2700 354 2781 inquit,
366 2700 553 2779 proprietate
562 2700 724 2779 utriusque
734 2705 867 2774 natura,
918 2699 1014 2761 tentia
1033 2701 1173 2775 Petrum,
1200 2706 1258 2771 est,
1285 2717 1394 2760 eorum
1409 2719 1478 2783 quae
1491 2707 1603 2761 natura
1616 2709 1689 2762 sunt

116 2792 189 2852 etin
209 2810 304 2854 unam
330 2798 461 2853 coeunte
475 2800 669 2871 personam‘.
684 2813 700 2849 ν
718 2792 779 2853 Ubi
790 2794 869 2853 coire
919 2792 1052 2863 diversa,
1066 2793 1382 2853 concursusinunam
1392 2791 1599 2872 hypostasim:
1616 2810 1689 2854 eum

116 2882 268 2946 hamdene
294 2903 465 2957 emortum,
489 2883 568 2945 nihil
584 2883 670 2945 aliud
695 2890 752 2959 est,
775 2902 870 2963 quam
917 2889 1087 2963 utrumque
1105 2884 1342 2961 conjunctorum
1364 2901 1436 2944 cum
1459 2884 1566 2957 altero,
1595 2888 1688 2943 natu·

116 2975 182 3034 soii
196 2977 227 3036 ab
239 2995 332 3037 uuam
351 2974 546 3057 hypostasim
562 2980 598 3034 ut
610 2975 704 3055 vulgo
717 2976 869 3055 interpre·
917 2976 1015 3038 ralem
1042 2976 1262 3055 proprietatem
1284 2976 1454 3052 sinceram,
1484 2980 1515 3035 et
1542 2975 1689 3035 immute-

116 3066 162 3126 un*
172 3067 275 3131 solent.
918 3068 1026 3143 bilem,
1041 3075 1134 3147 atque
1147 3068 1311 3130 indivisam
1325 3067 1528 3129 retinerem
1541 3067 1690 3145 Eulogius

146 3157 215 3219 xiv.
236 3159 355 3233 Quinta
368 3159 505 3238 synodm
517 3159 659 3221 eamdem
679 3158 869 3220 locutionem
918 3159 1002 3238 apud
1025 3160 1181 3232 Photium,
1203 3180 1217 3215 a
1234 3159 1313 3220 nihil
1326 3159 1411 3220 mind
1425 3159 1600 3239 significare
1614 3159 1689 3219 uni-

116 3257 278 3326 asusuo,et
293 3251 479 3313 auctoritate
493 3251 674 3312 confirmat:
690 3250 870 3311 utexillius
918 3252 1037 3313 tionem
1055 3252 1227 3312 secundum
1249 3252 1442 3330 hypostasim
1473 3250 1590 3329 cyrillo
1603 3250 1688 3324 dicit,

115 3341 363 3404 mathematismis
393 3341 543 3403 constat⁸.
571 3343 651 3403 Tum
685 3359 756 3421 quae
788 3342 870 3403 hanc
918 3343 979 3403 nisi
992 3343 1187 3423 hypostasim
1199 3342 1294 3403 Verbi
1313 3359 1385 3402 cum
1411 3343 1551 3402 humana
1576 3348 1690 3402 natura

115 3439 199 3494 muta
228 3441 286 3509 est,
327 3438 416 3495 sexta
440 3438 549 3495 contm
575 3432 809 3501 Monotheleus
838 3434 870 3494 in
918 3434 1060 3497 sineusss
1068 3434 1267 3497 converuone
1281 3434 1458 3513 copulatam
1470 3433 1628 3494 fuisset»

114 3520 273 3603 delatione
286 3523 363 3606 fidei
378 3524 402 3585 ⁸.
425 3526 469 3586 Ac
495 3525 708 3587 lastinianum
734 3525 867 3604 impera·
958 3527 1096 3587 loannes
1120 3544 1194 3586 vero
1218 3527 1440 3602 Damascenus,
1472 3546 1488 3584 ο
1514 3524 1619 3586 Unitio
1646 3531 1692 3587 est

113 3615 869 3697 brambPrafessa'oaefideisicloquentemappro·
918 3618 1089 3679 secundum
1114 3617 1316 3697 hypostasim,
1345 3618 1399 3692 ait,
1426 3635 1489 3697 qua
1513 3634 1552 3677 ex
1571 3618 1693 3678 neutris

114 3704 182 3769 baut
216 3708 362 3789 qarinta⁸3
405 3710 616 3789 Sophronium
658 3710 869 3771 Patriaroham
919 3709 1041 3771 duabus
1067 3727 1117 3770 res
1140 3709 1179 3770 fit
1205 3726 1270 3770 una
1295 3708 1475 3771 subsistens.
1500 3710 1544 3770 Ac
1570 3727 1689 3782 rursus,

115 3797 416 3881 hierosolymitanum
425 3800 449 3877 ⁰,
473 3808 560 3863 muta
582 3801 729 3880 synodus.
752 3802 868 3863 Eadem
920 3801 1020 3862 unitio
1040 3801 1211 3862 seeundum
1233 3802 1426 3880 hypostasim
1446 3800 1500 3876 fit,
1520 3817 1558 3860 ex
1571 3800 1691 3861 duabus

113 3900 292 3955 asemenmt
317 3895 466 3955 adversus
489 3893 650 3954 haereticos
666 3892 869 3955 eruditissimi
917 3893 1022 3963 rebus,
1038 3892 1071 3953 in
1085 3910 1304 3973 unaparsona.
1320 3893 1397 3953 Item
1407 3891 1507 3952 unitio
1517 3892 1691 3951 meandum

114 3998 141 4042 aa
156 3985 337 4047 anaimimi
363 3986 478 4065 quque
494 3984 654 4046 catholicas
667 3984 739 4046 fidei
751 4003 867 4065 propu-
919 3984 1111 4064 hypostasim
1122 3991 1180 4060 est,
1196 4003 1268 4046 cum
1277 3984 1365 4045 alteri
1377 3982 1537 4063 hypostasi
1546 3982 1691 4062 adjuncta

113 4080 251 4152 tastum:
281 4082 316 4139 et
342 4077 424 4139 inter
448 4076 506 4139 hos
524 4076 671 4155 Eulogius
683 4073 707 4153 ⁷,
734 4078 788 4155 qui
811 4095 868 4155 pro
917 4081 1148 4137 neuneu.»

139 4286 158 4325 a
171 4273 279 4330 Carus.
291 4273 327 4329 in
340 4271 533 4343 sperabas.
544 4271 575 4328 in
588 4287 646 4343 per.
661 4272 699 4328 lll
714 4271 783 4343 liph.
799 4287 862 4342 syn.
951 4287 967 4328 e
983 4271 1088 4328 ursin.
1102 4270 1178 4340 apud
1194 4270 1277 4326 Eutb.
1291 4271 1324 4326 lu
1332 4273 1443 4342 Paaop.
1455 4285 1512 4340 par.
1525 4270 1560 4337 II,
1575 4271 1620 4327 tit.
1632 4271 1690 4330 XV.

112 4349 151 4404 [οἱ
160 4355 220 4416 bela
235 4356 271 4411 ἑνὶ
282 4356 560 4429 προσότηννοοόμενος.
573 4349 608 4418 εἷς
617 4356 664 4428 γὰρ
672 4356 753 4428 κόρους
766 4352 866 4422 Ἰησοῦς
917 4353 977 4408 Καθ’
991 4352 1179 4425 balneatoriis
1194 4349 1237 4406 olto
1255 4353 1340 4415 ἕνωσός
1353 4351 1404 4407 ἐστι
1418 4352 1481 4405 κατὰ
1495 4355 1552 4415 τους
1572 4355 1691 4426 πατέρας,

111 4431 207 4506 Χριστός,
220 4442 264 4494 κᾶν
278 4440 295 4507 ἡ
310 4446 362 4493 τῶν
379 4439 517 4511 φόσιωνμη
533 4438 651 4511 ἀγνοῆται
665 4438 779 4511 διαφορὰ,
794 4436 818 4501 ἔξ
832 4434 868 4493 ὧν
918 4434 994 4504 ἡτῶν
1010 4436 1168 4507 ἒττρυουσόων
1186 4434 1221 4496 εἰς
1236 4435 1292 4507 μίαν
1306 4435 1440 4490 ὑπόστασιν
1454 4436 1565 4502 σύνοδος,
1577 4435 1692 4509 lantpert

112 4515 147 4585 fit
159 4518 292 4594 ἂπυρῥνὶτον
309 4523 397 4576 ἕνωσιν
412 4522 551 4594 πεπρᾶχθαί
564 4541 653 4593 φαμεν.
918 4525 968 4574 τῶν
982 4518 1037 4572 κατ’
1047 4517 1122 4586 αυτὴν
1137 4519 1301 4590 συγκειμένων
1316 4518 1376 4590 πρός
1387 4519 1417 4573 τό
1431 4519 1514 4591 ἕτερον
1529 4520 1574 4589 τὴν
1588 4519 1691 4592 φυσικὴν

142 4601 226 4659 biso
239 4622 313 4677 papa
331 4604 362 4660 in
376 4610 432 4660 aul.
452 4620 472 4659 11
486 4604 585 4674 synod.
604 4603 699 4660 Chala.
719 4603 765 4657 Διὰ
779 4604 868 4672 ταύτην
919 4600 1028 4671 ἰδιότητα
1049 4601 1176 4655 ἀνόθευτόν
1190 4619 1227 4668 τε,
1248 4602 1288 4654 καὶ
1316 4600 1487 4673 ἀμετόόλητον
1514 4601 1626 4676 ἔχοντος,
1649 4605 1690 4657 καὶ

111 4683 179 4739 witus
194 4694 237 4741 roi
254 4689 392 4761 προσώπου
406 4687 449 4755 τὴν
469 4678 566 4741 linctu:
582 4686 626 4754 τὴν
646 4685 670 4739 ἔν
685 4685 788 4759 {adripe
801 4686 869 4758 φύσει
919 4683 1067 4757 ἀδιαίρετον.
1450 4676 1452 4679 ’

112 4768 201 4821 νοεῖσθαι
209 4770 368 4842 ὀφείλουσαν.
954 4767 1091 4841 [Euroo.
1109 4766 1138 4822 in
1154 4766 1215 4822 cod.
1242 4783 1349 4823 ccxxvi.
1369 4766 1448 4822 Phot.
1472 4768 1541 4836 Φησὶ
1567 4767 1594 4821 δὲ
1617 4769 1691 4837 tud

140 4851 235 4907 elhid.
268 4854 418 4925 Σωζομέυης
439 4851 521 4905 τοίνυν
543 4854 587 4919 τῆς
609 4851 730 4921 ἰδιότητος
756 4851 870 4924 ἓντατέρας
917 4850 972 4905 καθ’
985 4850 1117 4905 ότόστασιν
1139 4851 1225 4914 ἕνωσις
1246 4856 1284 4923 τῷ
1305 4851 1425 4923 bressola>
1447 4851 1563 4923 Κυρίλλῳ
1578 4852 1691 4923 βοόλυται

111 4927 198 4997 φόως,
210 4936 251 4988 καὶ
265 4935 300 4997 εἰς
311 4935 338 4989 lt
350 4938 483 5008 πρόσωπον
498 4935 636 5003 συνιούσης.
917 4935 1018 5003 δηλοῦν,
1043 4933 1077 4996 ὡς
1101 4932 1117 5001 η
1140 4937 1185 4987 τοῦ
1212 4934 1289 5005 λόγου
1309 4933 1443 4997 ότόστασις
1464 4931 1602 5007 &ripuaria
1622 4935 1691 5005 φύσει

137 5011 260 5073 disne·
289 5016 366 5074 hom.
390 5017 427 5074 de
450 5016 600 5089 Ttansfiq.
627 5016 794 5086 ‘inaccurati
818 5023 868 5071 τῶν
916 5015 998 5084 trau
1011 5015 1146 5088 ἀτρέπτως.

110 5097 261 5153 συνελθόντων
287 5099 382 5170 lutras.
406 5101 440 5158 El
467 5098 580 5155 Procius
602 5099 677 5172 apud
701 5099 779 5156 Pbot.
805 5099 867 5157 cod.
952 5098 1061 5170 ybas.
1077 5097 1159 5154 [καὶ.
1185 5115 1245 5170 cap.
1272 5115 1344 5155 nstv.
1363 5098 1426 5153 Καθ’
1437 5099 1570 5154 ὑπόστασιν
1589 5098 1632 5171 μὲν
1646 5094 1689 5153 οὖν

110 5188 202 5249 mm,
215 5197 274 5240 ter.
291 5182 335 5239 33.
919 5179 980 5245 lost,
996 5181 1025 5235 τό
1039 5179 1066 5233 ἐκ
1077 5182 1199 5255 διαφόρων
1209 5180 1304 5254 φύσεων
1313 5181 1423 5254 ὑφεστὼς
1436 5184 1546 5254 πρᾶγμα.
1561 5181 1602 5234 καὶ
1615 5181 1688 5237 πόλιν

131 5345 142 5387 ¹
155 5346 228 5394 cisia
241 5352 295 5407 syn.
303 5357 345 5396 aot.
356 5351 432 5397 u.-t
444 5351 510 5408 Apud
521 5350 583 5398 Pbot.
591 5350 641 5396 sod.
649 5350 744 5396 ssa.-a
757 5351 823 5396 Anat.
834 5362 866 5403 rr,
877 5362 899 5397 ν.
909 5361 950 5402 ru,
958 5362 999 5394 rur
1007 5348 1085 5395 lacot.
1093 5348 1162 5395 8.-i
1171 5349 1493 5405 Tom.VCono.aot.xt111,-5
1504 5347 1585 5393 Tomi
1592 5349 1688 5395 Cane.-

108 5402 204 5453 ttoni
217 5412 333 5460 cona-l
345 5414 410 5469 Apud
418 5413 480 5458 Pbot.
493 5413 542 5458 eoi.
551 5413 593 5457 tta
602 5420 624 5458 et
637 5413 735 5469 ssu-8
747 5413 813 5469 Apud
828 5413 901 5458 eumd.
914 5413 963 5458 ool.
978 5411 1020 5455 aas
1031 5416 1052 5456 at
1061 5411 1138 5456 Ἀθ.-
1146 5413 1161 5458 9
1169 5412 1209 5459 cit.
1220 5424 1269 5468 esp.
1282 5423 1313 5463 rr,
1325 5412 1341 5469 s
1351 5411 1401 5456 8.-
1412 5412 1440 5456 so
1452 5411 1477 5455 lu
1489 5410 1597 5467 dialeap.
1610 5419 1688 5457 narrat

110 5462 124 5505 Ι·
135 5465 164 5511 111
173 5472 199 5516 ds
209 5474 262 5518 rtis
273 5485 295 5519 ο.
305 5474 530 5521 n.-trsas1.te
540 5476 585 5522 itte.
595 5486 616 5520 c.
627 5486 686 5522 rr.—
697 5477 725 5522 tt
737 5476 763 5521 ln
775 5476 792 5519 Ι.
804 5476 903 5522 emsd.-
912 5475 939 5520 tt
951 5474 996 5520 ms
1006 5476 1065 5520 eom.
1075 5477 1138 5529 Aoep.
1148 5479 1166 5519 t.
1177 5474 1206 5518 Π
1217 5475 1273 5520 stit.
1288 5476 1336 5521 Pet.
1349 5471 1474 5519 otim-
1485 5470 1684 5529 elisraelletts.
