4078 6162
527 349 578 410 nu
598 348 895 426 ιιιοιιιιιιιιοιιιο,
918 348 995 409 ms.
1018 348 1071 427 ιιι,
1092 348 1173 411 ιιι,
1197 350 1251 411 ιιι.
1625 351 1680 413 ιιι

138 514 193 576 llic
210 512 396 594 Apollinaris
410 512 514 574 stator
530 514 601 587 iste,
622 519 775 594 quantum
788 513 868 574 arbi·
916 531 981 575 non
992 531 1089 576 ranam
1110 531 1174 575 esse
1186 514 1296 576 Christi
1314 520 1471 591 naturam,
1487 516 1581 577 etiam
1599 533 1683 577 com·
1740 521 1824 567 ustura

102 615 172 683 tror,
186 623 251 666 nou
268 622 321 667 eos
337 605 507 684 redarguit,
528 606 582 685 qui
603 622 698 666 unam
719 610 866 667 naturam
915 607 1066 685 positam;
1083 612 1245 685 postquam
1266 624 1331 668 non
1345 624 1410 667 esse
1430 606 1612 686 simplicem,
1631 609 1685 669 tri-
1709 573 1856 683 cahoiff‘ssobiiff

102 700 287 761 inosruatam
312 696 433 757 Christo
456 696 662 758 tribuebant:
685 696 760 778 (Hoc
782 697 866 758 euim
915 697 973 758 bus
984 698 1234 759 antecedentibus
1247 698 1397 778 capitibus
1411 697 1611 760 ostendimus.
1710 686 1854 727 ⁰⁰⁰⁰⁸²¹¹¹¹⁸·

103 789 281 871 Apollinaris
305 788 441 863 tradidit,
465 794 497 850 et
524 789 651 868 quidem
674 789 806 869 primus.
830 794 866 848 ut
956 790 1007 849 lV.
1031 790 1210 869 Complures
1237 790 1436 869 antiquorum
1464 791 1601 862 Patrum,
1630 791 1685 869 qui

103 882 191 960 aliqui
205 880 354 952 sentiunt,
378 880 417 940 de
437 897 500 958 quo
523 886 638 960 postea)
661 881 712 941 sed
737 885 867 941 eatenus
915 879 1058 942 subtilius
1075 882 1109 941 iu
1127 881 1186 941 hac
1203 883 1363 942 tractanda
1382 883 1552 961 quoestioue
1569 881 1685 942 versati

102 974 221 1052 castigat
233 992 242 1048 ;
260 971 400 1052 quodita
412 972 597 1033 senteutiam
616 972 701 1033 illam
715 972 866 1051 iuterpre·
914 977 997 1044 suat,
1026 977 1063 1031 ut
1088 972 1165 1033 illud
1190 978 1311 1033 ocurras
1338 974 1432 1034 unius
1459 977 1489 1033 et
1507 973 1685 1052 composita

101 1064 249 1137 labantur,
265 1068 302 1123 ut
310 1064 387 1124 duas
394 1082 432 1124 cx
445 1081 482 1124 ea
496 1063 863 1143 naturasprolitcrentur,
915 1069 1127 1125 mmmentum
1143 1069 1328 1141 everterent,
1350 1065 1459 1125 modos
1479 1082 1588 1125 omues
1606 1082 1683 1125 euu-

102 1156 267 1217 civennam
281 1173 320 1217 cx
333 1156 454 1216 duabus
468 1156 684 1235 compositam.
696 1156 741 1215 lta
752 1174 865 1236 compo·
915 1161 1086 1231 metarunt,
1102 1156 1214 1235 quibus
1228 1174 1328 1217 unum
1345 1157 1505 1236 quippiam
1519 1174 1536 1217 e
1550 1156 1682 1234 duobus,

101 1247 180 1308 ιιίοιιι
196 1253 339 1308 naturum
362 1247 423 1307 dici
446 1265 511 1307 uon
535 1247 652 1324 patitur
675 1247 865 1326 Apollinaris
914 1252 969 1306 aut
982 1246 1123 1324 pluribus
1136 1247 1219 1307 iuter
1233 1266 1265 1308 sc
1281 1248 1452 1326 conjunctis
1466 1248 1544 1308 cilici
1562 1253 1682 1328 potest:

102 1337 279 1418 mapulam
299 1338 388 1416 cujus
419 1343 527 1398 tamen
559 1344 668 1399 auctor
693 1338 866 1417 usurpandi
914 1356 993 1417 quos
1016 1338 1172 1418 inprime
1196 1339 1266 1399 libri
1290 1338 1387 1417 hujus
1410 1340 1509 1418 capite
1531 1340 1684 1419 complexi

101 1428 182 1490 tuisse
201 1428 256 1489 ille
270 1428 336 1508 ipse
355 1428 467 1489 dicitur
483 1428 523 1488 ab
544 1429 732 1508 Ephroemio.
752 1429 812 1490 Sed
831 1429 865 1489 iu
914 1446 1032 1490 sumus.
1048 1430 1164 1508 Majore
1177 1431 1362 1510 compendio
1375 1432 1408 1490 S.
1423 1430 1558 1491 Thomas
1568 1436 1637 1491 trrm
1651 1432 1684 1492 in

101 1520 271 1598 explicanda
283 1519 394 1580 hoercsi
405 1538 462 1580 sua
476 1537 541 1580 nou
555 1520 645 1581 valde
660 1520 720 1581 sibi
729 1520 867 1582 constitit
914 1526 1026 1601 quarto
1040 1520 1395 1598 contraconicensis
1407 1521 1441 1581 in
1454 1520 1586 1583 Summos
1599 1520 1686 1582 Theo-

100 1611 488 1692 Apollinaris‚utinprimo
498 1611 578 1672 libro
587 1611 866 1692 memini'.ltaque
916 1611 1018 1694 loqr‘ooe
1040 1618 1128 1692 parte
1152 1615 1244 1674 tertia
1267 1614 1389 1692 collegit
1414 1612 1555 1691 omnesl,
1568 1613 1684 1674 sedhic

100 1704 158 1765 lieri
171 1709 282 1784 potest,
298 1707 334 1764 ut
354 1703 388 1763 iu
401 1702 455 1763 illo
476 1721 600 1784 quoque
622 1704 661 1764 ab
678 1704 778 1783 scipso
799 1704 864 1765 dis·
914 1705 1006 1785 paulo
1024 1705 1160 1766 brevius.
1183 1707 1219 1766 ln
1237 1705 1290 1766 illo
1310 1724 1384 1766 vero
1403 1704 1541 1766 adamus
1558 1704 1685 1768 Gentiles

101 1797 231 1858 senserit.
913 1795 993 1857 libro
1007 1797 1099 1857 latius
1112 1814 1182 1857 cam
1195 1798 1395 1877 partitionem
1409 1796 1542 1858 diffudit.
1560 1798 1605 1856 Es
1619 1815 1682 1875 quo
1717 1825 1776 1870 vn„
1788 1827 1847 1871 m„

133 1888 185 1948 lll.
202 1888 380 1967 Utcumque
397 1905 447 1948 res
463 1887 568 1965 habat,
583 1905 695 1948 verum
710 1888 788 1948 illud
805 1891 863 1964 est,
915 1888 1373 1968 quadrifariamitadividemus.
1383 1888 1679 1962 Primusestmodus,
1708 1879 1853 1976 “gfftfflgffi·

100 1979 174 2059 quod
192 1980 270 2054 dixi,
291 1983 436 2040 naturam
458 1997 555 2040 uuam
575 1980 864 2059 compositamllce·
914 1998 977 2060 quo
991 1998 1030 2041 ex
1041 1980 1146 2040 multis
1160 1998 1215 2059 per
1229 1980 1421 2041 seabsolutis
1434 1985 1466 2040 et
1478 1980 1606 2057 integris
1619 1998 1683 2040 ma·
1740 1990 1825 2030 unsar.

100 2072 210 2149 phalas,
232 2072 266 2132 id
293 2076 341 2132 est
364 2072 573 2151 Eutychianos
598 2072 734 2132 maxime
761 2077 863 2151 poste·
913 2071 1071 2149 uentibus,
1087 2089 1188 2131 unum
1207 2073 1324 2151 aliquid
1338 2073 1447 2133 ordine
1465 2071 1516 2131 vel
1529 2071 1681 2149 composi-

99 2164 199 2241 tiores,
214 2180 423 2225 asseverasse:
435 2163 518 2242 quod
536 2169 690 2224 testantur
712 2164 865 2224 nominati
914 2163 998 2225 tione
1010 2164 1139 2242 insuper
1148 2163 1270 2224 existit:
1284 2169 1320 2224 ut
1334 2181 1373 2224 ex
1385 2163 1527 2243 pluribus
1533 2162 1684 2222 militibus

99 2256 186 2333 paulo
200 2260 272 2316 ante
292 2255 475 2334 scriptores:
500 2258 532 2315 et
547 2255 629 2316 iuter
649 2255 707 2316 hos
727 2255 864 2335 Soplrro-
915 2255 1067 2316 exercitus
1084 2273 1176 2331 unus,
1211 2273 1249 2317 ax
1277 2255 1422 2316 domibus
1445 2254 1552 2315 multis
1579 2253 1684 2314 civitas

98 2346 199 2419 nius2,
215 2365 250 2407 ac
261 2346 450 2426 Nicephorus
459 2346 573 2407 Callisti
583 2345 594 2379 ⁸
605 2366 613 2407 t
625 2346 678 2425 qui
697 2347 817 2407 erudite
826 2347 865 2409 de
914 2364 977 2406 una
991 2366 997 2406 :
1010 2347 1084 2406 item
1093 2363 1132 2405 ex
1138 2345 1303 2425 lapidibus,
1311 2352 1341 2406 ct
1351 2346 1445 2424 lignis
1455 2345 1595 2405 ordinate
1603 2345 1685 2406 iuter

98 2437 152 2499 hac
166 2437 311 2517 opinione
330 2437 464 2515 disserit,
480 2443 511 2499 et
527 2438 608 2498 hanc
622 2438 747 2499 haeresis
768 2440 864 2519 Euty·
913 2456 946 2499 se
974 2438 1193 2514 coagmentatis
1220 2437 1386 2498 aedificium
1411 2455 1512 2498 unum
1539 2436 1682 2499 struitur.

100 2530 212 2591 chianoe
235 2530 440 2609 propaginem
461 2529 702 2608 exquisitiorem,
725 2529 863 2591 subtilio-
916 2529 1058 2590 Secunda
1082 2530 1198 2609 species
1224 2535 1280 2604 est,
1307 2547 1378 2592 oum
1403 2546 1503 2590 unum
1527 2529 1683 2609 quidpiam

99 2638 221 2701 remque
234 2621 353 2682 cacteris
365 2621 458 2682 fuisse
479 2620 595 2695 scribit,
612 2621 696 2700 qnod
711 2627 863 2700 auctores,
914 2622 1126 2683 commistione
1138 2623 1276 2701 plurium
1294 2621 1445 2695 efficitur3
1462 2621 1543 2681 sicut
1556 2639 1686 2700 corpora

99 2729 130 2773 ac
141 2713 316 2774 defensores
333 2717 424 2773 nacta
438 2713 477 2773 sit
494 2730 634 2774 summos
650 2712 862 2793 philosophos,
914 2714 1125 2776 exclamantis
1138 2713 1309 2793 composita
1327 2720 1400 2774 sunt
1416 2732 1424 2772 t
1442 2719 1494 2773 aut
1507 2718 1544 2773 ut
1559 2714 1640 2773 inter
1653 2731 1686 2773 se

99 2810 127 2864 et
138 2805 218 2866 iuter
229 2804 307 2865 alios
320 2806 474 2866 loannem
484 2804 692 2883 Philopouum
702 2805 866 2866 Tritheita·
913 2807 1030 2886 liquida
1045 2807 1225 2867 miscentur.
1236 2806 1360 2867 Tertius
1373 2806 1484 2866 modus
1497 2811 1554 2877 est,
1567 2822 1685 2866 cumex

99 2913 162 2955 rum
175 2901 267 2957 sactae
281 2896 484 2958 conditorem.
502 2896 602 2975 Atque
615 2896 675 2957 hoc
688 2896 741 2956 illa
753 2897 865 2977 plausi·
913 2898 1055 2980 pluribus
1068 2898 1208 2977 integris,
1224 2915 1282 2958 uec
1296 2897 1433 2973 mutatis,
1445 2902 1546 2957 totum
1559 2896 1685 2976 aliquod

98 2986 194 3063 bilior,
224 2993 256 3048 et
285 2987 474 3049 veuffibilior
505 2987 565 3048 luit
598 2988 865 3068 Eutychiauorum
913 2990 1171 3069 conllatrrr,quod
1185 2989 1335 3069 inteprans
1347 2988 1441 3065 vrrlgo
1455 2987 1577 3048 dicitur.
1590 2988 1683 3061 Quar-

98 3078 192 3157 iactio,
222 3079 305 3159 quod
327 3080 432 3140 minus
451 3078 620 3141 abhorrere
643 3080 682 3141 ab
704 3079 864 3142 communi
914 3087 964 3142 tus
981 3088 1027 3142 est
1040 3086 1410 3161 postremusest,cumex
1424 3079 1683 3140 duobusminime

99 3170 258 3233 hominum
286 3189 390 3242 seusu,
420 3176 451 3231 et
473 3170 563 3232 insita
590 3171 629 3232 de
648 3173 714 3232 Deo
736 3172 864 3234 notiouc
913 3173 1065 3253 perfectis,
1081 3190 1215 3252 quorum
1234 3172 1367 3233 alterum
1384 3171 1530 3253 potentio,
1549 3172 1683 3232 alterum

98 3262 265 3335 videbatur,
282 3280 378 3343 quam
398 3279 484 3323 mera
497 3261 549 3322 illa
563 3263 712 3343 Eutychis
730 3263 862 3342 insania,
913 3274 995 3327 octus
1019 3272 1157 3339 vocatur,
1188 3282 1289 3325 uuum
1314 3264 1452 3325 exoritur
1474 3262 1623 3340 naturale,
1647 3269 1683 3325 ut
1740 3282 1743 3287 ·

98 3373 161 3433 qus
175 3355 231 3416 vel
247 3354 443 3416 divinitatem
463 3353 498 3414 in
517 3354 619 3414 carnis
637 3354 862 3430 substantiam
913 3358 1079 3437 appellant,
1091 3356 1290 3436 compositum.

98 3447 141 3507 rel
162 3448 246 3508 hano
264 3447 300 3507 in
324 3445 411 3506 illam
433 3450 586 3506 mutatam
609 3446 677 3525 pari
699 3446 865 3526 utrobique
954 3445 1684 3527 Quatuorhaecsuntgeneracompositioniscjus-
1720 3465 1800 3512 ιιοιιοι
1814 3476 1840 3509 οι

9 3534 74 3634 ff
98 3538 218 3610 scalere,
241 3557 277 3600 ac
295 3537 400 3599 lurore
422 3537 562 3598 docebat.
586 3538 669 3598 Tum
686 3556 751 3617 praa
770 3539 864 3601 oculis
913 3541 1010 3615 modi,
1029 3539 1172 3619 aquibus
1195 3540 1234 3600 ad
1257 3539 1507 3599 Incaruationem
1524 3535 1683 3598 transferri
1707 3518 1844 3618 puwhsssspp

9 3646 56 3686 ιιι
98 3630 191 3692 dmrle
202 3630 372 3710 quoddam,
386 3635 417 3691 et
427 3629 467 3690 ad
476 3629 571 3690 tidem
578 3627 752 3690 faciendam
764 3631 866 3710 proxi·
913 3632 1081 3693 similitudo
1096 3631 1197 3692 dehet.
1213 3632 1273 3692 Sed
1284 3630 1407 3692 nullum
1415 3648 1454 3692 ex
1461 3628 1607 3692 omnihus
1617 3628 1684 3689 istis
1708 3625 1852 3671 ”immit-

9 3699 77 3747 Μ
99 3740 179 3783 mum
188 3704 371 3801 exemplum
381 3724 496 3782 natura
509 3720 866 3800 ipsaeoustituissevide-
913 3724 1078 3804 quadrare,
1093 3740 1195 3802 perse
1213 3723 1315 3803 quivis
1333 3722 1486 3801 intelligit.
1502 3723 1581 3782 Nam
1600 3719 1684 3800 quod

98 3811 183 3875 hatur
207 3814 241 3874 iu
263 3813 414 3887 homine;
429 3812 518 3890 cujus
541 3830 604 3872 uua
622 3830 661 3873 ex
681 3812 813 3878 duabus.
834 3820 865 3875 et
913 3817 1051 3896 primum
1067 3820 1125 3890 est,
1141 3833 1205 3875 nou
1220 3833 1321 3876 unum
1334 3814 1453 3893 aliquid
1465 3812 1591 3893 proprie
1609 3829 1683 3872 con·

98 3903 297 3966 dissimilibus
315 3909 428 3964 natura
452 3902 605 3977 coalescit,
625 3903 777 3965 animast
796 3924 863 3966 cor·
913 3908 989 3980 ficit,
1013 3906 1067 3966 sed
1086 3924 1125 3967 ex
1144 3907 1306 3984 accidenti,
1328 3911 1359 3967 et
1376 3912 1442 3967 arte
1465 3904 1567 3984 potius
1589 3919 1685 3982 quam

97 4014 167 4076 pore
182 4014 267 4076 :quo
288 3995 417 4057 nihilad
437 3994 662 4056 incarnationis
674 3995 864 4057 adumbrari·
913 4003 1037 4058 natura.
1062 3998 1134 4058 ldeo
1158 4015 1223 4059 non
1242 4016 1307 4058 uua
1329 3997 1403 4058 iude
1426 4001 1538 4057 natura
1559 4010 1684 4073 compo·

98 4086 169 4150 dum
181 4088 371 4167 mysterium
382 4087 484 4166 aptius
500 4087 643 4148 occurrit.
914 4090 1011 4150 nitur.
1034 4088 1213 4150 Secundum
1233 4106 1332 4168 genus
1349 4088 1462 4148 ideirco
1486 4085 1622 4146 alienum
1640 4091 1687 4146 est

134 4181 282 4255 Quocirca
305 4197 449 4257 maguus,
475 4179 558 4239 utin
576 4195 611 4239 re
629 4178 756 4252 difficili,
776 4185 807 4240 et
826 4181 864 4241 ad
915 4180 1027 4241 abhoc
1041 4180 1199 4259 mysterio,
1216 4180 1300 4260 quod
1319 4178 1525 4239 mutationem
1539 4176 1638 4250 affert,
1655 4181 1687 4237 et

99 4270 345 4351 investigandum
355 4288 495 4351 operosa,
506 4270 595 4330 labor
604 4270 863 4349 estadhibendus,
915 4272 1135 4334 extinctionem
1156 4272 1252 4351 partis
1272 4270 1409 4344 alterius,
1432 4275 1487 4330 aut
1499 4269 1594 4330 etiam
1616 4285 1684 4328 om-

97 4364 141 4423 uti
159 4382 234 4426 vera
255 4361 358 4437 uobis,
382 4368 413 4423 et
432 4361 543 4422 idonea
560 4360 640 4422 ratio
661 4368 791 4439 constet,
810 4382 865 4424 cur
913 4365 1014 4424 nium.
1033 4363 1066 4423 Si
1090 4364 1215 4441 quidem
1238 4363 1301 4423 sola
1324 4381 1361 4422 ea
1384 4363 1426 4422 sic
1446 4362 1624 4440 junguntur
1647 4360 1686 4422 sd

99 4472 159 4515 nou
172 4456 283 4517 itidem
305 4454 389 4514 utin
408 4453 546 4514 hominis
568 4458 721 4514 structura
733 4453 779 4531 fit,
803 4474 866 4516 una
915 4461 1035 4516 naturae
1049 4455 1144 4515 unius
1157 4454 1363 4522 effectionem,
1378 4472 1448 4533 qua
1461 4474 1477 4511 ο
1485 4468 1686 4513 communem

100 4563 134 4607 cx
154 4547 325 4621 divinitate,
350 4550 382 4606 et
400 4544 594 4606 humanitate
615 4544 765 4625 copulatis
784 4546 866 4608 inter
913 4547 1032 4608 hahent
1045 4546 1319 4626 materiam‚atque
1333 4547 1366 4605 in
1378 4550 1530 4621 se‚etase
1540 4544 1685 4621 faciendi,

99 4645 247 4700 sanatura
267 4642 445 4715 osnsurgat,
461 4654 532 4715 quoe
550 4635 661 4697 Christi
680 4637 734 4698 Dei
751 4638 866 4716 pariter
914 4657 951 4700 sc
973 4638 1109 4718 patiendi
1133 4643 1312 4717 potestaten
1330 4637 1460 4716 praedita
1480 4641 1564 4711 sunt,
1587 4642 1624 4698 ut
1643 4636 1687 4698 ait

101 4729 275 4791 ethominis
287 4727 622 4809 peculiarishabeatur.
915 4728 1071 4791 Boetiust.
1088 4754 1102 4783 a

137 4821 196 4883 Sed
208 4826 302 4883 antea
315 4819 594 4882 demonstrandum
603 4819 685 4881 istud
694 4820 797 4899 ipsum
808 4827 864 4901 est,
956 4822 1044 4895 Quod
1060 4822 1086 4881 si
1101 4838 1201 4882 uuum
1212 4838 1230 4881 e
1243 4821 1366 4882 duobus
1379 4820 1410 4881 vi
1423 4827 1454 4881 et
1468 4820 1626 4900 qualitate,
1636 4819 1687 4880 vel

99 5022 144 5057 nor
157 5005 199 5058 τὀν
211 5005 296 5078 arisbe,
319 5003 365 5059 oda
389 5004 545 5078 αἰσχύνονται
568 5004 625 5077 μίαν
639 5006 709 5076 ptiust
730 5007 866 5079 τοῦλόγου
915 5010 994 5080 γεῖτοιι
1009 5008 1165 5080 καινοτομία,
1184 5008 1225 5061 καὶ
1247 5007 1391 5063 Ἀθαναοίου
1406 5008 1423 5077 ἡ
1437 5008 1525 5078 οἴησις,
1544 5009 1648 5062 καὶτῶν
1662 5007 1687 5061 ἕν

99 5089 292 5161 παρημένην,
309 5089 417 5158 καθάπερ
432 5087 490 5160 μίαν
504 5087 617 5142 σύνθετον
636 5088 822 5161 ὁμολογοῦντος.
838 5088 868 5142 Et
920 5089 1017 5162 Ἰταλίᾳ
1030 5091 1044 5143 ὁ
1058 5091 1139 5161 tripos.
1153 5091 1195 5143 sel
1209 5093 1405 5164 σχηματίζονται
1425 5090 1479 5164 μὲν,
1496 5092 1530 5154 ὡς
1543 5092 1612 5157 δῆθεν
1625 5089 1687 5162 ἡμί-

99 5168 145 5241 ῐᾶρ
164 5171 216 5233 θεὸς
236 5173 340 5235 τῠιιιος,
359 5171 399 5225 sul
422 5172 546 5243 ἅνθρωπος
567 5172 660 5234 russos
684 5171 699 5224 d
723 5171 808 5237 αὐτὸς,
823 5172 867 5226 tto
916 5192 993 5245 τεροι,
1005 5175 1102 5245 φρονεῖν
1116 5172 1148 5226 τὰ
1161 5167 1205 5227 coir
1223 5173 1295 5246 ἁγίου
1309 5175 1399 5247 πατρὸς
1413 5173 1485 5247 ἡμῶν
1504 5172 1686 5243 Ἀπολιναρίον,

99 5252 179 5322 pierre
198 5254 273 5327 dpud
290 5253 372 5317 οὗτος·
391 5254 499 5327 καθάπερ
512 5253 528 5322 ἡ
542 5258 591 5308 τῶν
609 5253 780 5309 Καππαδοκῶν
802 5255 867 5324 squ·
916 5256 1062 5329 κηρύττουσι
1069 5256 1209 5330 δὲκαθάιιερ
1218 5257 1242 5310 οἱ
1251 5258 1378 5330 Γρηγόριοι
1386 5256 1431 5324 τὴν
1439 5261 1490 5309 τῶν
1499 5256 1592 5327 φύσεων
1600 5255 1686 5308 δυάδα.

100 5467 113 5506 ⁸
125 5403 151 5509 11Ἰ
152 5404 214 5512 ενι
220 5416 284 5513 qiu-‘3
290 5405 346 5515 tuqq
357 5406 421 5462 optut.
433 5407 462 5452 ad
473 5407 536 5452 Sero.
549 5410 593 5452 act.
602 5417 632 5458 rr,
642 5417 690 5463 ayn.
705 5418 764 5452 ιι-
774 5406 789 5450 a
801 5405 917 5462 ltlcaphor.
929 5408 967 5452 llb.
982 5419 1046 5458 xrrrr,
1059 5417 1109 5463 cap.
1123 5408 1232 5452 rara-t
1246 5408 1298 5462 Cap.
1308 5418 1397 5452 mr.-
1408 5407 1422 5449 5
1435 5407 1514 5458 Quasi.
1529 5417 1554 5453 u,
1566 5404 1630 5449 astla.
1640 5405 1689 5450 t.-
