4122 6248
581 206 635 266 DE
656 204 956 281 INGARNATIONE,
978 205 1052 265 LIB.
1075 204 1113 277 V,
1136 203 1220 264 CAP.
1243 204 1333 263 XIII.
1681 201 1738 262 atr

157 372 277 435 Christo
289 374 498 454 reperiuntur.
514 371 602 433 Idem
631 388 773 433 sermone
786 372 877 434 tertio
891 373 923 431 ia
1014 371 1150 431 Ioannes
1169 369 1243 430 item
1268 367 1473 429 Damascenus
1492 367 1527 426 in
1547 365 1627 427 libro
1651 367 1743 427 tertio

161 463 302 544 Vigiliam
342 465 518 528 Natiuitatis
555 464 686 539 Domini,
726 485 741 522 a
772 463 921 540 Verbum,
974 460 1108 535 deusde,
1121 463 1219 540 capite
1232 478 1369 534 uranon
1382 465 1472 539 putat
1485 458 1651 520 dicendum
1665 476 1740 536 esse,

156 555 267 635 inquit,
283 562 314 621 et
327 557 443 631 anima,
460 564 491 618 et
509 575 579 618 caro
594 557 628 617 in
641 574 738 617 unam
751 574 924 618 convenere
974 554 1132 614 Christum
1145 572 1184 615 cx
1203 552 1302 614 tribus
1316 552 1377 614 illis
1390 552 1536 630 componi
1554 550 1740 610 substantiis.

156 666 332 728 personam,
351 650 460 711 ethsec
482 650 543 710 tria
560 667 673 722 unum,
700 649 800 711 ethoc
822 666 923 710 unum
978 645 1124 706 «Etenim
1139 645 1250 716 omnis,
1265 644 1320 720 ait,
1349 642 1529 723 compositio
1550 661 1589 703 ex
1604 643 1641 702 iis
1662 643 1743 702 dun·

156 741 214 800 tria
226 761 234 817 ;
248 760 314 802 non
334 742 514 804 confusione
528 741 720 814 substantiae,
738 742 791 802 sed
804 742 924 801 unitate
973 742 1069 813 taxat,
1085 756 1154 817 quas
1167 737 1308 816 proxime
1326 741 1567 815 componuntur,
1586 733 1656 795 fieri
1668 733 1743 795 dici·

156 850 335 912 personae.u
352 836 391 894 Et
403 838 475 895 ante
486 835 571 894 hunc
585 833 761 913 Stephanus
772 832 925 893 llduensIs
973 832 1038 889 tur.
1054 829 1123 890 Nou
1139 829 1223 890 enim
1248 829 1391 904 dicimus,
1403 826 1533 888 domum
1557 845 1596 887 ex
1610 844 1691 904 aqua
1713 832 1745 887 et

156 924 487 1004 episcopusinlibrode
498 923 813 996 Sacramentocltoria,
826 924 924 1003 capito
973 926 1057 984 terra
1074 922 1286 1001 *compositam
1299 939 1377 995 esse,
1393 920 1446 981 sed
1466 937 1505 980 ex
1528 917 1688 989 lateribus,
1714 923 1746 979 et

155 1032 227 1077 ruri.
243 1017 439 1093 «Credimus,
456 1017 508 1092 ait,
531 1017 565 1077 iu
589 1017 709 1077 Christo
731 1017 809 1076 duas
830 1015 924 1076 fuisse
975 1014 1077 1093 lignis.
1094 1014 1218 1092 Alioqui
1232 1031 1356 1075 necesse
1374 1012 1435 1073 erit
1451 1011 1564 1084 dicere,
1583 1011 1745 1072 hominem

157 1114 283 1169 naturas
296 1126 303 1167 τ
316 1108 466 1177 divinam,
482 1113 514 1169 et
526 1108 708 1182 humanam,
729 1113 760 1170 et
774 1114 838 1168 tres
851 1106 923 1168 sub·
975 1123 1013 1167 ex
1031 1105 1181 1185 quinque,
1201 1111 1237 1166 ut
1257 1105 1436 1180 minimum,
1453 1108 1593 1165 constare
1613 1102 1745 1177 naturis,

156 1200 294 1273 stantius,
309 1200 459 1272 divinam,
480 1219 617 1274 manem,
642 1206 673 1261 et
692 1199 868 1260 animam.»
885 1200 926 1260 At
974 1214 1088 1276 nempe
1101 1215 1139 1258 ex
1151 1204 1286 1277 quatuor
1296 1197 1468 1269 elementis,
1478 1201 1509 1256 et
1519 1195 1634 1255 anima.
1648 1194 1700 1255 Sic
1713 1194 1747 1254 iu

82 1299 85 1304 '
156 1292 300 1353 nonnulli
323 1293 401 1355 adeo
416 1292 515 1354 tribus
527 1293 588 1353 illis
606 1299 746 1354 constare
770 1292 927 1354 Clnistum
974 1288 1050 1351 Iesu
1065 1289 1184 1350 Christo
1199 1290 1335 1351 Domino
1345 1294 1464 1364 nostro,
1477 1305 1541 1349 non
1556 1292 1659 1366 partes
1672 1304 1747 1348 con-

156 1384 298 1445 arbitrati
322 1391 408 1461 sunt,
433 1391 470 1447 ut
489 1385 524 1447 in
555 1385 613 1447 hac
647 1386 795 1465 opinione
832 1385 926 1447 etiam
976 1380 1147 1442 sideramus
1177 1382 1325 1462 partium,
1356 1380 1409 1442 sed
1438 1398 1486 1454 ea,
1511 1397 1582 1459 quae
1604 1378 1747 1458 proxime

156 1478 287 1539 modum
301 1479 506 1539 excesserint:
519 1477 670 1558 ejusmodi
683 1477 927 1558 iuere‚quorum
975 1472 1058 1534 inter
1067 1492 1098 1535 se
1112 1479 1358 1554 componuntur,
1373 1473 1580 1549 divinitatem,
1595 1477 1626 1532 et
1638 1471 1749 1531 buma-

157 1569 305 1648 Magister
319 1570 543 1631 sontentiarum
558 1569 713 1645 meminIt,
724 1575 756 1630 et
769 1588 826 1630 uos
839 1588 878 1631 ex
890 1587 927 1630 eo
975 1565 1165 1626 nitatem⁰.o

157 1660 285 1741 supra¹,
300 1661 355 1741 qui
375 1680 414 1722 ex
439 1661 540 1722 tribus
568 1663 607 1723 de
634 1662 782 1722 humanae
807 1666 928 1722 naturae
1019 1658 1056 1717 V.
1084 1657 1365 1718 Franrofordiensis
1392 1658 1530 1737 synodus
1556 1656 1592 1717 in
1621 1657 1750 1737 epistola

158 1771 231 1815 cum
265 1754 369 1814 Verbo
393 1753 591 1832 copulatione
616 1753 777 1815 sententiis
803 1755 929 1815 tertiam
979 1749 1127 1828 synodica
1144 1749 1184 1810 ad
1200 1750 1359 1828 episcopos
1370 1746 1552 1828 Hispaniae⁸,
1572 1749 1748 1809 contraEli·

159 1845 291 1926 amplexi
303 1852 387 1922 sunt,
399 1863 469 1925 quac
480 1864 551 1907 cum
561 1845 667 1906 anima
679 1864 715 1906 ac
726 1864 855 1925 corpore
864 1864 929 1906 non
978 1839 1118 1920 pandum
1136 1841 1321 1902 l'oletanum
1335 1840 1525 1920 episcopum,
1543 1861 1559 1897 ο
1573 1841 1635 1901 Νοο
1653 1859 1749 1919 nega·

160 1937 347 2017 conjunctis,
376 1939 429 1999 sed
452 1939 618 2018 separatim
642 1938 772 2016 singulis
791 1939 930 2000 Verbum
979 1950 1062 2007 mus,
1076 1932 1202 2013 inquit,
1219 1939 1250 1994 et
1262 1951 1329 2006 nos,
1348 1933 1471 1993 Christo
1481 1932 1548 1994 lraec
1561 1932 1621 1992 tria
1632 1934 1749 1994 ueraci-

160 2030 288 2091 unitum
298 2047 365 2091 esse
376 2029 491 2091 statuit.
502 2029 579 2091 Vide
590 2047 660 2109 que
671 2030 775 2091 dehoc
784 2029 931 2111 opinione
980 2031 1027 2086 ter
1048 2026 1158 2102 inesse,
1183 2025 1377 2087 divinitatem
1401 2025 1528 2096 scilicet,
1557 2024 1697 2085 animam
1720 2031 1751 2087 et

161 2121 229 2184 looo
243 2121 298 2183 illo
311 2121 500 2201 scripsimus.
981 2134 1105 2196 corpus.
1122 2118 1181 2178 Sed
1195 2116 1268 2197 quia
1282 2135 1354 2178 vere
1368 2118 1449 2177 Deus
1463 2121 1494 2177 at
1511 2116 1605 2176 homo
1627 2116 1749 2193 dicitur,

31 2222 72 2268 un
92 2224 127 2279 σιν
200 2213 257 2274 IV.
275 2214 315 2273 At
325 2231 399 2274 vero
411 2210 598 2274 substantias
612 2211 645 2271 in
660 2211 784 2272 Christo
797 2217 861 2273 tres
873 2210 933 2291 dici
982 2208 1016 2268 in
1031 2210 1085 2269 Dei
1099 2210 1227 2270 nominc
1248 2214 1350 2270 totum
1369 2209 1451 2288 quod
1470 2209 1528 2269 Dei
1548 2214 1594 2269 est
1609 2209 1751 2287 designa-

39 2285 115 2336 ’Μ
161 2325 229 2367 non
242 2310 385 2384 oportere
399 2303 508 2366 asserit
524 2302 678 2383 imprimis
691 2303 840 2364 Leontius
854 2304 933 2365 libro
983 2306 1052 2361 tur:
1066 2302 1101 2362 in
1120 2302 1255 2362 hominis
1273 2320 1348 2363 vero
1366 2307 1468 2367 totum
1486 2301 1637 2381 quidquid
1650 2301 1752 2362 homi·

163 2398 267 2477 primo
280 2404 386 2458 contra
401 2395 585 2467 Nestorium,
605 2404 635 2457 ct
653 2394 821 2475 Eutychos
836 2396 934 2457 :Nam
983 2394 1032 2455 nis
1046 2401 1093 2456 cst
1105 2393 1310 2473 intelligitur;
1326 2394 1396 2455 ideo
1411 2394 1532 2470 sufficit,
1552 2394 1584 2453 iu
1599 2411 1637 2454 eo
1657 2411 1753 2455 unam

168 2488 396 2560 «divisionem,
416 2488 493 2562 ait²,
507 2487 602 2550 totius
615 2487 647 2547 in
662 2494 766 2566 partes
778 2487 932 2550 facimus:
984 2486 1152 2566 perlectam
1176 2486 1357 2561 divinitatis,
1383 2490 1414 2546 et
1438 2485 1568 2546 alteram
1587 2485 1754 2567 perlectam
1874 2554 1878 2561 ,

164 2580 303 2642 dividere
323 2588 429 2642 autem
447 2579 480 2641 in
500 2586 602 2659 partes
623 2580 759 2659 partium
780 2585 847 2659 post
868 2580 935 2659 pri·
984 2578 1187 2639 humanitatis
1202 2577 1342 2639 confiteri
1355 2578 1571 2640 substantiam.
1591 2577 1684 2638 Aliud
1709 2584 1755 2639 est

165 2691 254 2734 mam
281 2672 464 2733 divisionem
491 2671 659 2732 ridiculum
684 2669 789 2732 est¹.»
813 2670 937 2751 Alioqui
986 2671 1082 2746 enim,
1110 2673 1220 2733 contra
1251 2670 1412 2731 haereticos
1444 2670 1652 2732 contendere:
1670 2669 1756 2732 aliud

165 2783 234 2826 non
254 2763 356 2825 solum
370 2764 441 2824 duae
462 2762 666 2824 numeranda.
686 2769 779 2825 errant
801 2763 937 2824 hominis
985 2780 1059 2823 vero
1073 2779 1186 2842 puram
1198 2760 1332 2822 fideliter
1346 2761 1441 2822 fidem
1450 2760 1600 2822 confiteri.
1611 2761 1659 2821 lbi
1670 2761 1755 2821 enim

165 2860 283 2936 partes,
297 2856 460 2917 sedetiam
477 2855 591 2935 plures.
610 2854 770 2934 Siquidem
786 2854 891 2915 anima
904 2855 938 2914 in
986 2854 1101 2915 veritas
1114 2854 1237 2926 anima,
1254 2858 1285 2914 et
1298 2854 1399 2914 carnis
1413 2853 1446 2913 in
1462 2854 1583 2914 Christo
1597 2852 1756 2914 offerenda

166 2947 270 3009 rarias
282 2940 442 3008 facultates
455 2945 598 3007 distribui
607 2950 718 3025 potest,
729 2948 767 3004 ut
777 2946 936 3021 irascendi,
989 2952 1056 3007 erat
1070 2966 1078 3020 3
1093 2946 1144 3007 bic
1156 2945 1291 3026 perlecta
1302 2945 1481 3007 humanitas
1495 2946 1527 3006 in
1540 2945 1651 3006 eodem
1664 2943 1757 3006 conii-

168 3040 417 3119 roncupisccudi,
454 3037 666 3100 ratiocinandi.
705 3038 822 3117 Corpus
854 3037 938 3098 idem
989 3037 1082 3098 tenda
1096 3043 1179 3099 est.»

168 3132 293 3193 direma
306 3133 340 3191 in
353 3130 495 3192 membra
508 3130 614 3209 partiri
626 3130 708 3202 licet,
720 3135 823 3209 caput,
833 3128 937 3207 pedes,
1029 3129 1078 3190 Ad
1111 3129 1252 3190 eamdem
1286 3129 1443 3209 synodum
1475 3129 1612 3208 pertinet
1645 3128 1759 3192 libellus

169 3241 296 3296 manus,
321 3230 352 3284 et
374 3230 498 3284 caetera.
526 3222 637 3284 «Sicut
659 3240 734 3302 ergo
756 3221 796 3282 ad
818 3220 938 3296 signifi-
989 3219 1210 3302 sacrosyllabus
1237 3239 1256 3282 a
1283 3221 1412 3281 PauIIno
1438 3220 1627 3300 Aquileiensi
1650 3227 1759 3284 contm

169 3318 269 3379 canda
283 3315 547 3378 haecomniasatis
561 3314 729 3387 estdieere,
742 3331 879 3382 carnem,
890 3312 940 3374 vel
990 3313 1123 3375 Felicem
1142 3313 1370 3392 Urgelitauum,
1387 3318 1418 3373 et
1430 3310 1619 3390 Elipandum
1636 3314 1758 3375 Toleta-

170 3428 284 3489 oorpus
296 3408 443 3483 hominis,
455 3413 486 3469 et
494 3425 603 3468 rursus
611 3406 683 3467 satis
694 3412 740 3467 est
750 3406 940 3467 nominando
991 3424 1069 3466 num
1097 3404 1198 3466 editus
1214 3424 1221 3465 ε
1238 3423 1333 3485 quem
1357 3404 1494 3485 synodus
1521 3404 1560 3465 ad
1586 3406 1759 3485 provincias

170 3501 311 3562 animam
324 3499 518 3567 rationalem,
535 3499 690 3560 declarare
703 3504 804 3577 partes
818 3500 850 3558 iu
864 3516 941 3578 quas
991 3498 1127 3570 Galiciae,
1143 3517 1179 3560 ae
1201 3498 1388 3577 spaniarum
1406 3497 1593 3559 mittendum
1611 3499 1757 3564 decrevit.

171 3593 273 3654 divisa
286 3597 344 3665 est,
359 3598 416 3652 etc.
434 3591 485 3652 Sic
499 3589 571 3652 satis
585 3595 631 3651 est
643 3589 821 3650 nominasse
837 3590 942 3652 homi·
992 3593 1058 3666 Quo
1072 3590 1106 3651 in
1119 3590 1222 3652 libello
1237 3590 1357 3669 copiose
1370 3590 1409 3651 de
1422 3589 1483 3650 hoo
1496 3597 1680 3669 argumento
1694 3592 1760 3653 dis·

172 3703 258 3759 nem,
285 3685 333 3745 vel
359 3689 504 3744 araturam
530 3681 666 3743 hominis
694 3681 733 3741 ad
759 3681 943 3743 declaranda
991 3688 1119 3764 putatur
1131 3680 1154 3742 *ι
1175 3690 1269 3761 atque
1282 3683 1364 3743 inter
1387 3687 1495 3744 caetera
1508 3682 1656 3761 leguntur
1681 3683 1759 3760 ista;

172 3777 290 3849 omnia,
306 3794 343 3838 er
362 3776 477 3855 quibus
495 3774 684 3855 compositus
695 3778 750 3847 est,
769 3774 848 3834 etin
868 3774 942 3854 qui·
998 3796 1012 3831 a
1027 3776 1108 3836 Sunt
1120 3775 1214 3835 etiam
1232 3773 1383 3854 plerique,
1400 3775 1454 3854 qui
1471 3774 1637 3836 adstruunt
1649 3794 1689 3836 ex
1705 3775 1761 3837 tri·

169 3871 230 3931 bus
244 3887 310 3931 esse
323 3867 556 3948 cognoscitur.»
571 3868 680 3946 Itaque
693 3865 943 3946 opartestristi
993 3867 1052 3928 bus
1070 3865 1250 3927 substantiis
1270 3882 1367 3926 unam
1385 3865 1561 3927 Mediatoris
1582 3884 1759 3946 personam,

173 3979 239 4022 non
260 3960 396 4022 confusas
417 3964 491 4020 sunt
512 3958 667 4033 diviuitas,
693 3963 724 4020 et
745 3958 942 4020 humanitas:
992 3958 1098 4035 Verbi,
1118 3958 1231 4033 carnis,
1246 3963 1278 4018 et
1290 3957 1424 4033 animae3
1440 3976 1512 4020 cum
1528 3959 1562 4019 iu
1580 3976 1671 4020 causa
1690 3959 1764 4021 fidei

174 4052 281 4114 anima
294 4071 368 4115 vcro
379 4057 411 4113 et
421 4070 534 4131 corpus
547 4070 611 4112 non
625 4056 699 4112 sunt
708 4055 811 4130 partes
821 4051 943 4128 Christi,
995 4069 1059 4112 nou
1072 4049 1215 4112 rideatur
1228 4051 1437 4112 necessarium
1450 4051 1613 4130 sophistica
1626 4052 1765 4131 disputa·

176 4146 230 4207 sed
245 4151 348 4224 partes
361 4145 493 4225 partis.»
997 4144 1078 4205 tione
1092 4143 1287 4204 saecularinm
1298 4143 1472 4206 litterarum
1481 4143 1614 4205 calculos
1626 4144 1766 4225 syllogis-

218 4237 370 4298 Ohservat
383 4243 489 4297 autem
507 4253 544 4296 eo
557 4234 591 4297 in
605 4232 673 4296 loco
693 4233 849 4311 Leontius,
869 4235 945 4296 Ace·
996 4235 1055 4295 tica
1069 4252 1214 4315 spargere
1230 4253 1336 4296 manu.
1362 4236 1531 4297 Suffeeerat
1551 4238 1634 4298 enim
1650 4257 1658 4312 ;
1675 4238 1764 4316 juxta

176 4329 287 4409 phalos
299 4329 386 4390 illam
400 4328 500 4389 tribus
514 4345 553 4388 ea
565 4326 743 4387 substantiis
753 4327 948 4406 compositio·
997 4327 1239 4407 precedentium
1253 4328 1475 4390 catholicorum
1489 4329 1616 4390 Patrum
1630 4329 1766 4391 saluber·

177 4439 253 4483 nem
266 4420 300 4481 iu
315 4421 436 4481 Christo
451 4417 615 4481 Catholicis
621 4419 783 4497 ,obiecisse
802 4425 838 4479 ut
851 4437 913 4493 eos,
930 4437 949 4479 a
997 4420 1086 4481 rimae
1099 4421 1356 4499 promulgationis
1367 4420 1552 4496 doctrinam,
1563 4422 1682 4483 sincera
1692 4422 1768 4483 sim-

178 4513 299 4574 duabus
313 4512 494 4593 profitendis
507 4511 541 4571 in
553 4511 664 4573 eodem
671 4511 791 4571 naturis
799 4511 949 4573 absterre-
999 4510 1141 4592 plicitatis
1154 4530 1239 4589 voce,
1251 4530 1289 4572 ex
1303 4517 1435 4593 utraque
1449 4521 1561 4574 natura
1581 4532 1677 4577 unam
1693 4534 1766 4595 per·

178 4611 272 4678 reu13
292 4610 443 4684 tanquam
465 4604 524 4664 hoc
551 4603 663 4683 posito,
692 4603 837 4678 alterum,
865 4604 950 4682 quod
998 4620 1109 4665 sonam
1131 4603 1272 4664 confiteri
1295 4604 1362 4665 reri
1389 4606 1456 4678 Dei,
1478 4606 1606 4686 verIque
1627 4606 1767 4668 hominis

179 4695 344 4759 manifeste
357 4696 528 4757 absurdum
539 4695 674 4773 ridetur,
694 4694 734 4755 sit
746 4712 949 4775 consequens,
1000 4696 1123 4772 Christi,
1138 4694 1244 4756 divina
1256 4695 1385 4771 sedicet,
1401 4704 1432 4758 et
1444 4697 1595 4777 humana,
1609 4701 1662 4761 sed
1677 4717 1769 4780 prop·

217 4891 239 4933 a
259 4877 374 4933 amu.
394 4872 456 4928 ”Eu
470 4871 496 4928 ti
513 4871 701 4935 cicestriensi
715 4870 804 4927 arar
823 4877 953 4946 προσεχῶς
1000 4870 1164 4946 τοθλθχιστον
1189 4873 1327 4944 συγκεῖσθαι
1345 4872 1450 4944 φύσεων,
1474 4873 1502 4929 ἔκ
1528 4893 1555 4930 τε
1577 4881 1628 4930 τῶν
1640 4877 1769 4949 πεσσάρον

182 4958 518 5015 casamassancia
537 4956 646 5028 λέγεται.
668 4955 697 5010 oi
717 4955 765 5029 γὰρ
789 4955 895 5029 λέγομεν
910 4954 952 5010 aba
1001 4955 1147 5030 στοιχείων,
1172 4957 1214 5009 καὶ
1227 4956 1316 5031 ψυχῆς.
1329 4956 1395 5011 οὕτω
1417 4958 1459 5011 καὶ
1482 4955 1520 5011 ini
1539 4951 1583 5012 τοῦ
1595 4958 1680 5032 κυρίου
1698 4958 1770 5031 ἡμῶν

183 5035 253 5097 οἶκον
265 5040 291 5096 ia
303 5045 349 5115 γῆς
362 5041 403 5095 eei
420 5040 508 5105 ὕδατος
523 5039 698 5105 συντεθεῖσθαι,
715 5038 771 5094 ἀλλ’
792 5037 820 5092 ἰν
840 5039 952 5106 πλίνθου,
1008 5038 1092 5108 Ἰησοῦ
1107 5038 1214 5110 Χριστοῦ
1224 5038 1253 5093 ot
1268 5037 1300 5093 ah
1314 5039 1375 5112 μίρη
1387 5044 1436 5094 τῶν
1452 5045 1533 5111 μερῶν
1547 5045 1697 5112 σκοποῦμεν,
1706 5040 1772 5095 ἀλλὰ

183 5126 223 5181 aci
237 5125 325 5189 ξύλων,
336 5122 388 5178 inei
401 5122 493 5195 ἀνάγκη
504 5124 544 5177 καὶ
553 5120 596 5176 aba
608 5122 735 5194 ἄνθρωπον
746 5121 826 5194 λέγειν
842 5120 868 5175 ἔτι
882 5123 955 5178 πέντε
1003 5121 1035 5176 τὰ
1052 5127 1181 5193 τροσεχῶς
1195 5122 1351 5187 συντεθέντα,
1374 5122 1478 5190 deitati
1490 5139 1517 5175 τε
1530 5120 1571 5175 acl
1584 5120 1771 5195 θνθρωτότητσ,

213 5269 222 5313 t
240 5268 288 5314 tib.
303 5267 339 5320 li,
354 5279 374 5312 ο.
388 5265 469 5310 n.-s
482 5265 542 5311 Ion.
552 5265 580 5310 IV
591 5266 646 5313 aut.
655 5276 702 5323 por.
718 5265 900 5311 1.-arou.vt
913 5265 1031 5321 Gonu-l
1044 5265 1107 5311 Tum.
1121 5261 1149 5308 vt
1157 5263 1224 5310 Cone.
1239 5271 1263 5310 et
1272 5272 1289 5309 t.
1301 5264 1328 5309 li
1340 5263 1396 5309 aut.
1406 5263 1448 5309 ΡΡ.

346 5347 423 5409 Tou.
444 5346 482 5409 V.
1615 5346 1651 5405 tr
