4078 6162
361 346 421 406 tos
876 347 1201 410 THEOLOGlCORUM
1221 348 1439 412 DOGMATUM

361 511 472 571 modus
497 511 565 587 iste,
588 529 681 591 quem
706 512 959 593 personalitatem,
975 533 1010 575 ac
1032 514 1128 593 vulgo
1219 514 1388 595 Namquod
1399 514 1541 577 Verbum
1550 511 1930 594 ideopostinearnationcm
1995 514 1996 585 ζ

360 603 576 664 subsistentiam
600 612 731 679 vocant,
763 612 908 666 naturam
933 606 1128 691 huyusmodi,
1179 605 1370 685 hypostasim
1395 626 1459 669 non
1483 626 1566 680 esse,
1595 614 1651 669 aut
1674 606 1838 688 personam
1858 609 1930 684 putat
1995 592 1996 629 1

360 695 419 756 boc
450 701 495 757 est
529 697 682 774 divinam,
715 703 865 778 tanquam
896 701 1130 762 connaturalem
1179 716 1375 779 anonymus,
1391 701 1539 780 quoniam
1555 718 1620 761 non
1633 699 1728 761 habet
1741 699 1930 776 illam,quam
1995 760 1996 763 ,

361 788 473 867 exiget,
501 794 535 849 ut
561 808 630 850 cam
654 791 850 864 determinet,
879 811 914 852 ac
935 794 1130 872 suppositum
1179 797 1291 852 vocant
1301 792 1464 854 caecutiant
1475 792 1706 873 compositionis:
1715 800 1929 871 quatenusoum

360 898 587 962 personamque
611 883 769 945 Trinitatis
784 902 891 960 unam,
908 889 939 944 et
962 885 1131 946 secundam
1180 884 1319 947 humans
1334 892 1447 946 natura
1460 887 1674 965 componitur;
1690 884 1785 945 simili
1802 884 1836 943 in
1848 881 1929 943 ambi·

359 972 460 1034 faciat.
980 984 986 993 '
1179 978 1297 1059 guitate
1307 977 1515 1051 conflictatur,
1524 977 1691 1039 etminime
1705 975 1814 1038 callida
1824 974 1929 1054 ingenis

400 1067 487 1140 Quod
502 1065 527 1127 si
541 1066 667 1151 alterius
695 1068 879 1148 cujuspiam,
900 1087 993 1149 quam
1016 1069 1130 1131 divium
1180 1069 1329 1131 ludificat.
1358 1070 1479 1131 Etenim
1503 1088 1644 1150 personae
1667 1069 1821 1131 mtionem
1847 1066 1929 1129 nenti·

360 1158 399 1219 sd
411 1159 498 1220 illam
511 1166 633 1221 naturae
646 1160 700 1222 fiat
709 1161 852 1231 accessio,
865 1180 902 1223 aa
915 1162 1044 1224 minime
1056 1181 1132 1223 con·
1180 1179 1276 1242 quam
1295 1181 1334 1224 ex
1348 1181 1385 1224 ea
1398 1168 1510 1225 natura
1522 1163 1681 1239 metimur,
1702 1179 1770 1241 quus
1783 1160 1929 1221 &ventiis

360 1252 510 1312 naturalis
530 1257 595 1328 est;
625 1253 679 1314 scd
706 1254 864 1333 accidens,
894 1259 925 1315 et
943 1254 1129 1331 adventitia;
1181 1261 1236 1329 est,
1254 1258 1286 1316 et
1311 1254 1391 1316 intra
1419 1255 1590 1334 personalis
1617 1254 1703 1315 modi
1727 1252 1927 1321 conditionem,

360 1362 431 1423 quae
445 1362 503 1405 nec
517 1346 710 1425 suppositum
725 1346 901 1423 constituat,
917 1348 1002 1425 quod
1016 1365 1132 1410 exaesa
1181 1366 1277 1427 quam
1293 1347 1327 1408 in
1345 1347 1456 1408 scholis
1478 1347 1659 1430 tripontiam
1681 1364 1750 1407 mos
1770 1350 1818 1406 est
1836 1345 1925 1405 dicen.

356 1436 424 1513 jam
438 1437 628 1517 completum
643 1445 699 1515 est,
715 1446 747 1500 et
761 1439 955 1512 absolutum
971 1458 1028 1501 nec
1041 1440 1131 1502 dcce-
1183 1440 1244 1501 Sed
1251 1458 1290 1501 ex
1302 1459 1338 1501 ea
1352 1440 1463 1514 solum,
1480 1458 1575 1520 quam
1591 1440 1727 1520 proprie,
1743 1444 1785 1517 et,
1801 1444 1837 1499 nt
1848 1438 1927 1499 nomi·

360 1528 1129 1607 dendominuat,autimmutet.blutabiturautem‚
1181 1532 1363 1609 narecoepi,
1393 1531 1635 1594 connaturaliter
1662 1531 1770 1607 afficit,
1797 1548 1834 1591 ac
1853 1530 1927 1590 deter-

361 1624 391 1680 et
404 1623 598 1700 suppositum
618 1641 693 1700 esse,
722 1623 785 1685 imo
809 1624 842 1684 in
868 1643 974 1686 rerum
1002 1625 1132 1686 existere
1181 1623 1299 1684 minat:
1317 1624 1492 1703 cujusmodi
1502 1624 1590 1686 estin
1600 1623 1714 1685 divinis
1726 1622 1864 1703 personis
1874 1620 1927 1682 disi

360 1729 493 1773 numero
507 1713 644 1791 desinet,
661 1715 686 1775 si
701 1716 888 1795 cogitatione
902 1716 1029 1778 divellas
1042 1716 1080 1777 ab
1094 1735 1132 1778 eo
1181 1715 1273 1777 nitas.
1290 1717 1437 1790 Quocirca
1451 1716 1547 1777 Verbi
1555 1734 1685 1797 persona
1699 1732 1803 1795 neque
1814 1718 1926 1775 muntii

360 1810 504 1866 naturam
532 1806 635 1882 illam,
659 1826 755 1888 quam
782 1814 818 1870 ut
840 1828 1067 1889 congenerem,
1096 1829 1133 1871 ac
1181 1825 1218 1868 eo
1232 1808 1310 1888 ipso,
1324 1810 1407 1888 quod
1424 1809 1565 1879 alterius,
1581 1827 1677 1889 quam
1691 1807 1808 1868 divinae
1831 1812 1925 1867 nutura

360 1897 519 1977 propriam
529 1900 668 1978 requirit.
1181 1906 1227 1961 est
1241 1902 1433 1980 hypostasis;
1458 1919 1560 1982 neque
1573 1901 1683 1982 capite,
1700 1906 1735 1960 nt
1747 1900 1794 1960 ita
1807 1898 1923 1970 dixerim,

402 1991 613 2055 Quamobrem
653 2000 766 2055 nutura
800 1993 938 2054 hominis
975 2001 1132 2076 assumpta
1181 1991 1346 2070 minuitur,
1376 2013 1411 2056 ac
1425 2013 1558 2075 persons
1578 2011 1646 2055 esse
1669 1992 1803 2054 desinit:
1819 1993 1925 2069 camut
1996 2068 1997 2073 ἵ

361 2082 439 2142 nibil
463 2084 503 2144 ad
532 2084 707 2157 essentiam,
738 2091 773 2145 ut
799 2089 842 2147 ita
856 2087 974 2161 dicam,
991 2106 1132 2167 personae
1182 2085 1349 2146 identidem
1376 2086 1452 2163 dixi,
1481 2092 1592 2149 natura
1618 2085 1766 2166 quaelibet
1786 2080 1924 2146 meatem
1996 2078 1997 2171 1

361 2174 456 2235 Verbi
470 2176 591 2236 attinet.
608 2176 767 2256 Siquidem
780 2178 875 2257 htrjus
897 2180 1031 2239 essentia
1045 2180 1133 2241 nulla
1184 2176 1321 2239 dinnam
1332 2179 1485 2259 applicata
1503 2197 1670 2259 personam
1685 2177 1794 2258 puncti
1807 2172 1924 2237 instarsit
1996 2176 1997 2225 1

363 2272 408 2326 est
427 2266 498 2341 alia,
527 2287 623 2347 quum
646 2271 786 2348 personis
810 2271 910 2331 tribus
924 2276 1036 2332 natura
1049 2290 1134 2333 com·
1183 2268 1223 2330 ad
1247 2269 1374 2346 lineam,
1405 2277 1460 2332 aut
1481 2272 1647 2333 accidentis
1674 2270 1714 2331 ad
1734 2267 1921 2330 substantium.

362 2358 482 2434 munis,
511 2367 543 2421 et
567 2360 682 2422 divina.
710 2363 771 2424 Sed
799 2364 824 2422 si
850 2364 1015 2425 essentiam
1039 2364 1132 2426 latius
1182 2363 1284 2440 Atque
1311 2365 1378 2424 haec
1403 2365 1530 2425 demum
1564 2362 1791 2426 animadversio
1813 2361 1850 2422 ad
1871 2355 1920 2419 rdi-

206 2461 322 2517 ouunsas
364 2449 784 2531 usurpesdccoomni,quod
799 2452 1133 2531 subnotationem
1182 2473 1260 2533 quas
1293 2456 1519 2535 ejusdemmodi
1560 2456 1771 2519 cavillationes
1800 2446 1920 2531 anonymi

244 2516 286 2560 'd'
363 2539 490 2616 dicitur,
516 2542 615 2603 nihilo
650 2545 744 2605 ctiam
777 2545 876 2624 magis
902 2546 942 2606 ad
969 2565 1134 2626 personam
1182 2546 1345 2610 diluendas
1362 2555 1429 2611 tum
1443 2550 1555 2613 idonea
1580 2556 1637 2627 est,
1660 2553 1731 2609 turn
1750 2564 1822 2610 vero
1844 2557 1920 2606 natet

362 2631 449 2692 illam
474 2634 635 2711 attinebit,
663 2654 759 2714 quam
788 2638 929 2698 accidens
951 2639 1131 2717 quodlibet,
1182 2639 1273 2702 saria.

362 2723 449 2787 velut
461 2727 588 2804 candor,
603 2727 642 2788 ad
656 2728 849 2808 hypostasim
863 2731 1000 2809 corporis
1013 2731 1086 2792 albi.
