3994 6164
358 342 420 402 20l
859 339 1186 404 rfluomulcouun
1211 340 1429 405 NOCMATUN

359 508 471 588 inqnlt,
483 508 640 570 Nestorius
649 509 751 589 neque
761 508 1127 570 Samosatennmsecutua
1178 508 1309 571 dualitas
1334 510 1449 587 autern,
1476 528 1562 589 vera,
1588 507 1785 588 substantiva,
1807 506 1907 594 proprie

359 600 516 675 Paulum,
539 617 640 680 neque
659 600 831 662 Photinum
847 646 856 677 ,
874 618 976 681 necque
997 599 1127 661 omnino
1178 602 1268 665 dicta.
1285 603 1374 664 Unde
1389 621 1520 685 persona
1537 602 1661 684 quoque
1680 603 1799 666 nonnisi
1813 603 1908 685 impro-

360 711 475 774 purnm
494 693 654 755 hominem
674 693 784 754 dixisse
799 693 957 756 Christum
971 714 979 769 ;
995 693 1048 755 sed
1063 711 1127 755 ser·
1178 694 1255 775 pria,
1267 713 1303 756 ac
1315 695 1446 775 figurate
1457 704 1600 759 censetur
1615 714 1691 774 rina,
1705 714 1773 758 cum
1785 696 1820 757 sit
1829 697 1909 777 reipsa

235 793 240 803 '
302 822 309 836 ·
361 804 487 848 monem
510 786 612 847 solum
639 785 682 868 (id
704 792 750 847 est
765 786 932 848 dictionem
948 793 1126 860 spatiositas)
1177 788 1305 866 duplex.

361 879 448 958 quasi
466 879 670 940 metuendum
685 880 875 959 expavisse⁸.
891 900 906 937 o
930 879 1031 944 Quam
1044 877 1130 938 dein·
1218 881 1284 942 Hoc
1298 898 1389 942 sensu
1407 881 1564 942 Nestorius
1578 899 1643 941 non
1658 879 1820 960 simplicem
1829 880 1909 941 homi·

361 988 431 1051 ceps
448 989 555 1032 vocem
577 971 752 1033 testimonio
767 976 908 1032 veterum
922 968 1084 1049 approbat,
1098 974 1129 1029 et
1177 990 1250 1033 nem
1274 971 1375 1034 aiebat
1400 990 1464 1034 essa
1487 973 1661 1034 Christum:
1689 972 1797 1052 quippe
1817 972 1847 1032 in
1862 990 1909 1051 quo

360 1063 522 1143 explanat:
538 1062 724 1143 demumque
741 1082 806 1126 non
829 1063 986 1124 bominem
1006 1078 1127 1122 merum
1178 1065 1269 1142 Deus,
1298 1083 1334 1126 ac
1358 1064 1463 1125 divina
1484 1064 1656 1144 hypostasis
1681 1063 1843 1137 habitabat;
1867 1065 1910 1125 elsi

360 1173 379 1216 a
398 1155 537 1216 Nestorio
550 1154 685 1236 positum
699 1173 764 1216 esse
778 1154 932 1215 Christum
947 1172 986 1214 ex
999 1152 1130 1214 eocolli·
1177 1176 1242 1219 non
1257 1177 1339 1219 rinus
1357 1176 1429 1219 cum
1446 1157 1574 1219 homine
1591 1163 1683 1232 esset,
1702 1155 1761 1217 nisi
1776 1174 1820 1232 eo,
1836 1173 1909 1235 men

360 1247 415 1327 git,
429 1247 513 1327 quod
529 1265 708 1326 «nusquam
729 1249 784 1310 Dei
798 1246 887 1308 Verbi
900 1244 1128 1306 subsistentiam
1176 1250 1251 1324 dixi,
1269 1251 1372 1312 modo.
1393 1251 1500 1330 Itaque
1520 1267 1628 1310 revera
1640 1248 1770 1316 nudum,
1784 1266 1816 1309 ac
1826 1246 1908 1308 solita-

359 1340 495 1420 perimit,
510 1340 565 1401 sed
577 1338 693 1418 ubique
707 1341 739 1402 id
761 1339 925 1401 subsistere
941 1336 1125 1414 confitetur,
1176 1342 1258 1404 rium
1272 1343 1361 1404 illum
1375 1360 1441 1403 essa
1458 1341 1626 1404 sentiebat:
1650 1340 1794 1420 quidquid
1812 1356 1844 1400 ex
1855 1356 1909 1399 can·

360 1436 392 1491 et
412 1431 527 1493 habere
545 1431 769 1507 snbstantiam;
789 1449 854 1492 non
872 1430 949 1491 sient
963 1429 1124 1504 Photinus,
1177 1436 1272 1496 trario
1299 1434 1398 1510 dictis,
1434 1452 1470 1496 ae
1500 1452 1575 1495 voce
1604 1438 1697 1494 tenus
1729 1429 1906 1493 mntcnderet

360 1529 392 1585 et
416 1524 642 1601 Samosatenus,
665 1524 733 1604 ejus
758 1523 952 1586 existentiam
972 1522 1128 1603 perimen·
1177 1527 1282 1607 Neque
1296 1546 1370 1589 vero
1382 1527 1523 1587 Socrates
1544 1525 1717 1587 audiendus
1730 1530 1783 1601 est,
1797 1522 1909 1603 quiNee

359 1614 469 1676 test.»
509 1615 513 1621 ’
1176 1620 1292 1680 terium
1319 1637 1384 1698 pre
1409 1618 1527 1679 inscitia
1547 1618 1622 1679 dicit
1644 1617 1683 1678 de
1704 1616 1766 1678 solo
1785 1612 1907 1676 rambula

191 1722 336 1777 uniantur
400 1708 484 1769 Pauli
499 1708 690 1770 Samosatani
705 1706 1008 1788 duplicemhaaresim
1022 1706 1126 1783 luisse,
1175 1724 1219 1788 ιῆς
1232 1721 1346 1775 teutisca
1355 1709 1584 1789 confligentem,
1600 1728 1700 1789 eoque
1712 1708 1793 1769 uelut
1802 1712 1907 1786 spano,
1933 1712 1965 1767 re

190 1776 335 1874 widh*
360 1818 453 1881 supra
479 1801 580 1881 eapite
604 1801 695 1862 tertio
726 1801 888 1862 docuimus
895 1820 906 1868 ,·
930 1817 1064 1879 eumque
1088 1798 1127 1860 de
1176 1823 1212 1865 ac
1220 1804 1613 1876 terriculoconsternatum,
1623 1799 1802 1865 nullomodo
1811 1814 1908 1860 meran

187 1880 335 1981 fflgfflg
359 1893 509 1955 'trinitate
529 1893 612 1954 idem
630 1910 703 1953 curn
723 1892 856 1954 Sabellio
870 1891 1015 1966 sensisse;
1032 1891 1125 1952 nimi·
1174 1896 1335 1959 hominem
1345 1914 1531 1959 asseverasse
1545 1895 1714 1957 Christum.
1730 1893 1803 1953 Nara
1816 1889 1844 1951 id
1855 1889 1908 1969 qni·

358 2002 440 2061 rum,
456 1985 595 2046 Verbum
608 2003 673 2047 non
690 2002 756 2046 esse
777 2001 942 2065 persenam
956 1982 1125 2044 subsisten·
1175 1988 1246 2050 dem
1261 1988 1362 2050 verbis
1368 1988 1496 2049 fortasse
1511 2006 1574 2048 uon
1587 1984 1763 2067 usurpavit:
1774 1987 1815 2045 est
1826 1987 1909 2042 tamen

357 2082 417 2138 tem
446 2096 485 2139 ex
505 2096 580 2150 sese,
606 2077 659 2138 sed
677 2084 798 2158 ἐνέργειαν
823 2076 1003 2157 qnamdam,
1028 2076 1127 2136 idest
1175 2099 1214 2142 ex
1238 2080 1321 2142 illius
1348 2080 1490 2158 decretis,
1514 2097 1550 2140 ac
1572 2078 1746 2141 rationibus
1767 2073 1909 2136 racemis

357 2170 550 2250 operatiorem
567 2175 783 2231 transeuntem
802 2169 836 2230 in
850 2168 1010 2229 hominem
1023 2167 1124 2228 Chris·
1175 2191 1377 2253 consequens.
1394 2173 1455 2235 Sed
1472 2189 1573 2252 neque
1593 2170 1731 2232 nominis
1742 2176 1843 2230 tantun
1854 2181 1910 2224 eon·

357 2266 439 2323 tum:
465 2280 502 2323 ex
526 2280 589 2341 quo
615 2261 769 2323 secundus
796 2279 882 2323 error
905 2265 1030 2321 exortus
1054 2267 1122 2335 cst;
1173 2266 1306 2327 tentiosa
1319 2266 1383 2334 illa,
1399 2269 1430 2326 et
1443 2264 1588 2345 pervicax
1598 2259 1784 2344 oppugnatio
1796 2255 1907 2331 aliunde,

356 2352 476 2414 nullam
497 2371 605 2414 revera
618 2362 750 2434 capanea,
771 2353 804 2414 id
826 2358 872 2414 est
893 2352 1125 2414 incarnationem
1174 2376 1268 2437 quam
1282 2377 1321 2419 ex
1334 2356 1474 2419 interiori
1483 2374 1587 2432 sensu,
1601 2374 1639 2417 ac
1651 2355 1788 2432 dogmate
1800 2346 1908 2430 proticis-

356 2445 516 2519 exstitisse,
528 2463 584 2506 nee
600 2447 698 2507 Deum
712 2462 911 2507 carnemesse
924 2445 1057 2519 factum
1071 2443 1125 2504 sed
1173 2450 1319 2511 cebatur:
1349 2449 1396 2510 nti
1427 2448 1616 2510 Arianorum
1644 2446 1712 2508 rixa
1739 2445 1775 2505 da
1800 2445 1907 2521 paula
1924 2455 1965 2501 an

356 2538 391 2599 in
403 2555 450 2614 ea,
461 2537 588 2599 velutin
600 2537 727 2618 templo,
739 2555 776 2598 ac
790 2536 946 2598 domicilio
959 2537 1122 2610 habitasse,
1173 2541 1300 2603 nomina
1313 2559 1353 2602 cx
1373 2539 1451 2601 laisa
1468 2538 1725 2619 interpretatione
1743 2534 1907 2610 dirinapro-
1948 2508 1965 2551 ‘⁸

357 2628 465 2691 itidem
478 2635 514 2690 ut
526 2628 560 2690 in
574 2629 687 2690 sanctis
707 2630 794 2706 viris,
811 2648 847 2690 ac
862 2628 1024 2709 Prophetis
1038 2646 1123 2690 com·
1174 2635 1318 2696 cessionis
1327 2638 1431 2695 ortum
1445 2633 1575 2713 accepit.

357 2723 473 2783 morari
497 2721 630 2795 dicitur,
646 2740 702 2802 per
728 2720 922 2783 ellectionem
936 2721 1122 2800 qnamdam,
1214 2727 1290 2789 Mihi
1300 2745 1375 2788 vero
1389 2726 1547 2788 Nestorius
1558 2724 1630 2785 ideo
1643 2722 1762 2783 videtur
1774 2715 1909 2790 diligenter

358 2816 472 2892 quaein
484 2814 615 2890 Christo,
629 2824 716 2895 λόγος,
732 2814 764 2877 id
785 2819 831 2876 est
843 2831 949 2889 santo,
970 2813 1034 2874 sive
1056 2810 1124 2874 Ner-
1173 2819 1233 2881 hoc
1246 2819 1370 2895 caussa,
1386 2835 1426 2879 ne
1446 2818 1525 2879 duos
1539 2815 1689 2889 Christos,
1713 2808 1854 2880 autfilios,
1870 2802 1909 2862 rel

357 2905 427 2966 bum
438 2907 629 2969 nominatur.
643 2906 710 2967 Hoc
722 2906 815 2967 modo
828 2906 1010 2983 neutiquam
1024 2904 1124 2966 ineer-
1173 2911 1267 2971 etiam
1281 2928 1428 2991 personas
1442 2907 1614 2988 appellaret
1630 2906 1717 2981 duas,
1733 2908 1765 2963 ut
1777 2894 1909 2962 nonPanli

357 3003 449 3060 natus
463 2999 555 3073 Dens,
574 3005 627 3059 aut
641 2998 738 3059 Filius
752 2998 882 3059 dIcitur:
898 2997 1035 3070 noniNe,
1050 3015 1126 3077 quo·
1175 3002 1366 3064 Samosateni
1392 3000 1495 3062 affinis
1523 2999 1636 3060 haeresi
1669 3014 1732 3058 esse
1757 2991 1907 3062 uncam,

357 3092 443 3150 nium
457 3108 589 3171 persona
612 3090 717 3151 divina
736 3109 801 3152 non
824 3089 959 3170 propria,
973 3095 1004 3151 et
1015 3089 1125 3151 intima
1174 3113 1268 3175 quam
1286 3095 1376 3154 sciret
1402 3098 1489 3154 tanto
1513 3095 1585 3151 urite
1604 3090 1787 3154 damnatam,
1803 3086 1910 3159 ‚etprotr

356 3182 574 3261 conjunctione
595 3200 667 3243 curn
689 3200 790 3255 earne,
813 3181 863 3243 vel
880 3182 1008 3243 homine
1025 3200 1124 3262 cepn-
1174 3188 1305 3267 eriptam
1332 3203 1407 3260 esse,
1432 3190 1464 3245 et
1486 3182 1570 3264 apud
1597 3179 1780 3244 Christianos
1804 3170 1909 3254 pessime

356 3272 419 3335 lata
431 3272 501 3347 luit,
517 3274 571 3335 sed
592 3281 731 3351 externa,
753 3280 785 3335 et
804 3279 973 3349 ntvooant,
988 3273 1122 3351 maroli,
1174 3278 1292 3354 audire,
1322 3278 1470 3358 qnoniam
1495 3275 1608 3336 diserte
1634 3272 1754 3334 nudum
1779 3263 1910 3329 hominem

356 3370 393 3427 ut
405 3366 532 3446 quidem
544 3366 626 3427 illius
640 3372 707 3428 erat
724 3384 831 3437 error:
847 3385 912 3428 non
926 3366 1021 3427 Filius
1033 3386 1040 3429 :
1052 3366 1126 3446 quia
1176 3389 1240 3433 esse
1263 3370 1418 3431 Christum
1441 3369 1599 3429 docuerat.
1624 3367 1690 3427 Hoc
1711 3367 1809 3423 autern
1826 3370 1909 3418 naca-

356 3475 412 3537 pcr
438 3476 470 3519 se
488 3459 574 3520 hunc
596 3459 739 3533 existere,
765 3463 820 3520 ant
842 3458 1032 3538 hypostasim
1060 3467 1124 3520 esse
1175 3462 1254 3523 sario
1281 3462 1354 3524 iude
1375 3460 1463 3540 sequi
1485 3458 1610 3521 videbat
1628 3456 1789 3525 Nestorius,
1812 3446 1910 3510 siclum

356 3549 577 3629 negabatidem
586 3550 770 3612 haereticus:
787 3568 844 3611 nec
857 3549 942 3611 alind
953 3550 1123 3630 quidquam
1172 3572 1319 3636 personas
1336 3554 1370 3615 in
1383 3552 1502 3614 Christo
1523 3550 1683 3611 distinctas
1700 3547 1828 3628 poneret.
1848 3537 1909 3599 Nam

356 3644 421 3703 esse
444 3642 598 3715 credebat,
618 3649 731 3722 praeter
744 3641 897 3722 fugacem,
916 3646 948 3702 et
959 3646 1123 3704 transeun·
1173 3648 1303 3709 alteram
1311 3663 1430 3720 earum,
1443 3629 1908 3716 nihilntsinominemoportebd=

355 3738 420 3796 tem
434 3733 643 3795 efficientiam.
1173 3736 1313 3814 alteram,
1331 3738 1558 3799 Deumextoto
1572 3732 1728 3796 constitui.

215 3841 240 3885 ιη
255 3855 299 3898 qua
398 3827 455 3888 lll.
473 3829 510 3888 lt
529 3826 687 3888 Nestorius
704 3825 832 3886 aPaulo
846 3826 885 3887 de
900 3826 1049 3888 Trinitate
1062 3827 1123 3888 dis-
1214 3831 1330 3892 Eadem
1352 3827 1493 3903 Photini,
1517 3843 1587 3906 que
1609 3823 1708 3898 Pauli,
1723 3839 1757 3884 ac
1775 3813 1908 3882 simitum.

198 3894 311 3943 mmm·
355 3918 503 3993 sentiens,
518 3918 632 3979 Filium
651 3935 706 3996 per
719 3935 752 3979 se
773 3916 937 3979 subsistere
957 3915 1122 3996 fatebatur,
1172 3923 1318 3988 reticeat,
1334 3927 1445 3984 etcum
1461 3910 1795 3998 utroqueparNestorii
1807 3918 1909 3969 mustu-

355 4017 387 4070 et
413 4009 560 4072 eumdem
582 4011 616 4071 in
640 4009 823 4090 perlectum,
852 4026 889 4071 ac
907 4010 1124 4072 subsistentem
1172 4016 1230 4084 sio,
1246 4019 1281 4075 ut
1296 4032 1333 4075 ex
1347 4012 1386 4074 iis
1399 4015 1529 4085 constat,
1544 4027 1616 4090 quo
1630 4008 1729 4089 capite
1742 4002 1824 4065 tertio
1835 4008 1909 4074 supra

354 4100 516 4164 hominem
534 4102 705 4182 delapsum,
722 4119 823 4163 unum
841 4119 913 4162 cnm
932 4101 998 4182 ipso
1011 4100 1123 4181 heere,
1172 4109 1211 4170 de
1223 4105 1283 4167 illis
1297 4102 1529 4184 explicavimus.

354 4194 414 4256 hoc
429 4202 473 4255 est
496 4211 593 4255 unam
617 4193 820 4274 hypostasim,
842 4213 878 4255 ac
899 4212 1064 4274 personam
1086 4214 1125 4257 ex
1213 4199 1267 4259 lv.
1283 4199 1373 4258 Nunc
1387 4195 1463 4256 alios
1475 4195 1509 4255 in
1529 4193 1670 4255 medium
1684 4172 1908 4282 adducamus&

354 4286 477 4348 duobus
490 4285 703 4367 compositam,
720 4304 949 4365 nonea,quam
963 4285 1125 4368 Physicom
1175 4289 1288 4370 quihus
1322 4287 1450 4369 propius
1474 4285 1621 4348 heresim
1646 4298 1733 4345 snam
1756 4270 1908 4371 ormhibrsst

354 4378 471 4447 dierunt,
487 4378 624 4454 unitate;
641 4379 683 4438 ita
696 4383 731 4438 ut
744 4396 827 4439 unus
841 4378 976 4458 proprie,
992 4384 1023 4439 et
1040 4380 1125 4440 subs
1175 4379 1334 4443 Nestorius
1347 4379 1473 4440 dicitur.
1487 4378 1532 4438 Ex
1545 4377 1583 4437 iis
1593 4377 1713 4457 primns
1725 4364 1845 4432 occurrb
1854 4361 1909 4421 bn
1925 4352 1965 4463 ᾗ]

353 4470 481 4542 tantive,
498 4488 537 4532 ex
555 4488 592 4531 ea
606 4470 825 4549 conjunctione
841 4470 979 4531 Christus
994 4471 1122 4546 existat3
1175 4474 1270 4534 donis
1288 4471 1446 4532 Tarsensis
1464 4468 1637 4549 episcopus,
1656 4466 1694 4527 de
1715 4478 1774 4542 quo
1791 4453 1907 4559 antiquo·
1926 4471 1965 4569 ᾖξ’

353 4561 407 4623 sed
418 4568 565 4638 externa3
581 4561 672 4641 quale
693 4568 739 4623 est
758 4562 932 4624 amantium
954 4579 986 4623 sc
1000 4568 1123 4639 mutuo,
1174 4584 1247 4627 rum
1259 4564 1381 4625 uariant
1399 4559 1601 4640 judicia'llic
1617 4554 1782 4620 Antiochia
1798 4555 1909 4629 pomum
1964 4554 1965 4561 ’

353 4650 403 4711 vel
416 4652 555 4730 ejusdem
574 4653 760 4733 participum
780 4653 959 4731 majestatis,
976 4672 1011 4715 ac
1024 4654 1126 4733 digni·
1174 4658 1208 4719 in
1219 4650 1644 4733 Cleroinsignisesthabitus,
1655 4632 1907 4739 MeletioPrasult÷

354 4742 425 4802 tatis
438 4744 638 4804 eonsmhum.
656 4744 801 4816 Quocirca
810 4745 906 4806 r'erho
920 4745 1045 4807 unicam
1059 4764 1127 4826 per·
1175 4768 1211 4811 ac
1223 4748 1346 4829 pietate,
1363 4751 1393 4806 et
1406 4743 1578 4805 eruditione
1589 4741 1740 4803 celebrem
1752 4749 1817 4795 eum
1826 4727 1909 4794 lutet,

354 4850 464 4894 sonam
478 4833 589 4895 Christi
600 4835 780 4914 predicans,
795 4854 829 4897 re
839 4836 916 4897 dnas
926 4839 1123 4917 agnoscebat.
1175 4840 1395 4920 argumentum
1417 4853 1456 4896 cx
1469 4852 1506 4897 eo
1518 4833 1649 4914 eapitur,
1665 4829 1748 4912 qnod
1760 4825 1796 4887 eh
1807 4817 1910 4883 talam

356 4925 516 5005 Siquidem
529 4926 704 4998 unitasilla‚
717 4945 811 5006 quam
821 4929 1034 5008 profitebatur,
1048 4930 1126 4992 non·'
1177 4933 1364 5012 imperatore
1381 4926 1563 5006 exagitatus,
1579 4932 1611 4988 et
1621 4917 1786 4987 maledictis
1799 4906 1910 4975 ouillum

355 5016 415 5078 uisi
438 5016 572 5095 marubi,
594 5023 628 5078 ut
648 5020 691 5080 ita
713 5017 834 5098 loquar,
859 5027 890 5082 et
910 5022 1026 5103 tropico
1044 5023 1122 5086 luit:
1175 5030 1302 5087 calisam
1313 5022 1464 5083 laceratus
1477 5024 1534 5081 est.
1606 5102 1616 5114 ι

392 5247 414 5286 a
431 5230 510 5286 Socn.
525 5229 561 5285 Οὔ
570 5249 613 5302 μοι
630 5231 725 5285 hostib
739 5231 882 5304 Νεστόριος,
907 5233 962 5289 οὔτε
987 5234 1127 5309 τδνΣαμο·
1215 5237 1232 5292 b
1254 5233 1301 5299 ‘lii
1313 5232 1423 5307 ottapot
1436 5229 1531 5300 τὴντοῦ
1544 5230 1684 5303 θεοῦλόγου
1695 5211 1910 5310 ὓπόστασῑνᾶξωμῖζ

354 5314 431 5369 aazia
450 5313 550 5368 Παῦλον
564 5315 659 5382 ζηλῶν,
674 5312 730 5369 οὔτε
756 5314 803 5388 μὴν
830 5317 967 5383 Carsicis,
987 5317 1048 5391 μηδὲ
1062 5321 1128 5382 ὅλως
1177 5318 1243 5373 tiit
1256 5322 1383 5389 πανταχοῦ
1405 5313 1567 5369 insectarer
1588 5312 1661 5368 αὐτὸν
1681 5307 1801 5383 spicat,
1817 5290 1914 5387 ²²⁸&

356 5397 427 5469 ψιλὸν
441 5396 568 5470 ἄνθρωπον
581 5397 662 5470 λέγειν
677 5398 720 5451 atr
733 5399 825 5471 κύριον·
842 5400 907 5454 ἀλλὰ
916 5400 961 5468 τὴν
974 5401 1039 5466 λέξιν
1049 5404 1126 5475 μόνην
1176 5421 1239 5458 otor·
1255 5400 1284 5456 οὗ
1311 5400 1358 5473 μὴν
1379 5400 1414 5460 ὣς
1434 5397 1570 5462 mersu.
1582 5397 1625 5452 mi
1647 5385 1832 5465 ὁΣΨΜΜὺς
1842 5377 1910 5442 W

358 5478 392 5539 ὣς
402 5478 433 5531 τὰ
446 5480 600 5552 poppaucus
613 5480 757 5551 πεφόῦηται.
1176 5485 1251 5539 abaci
1265 5483 1309 5551 τὴν
1320 5480 1430 5553 caepio-
