4036 6162
575 445 626 507 DE
646 445 948 527 INGARNATIONE,
971 450 1047 513 tte.
1070 450 1109 526 ll,
1131 450 1215 514 CAP.
1238 452 1316 514 Xlll.

146 608 397 690 jungerequam
408 609 456 673 tui
468 609 576 692 ipsius,
591 609 645 692 qni
658 611 917 693 esimagoPatris,

149 701 301 781 adquam
318 701 359 763 ab
379 702 468 765 initio
481 703 595 767 conditi
609 722 727 768 sumus.
741 707 820 768 Nam
833 725 918 769 crea·

149 798 258 856 tarum
271 799 385 859 natura
398 812 505 857 rerum
525 796 564 857 ad
583 796 616 859 id
631 799 841 878 prestandum
855 817 919 862 non

150 890 221 948 erat
249 885 364 948 idonea
388 907 396 949 ε
429 905 504 950 cum
536 893 567 950 et
600 889 709 970 Angeli
728 891 920 971 prevaricati
1167 873 1363 959 CAPUT
1413 874 1539 960 Xlll.

147 978 212 1039 sint
227 997 238 1055 ;
255 984 288 1039 et
310 978 455 1043 homines
472 981 619 1043 mandato
633 1000 699 1044 non
712 982 915 1045 obediverint.

149 1068 323 1150 Propterea
343 1090 420 1151 opus
437 1078 503 1135 erat
523 1070 590 1153 ipso
604 1074 689 1136 Deo:
710 1073 849 1138 Verbum
866 1094 920 1136 au·
1626 1144 1629 1150 ,

147 1166 213 1223 tem
227 1164 311 1225 Deus
324 1170 371 1226 est
386 1164 774 1245 :utmaledictosubjectos
786 1166 918 1239 liberare
967 1166 996 1227 l.
1016 1160 1132 1226 Usitotc
1141 1162 1270 1225 macine
1288 1163 1378 1239 ratio,
1401 1182 1456 1225 eur
1479 1164 1633 1228 incarnari
1643 1168 1737 1229 Deum

146 1259 317 1334 persev.»
1006 1272 1113 1316 aereae
1125 1251 1230 1333 suerit,
1247 1261 1280 1316 ut
1294 1263 1397 1316 erecta
1409 1256 1573 1338 satisfactio
1593 1257 1688 1336 fieret.
1705 1260 1735 1321 3.

187 1346 243 1408 Sic
256 1346 395 1410 lrenaeus
406 1347 430 1418 ¹,
448 1349 544 1424 «Qua
555 1348 640 1411 enim
648 1349 767 1412 ratione
780 1349 918 1413 filiomm
1006 1345 1142 1408 Ametmi
1177 1345 1308 1423 mirifico
1341 1348 1502 1417 sententia,
1537 1347 1572 1410 de
1603 1348 1736 1411 obmitto

146 1438 481 1519 ejusadoptionisesse
494 1459 655 1521 possemus
666 1441 842 1524 participes,
856 1442 917 1503 nisi
1006 1438 1172 1500 necessitate
1196 1436 1422 1516 incarnationis,
1449 1458 1538 1521 ecque
1561 1438 1654 1502 lotias
1681 1460 1736 1502 en-

145 1548 204 1611 per
216 1530 334 1608 tilium,
348 1550 429 1610 eam,
451 1551 523 1613 quse
537 1539 584 1596 est
604 1533 770 1614 adipsum,
785 1533 919 1615 recepis·
1003 1529 1120 1612 plicato
1133 1533 1164 1591 t.
1186 1528 1271 1592 Huic
1284 1528 1340 1590 clii
1350 1529 1457 1593 Patres
1470 1540 1671 1613 opponuntur,
1685 1535 1739 1615 qui

144 1640 252 1686 semus
275 1623 316 1685 ab
342 1641 380 1686 eo
405 1625 669 1702 communionem,
693 1625 754 1687 nisi
779 1625 918 1687 Verbum
1006 1621 1069 1685 clio
1097 1622 1185 1684 modo
1213 1620 1339 1683 liberari
1362 1620 1491 1686 domines
1514 1624 1645 1705 potuisse
1670 1643 1735 1686 eea-

145 1716 212 1796 ejus
224 1717 484 1779 communicasset
494 1717 594 1791 nobis,
610 1735 681 1779 caro
693 1716 812 1780 lactum
824 1716 869 1779 tr
1006 1719 1080 1777 sent.
1099 1713 1145 1777 tl.
1164 1713 1240 1778 Tum
1255 1713 1340 1778 illios
1352 1716 1534 1797 erqumentis
1555 1717 1731 1783 occurritur.

183 1811 347 1890 Rupertus
358 1826 449 1890 porro
467 1826 539 1871 cum
558 1826 682 1872 caumm
699 1808 874 1890 inquisisset
891 1808 915 1888 ³,

143 1919 199 1963 cur
213 1902 299 1963 Deus
320 1922 337 1961 ν
358 1901 398 1963 ad
419 1900 603 1964 suvandum
624 1918 724 1981 genus
742 1901 917 1963 humanum
1006 1901 1031 1962 Ι.
1049 1898 1197 1962 Omnium
1208 1904 1255 1960 est
1267 1899 1380 1962 usitata
1399 1901 1546 1980 maxime,
1563 1908 1595 1965 et
1611 1909 1734 1983 recepta
1756 1926 1891 1983 aspicitur

142 1993 230 2054 venit
243 2011 302 2073 per
318 1993 466 2073 seipsum,
487 1998 518 2054 et
539 1993 635 2054 homo
647 1992 748 2056 iactus
760 1998 806 2055 est
820 2013 827 2055 :
843 2011 917 2056 aum
965 1991 1056 2069 ratio,
1081 2009 1136 2052 cur
1158 1991 1192 2052 in
1210 1991 1382 2053 humanam
1394 1994 1636 2072 recuperandam
1649 1994 1731 2059 salu·
1755 1982 1890 2038 precipuum

142 2086 203 2148 hoo
216 2085 303 2147 idem
316 2084 385 2146 fieri
401 2083 552 2165 potuisset
571 2103 627 2165 per
643 2084 741 2147 alium
758 2105 765 2146 :
781 2103 837 2147 cur
851 2104 917 2147 non
964 2088 1029 2146 tem
1042 2082 1345 2162 Deuminterpouere
1358 2102 1391 2145 se
1403 2103 1525 2148 neeesse
1538 2085 1731 2166 fuerit‚quod
1754 2036 1897 2133 immi

144 2179 250 2260 potins
260 2177 348 2240 misit
357 2177 494 2257 aliquem
505 2177 739 2253 tegatumtcur
753 2196 818 2240 non
831 2177 916 2240 misit
964 2176 1153 2257 aliterplene
1167 2174 1285 2237 offenso
1299 2177 1427 2238 Numini
1435 2178 1586 2255 satisfieri,
1601 2179 1731 2241 stillata
1767 2142 1887 2242 'siffis

143 2269 601 2351 nugetum,votsrchangetum
613 2269 706 2332 ‘trita
719 2270 778 2333 sibi
789 2288 917 2350 respon·
963 2268 1037 2330 huic
1051 2267 1165 2349 injuria
1176 2267 1282 2332 sarciri
1297 2269 1471 2349 nequiverit
1486 2290 1494 2331 ε
1510 2270 1553 2332 ita
1573 2276 1608 2332 ut
1620 2271 1732 2351 reliqui

145 2362 213 2438 dit,
233 2362 335 2436 «Quia
347 2361 427 2424 nulli
440 2362 492 2424 alii
505 2362 566 2424 nisi
574 2361 633 2424 soli
644 2368 765 2425 nattum
774 2363 916 2424 divinita·
963 2360 1042 2422 nihil
1051 2361 1090 2423 de
1103 2378 1226 2422 summa
1239 2366 1378 2437 restaret,
1403 2362 1487 2441 quod
1500 2361 1654 2427 solutione
1666 2382 1732 2426 nou

143 2454 183 2517 tis
196 2454 259 2517 hoo
268 2454 326 2516 tuit
335 2472 476 2535 unquam
489 2454 645 2535 possibile,
660 2472 818 2517 assumere
831 2454 915 2534 quod
963 2458 1041 2515 esset
1053 2458 1264 2534 expunctum:
1285 2474 1300 2512 e
1314 2455 1399 2515 Sicut
1416 2454 1471 2534 qui
1491 2456 1657 2533 pecuniam
1670 2457 1731 2518 sol·

141 2564 206 2608 non
221 2553 301 2621 erat,
316 2552 347 2608 et
358 2564 486 2609 manere
501 2546 587 2626 quod
609 2552 685 2608 erat.
711 2548 751 2608 Et
764 2547 848 2609 unde
868 2546 914 2608 illi
962 2550 1052 2622 runt,
1068 2544 1207 2606 debitum
1220 2545 1366 2623 reddunt,
1381 2545 1424 2605 ait
1432 2544 1613 2609 Ambrosius
1626 2546 1637 2580 ⁸
1655 2566 1732 2609 :nec

141 2638 200 2700 lsoc
224 2637 399 2720 possibile?
432 2638 573 2700 videlicet
599 2638 673 2719 quia
705 2644 829 2725 natura,
863 2639 914 2700 vel
962 2635 1733 2718 priusevacuaturfeuorisnomen‚quamtotiussor·

140 2731 316 2793 susbstantia
355 2730 523 2792 divinitatis
555 2735 644 2792 tanto
685 2730 827 2793 subtilior
869 2738 915 2795 est
962 2728 1002 2790 tis
1016 2729 1056 2791 ad
1069 2727 1236 2791 minimum
1246 2746 1558 2811 usque,quocumque
1571 2731 1733 2792 solutionis

141 2825 249 2886 anima
265 2823 421 2897 rationali,
442 2828 478 2884 ut
491 2841 560 2884 eam
580 2828 743 2903 penetrare
765 2823 872 2903 possit.
894 2844 911 2883 o
962 2839 1076 2902 genere
1097 2821 1252 2901 quantitas
1274 2821 1419 2882 universa
1438 2821 1584 2883 solvatur.
1601 2843 1617 2880 u
1634 2824 1730 2902 Atqui

141 2915 274 2995 Subjicit
300 2915 412 2977 deinde
437 2914 659 2976 catholicorum
682 2915 811 2979 Petrum
843 2934 913 2978 seu·
963 2919 1105 2977 creatura
1118 2913 1204 2975 nulla
1218 2913 1732 2995 tamexcellensessepotest,cujus

140 3009 298 3083 tentiam,
340 3007 395 3087 qui
430 3025 468 3069 ex
500 3024 537 3069 eo
571 3006 764 3068 divinitatem
797 3026 913 3088 appro·
963 3007 1123 3082 meritum,
1137 3005 1321 3084 antiquitas
1334 3005 1490 3084 adaequari
1511 3023 1582 3066 cum
1596 3005 1729 3085 iujuriae,

139 3100 219 3162 bant
232 3098 369 3180 Spiritus
378 3099 510 3176 sanctim
523 3099 672 3179 quoniam
683 3105 713 3161 et
723 3099 788 3180 ipse
801 3100 913 3162 huma·
963 3117 1033 3180 quae
1047 3105 1172 3179 peccato
1186 3098 1249 3158 Deo
1262 3096 1342 3165 saeta
1354 3097 1405 3172 sit,
1417 3097 1566 3176 gravitate
1582 3102 1614 3160 et
1624 3097 1729 3159 inlini·

140 3211 191 3254 use
218 3190 334 3252 animae
359 3197 405 3251 cst
431 3190 588 3271 capabilis,
611 3195 642 3252 et
655 3208 751 3271 capax
773 3191 913 3271 ejusdem
962 3195 1026 3252 tate
1044 3189 1149 3271 possit.
1177 3190 1221 3250 De
1247 3207 1310 3269 qua
1328 3208 1374 3266 re,
1391 3189 1519 3269 ejusque
1542 3206 1636 3251 causa
1654 3190 1730 3251 alias

139 3283 259 3345 animm
272 3281 445 3358 mennatis,
461 3288 519 3344 etc.
531 3282 610 3344 Nam
624 3282 709 3345 solus
729 3283 823 3353 Deus,
831 3302 913 3347 uuus
961 3282 1141 3344 viderimus.
1166 3281 1255 3342 Nunc
1274 3300 1312 3343 eo
1335 3282 1471 3344 contenti
1494 3299 1613 3360 sumus,
1633 3301 1729 3363 argu·

138 3373 491 3450 Deus‚Pater‚etFilius‚
507 3384 539 3435 et
553 3372 687 3453 Spiritus
700 3382 827 3437 sanctus
840 3394 913 3438 cum
962 3373 1098 3436 montani
1111 3373 1153 3436 sic
1164 3374 1338 3454 complures
1354 3375 1573 3454 antiquorum
1589 3392 1730 3437 necessa·

139 3467 220 3543 vnlt,
234 3473 267 3528 et
280 3471 373 3546 prout
386 3464 465 3542 vult,
480 3464 624 3527 rationali
646 3465 772 3544 animae,
787 3467 838 3528 vel
850 3469 912 3549 spi·
962 3466 1045 3528 rium
1069 3465 1174 3541 tuisse,
1199 3469 1237 3525 ut
1261 3465 1301 3526 ad
1327 3466 1395 3527 haec
1409 3462 1518 3529 intima
1534 3466 1732 3529 descenderet

139 3559 215 3622 ritui
228 3575 297 3620 sese
311 3556 458 3632 infundit,
473 3563 505 3618 et
517 3557 552 3618 in
564 3574 601 3619 eo
622 3557 817 3621 mansionem
829 3559 913 3623 iacit.
962 3557 1057 3619 Filius
1079 3558 1134 3619 Dei
1152 3555 1305 3618 liberandi
1327 3557 1426 3638 gratia
1444 3559 1567 3639 generis
1586 3559 1729 3638 humani,

140 3652 251 3733 ltaque
271 3649 465 3712 daemonium
486 3649 529 3711 sic
549 3650 659 3730 implet
682 3650 855 3734 hominem,
878 3659 915 3714 ut
963 3649 1047 3730 quod
1073 3649 1204 3712 idoneus
1230 3668 1324 3712 nemo
1351 3652 1551 3732 reperiretur,
1577 3653 1632 3732 qui
1659 3670 1732 3714 eum

139 3748 287 3825 penetret
299 3742 437 3804 animam
451 3740 529 3821 ejus,
545 3741 599 3803 sed
615 3760 761 3804 cavernas
778 3745 914 3825 corporis
963 3741 1143 3804 offensionis
1153 3742 1312 3804 atrocitate
1321 3742 1534 3806 satisfactionis
1544 3744 1732 3824 magnitudi-

139 3837 279 3917 irrepere
302 3835 415 3914 potuit,
438 3833 613 3895 »Diximus
630 3834 669 3896 de
690 3834 750 3897 hac
772 3842 915 3899 veterum
963 3852 1038 3896 nem
1051 3852 1090 3895 ex
1107 3852 1198 3915 aequo
1213 3852 1411 3914 compensare
1430 3841 1542 3916 posset.
1558 3839 1659 3915 Atque
1672 3834 1733 3897 hoc

139 3928 290 4010 opinione
301 3926 375 3988 alibi
387 3924 504 4006 plura⁸
521 3924 744 4009 :etdeintima
759 3927 913 4009 illapene·
962 3926 997 3988 in
1019 3925 1141 3987 Psalmo
1165 3943 1261 3989 mv111
1279 3926 1445 4007 significari
1472 3926 1611 3988 indicant
1635 3926 1732 4008 aliqui

142 4021 289 4096 unione,
318 4018 593 4098 assumptioneque
624 4018 804 4082 substantiae
827 4022 915 4103 spiri·
962 4018 1073 4080 verbis
1096 4018 1163 4079 istis
1190 4039 1198 4080 z
1222 4018 1410 4082 Fraternas
1443 4017 1575 4096 redimit,
1610 4018 1732 4081 redimet

140 4113 234 4175 tualis
245 4116 354 4193 postea
367 4108 604 4190 disputabimus.
963 4109 1051 4173 domo
1067 4129 1074 4172 :
1091 4129 1149 4172 nom
1162 4109 1248 4172 datis
1260 4110 1322 4172 Deo
1333 4110 1527 4191 plaeottonem
1549 4129 1642 4174 suom.
1658 4114 1732 4186 Quae

181 4203 348 4284 tegendus
361 4207 392 4264 et
404 4202 514 4264 iobius
532 4201 705 4265 monachus
727 4204 811 4285 apud
834 4206 913 4268 Pho·
963 4202 1090 4283 quidem
1110 4202 1239 4263 Basilius
1260 4203 1304 4263 sic
1317 4207 1461 4278 enarrat3
1481 4203 1734 4284 quandoquidem

142 4299 222 4359 tium
234 4296 341 4358 codiee
352 4294 537 4372 ccxx11‚uhi
549 4295 640 4374 plura
659 4296 779 4359 disserit
789 4298 828 4360 de
845 4318 915 4361 reu·
961 4294 1104 4356 homines
1124 4295 1223 4374 pretio
1242 4294 1345 4373 aliquo
1366 4294 1538 4357 redimendi
1558 4301 1640 4371 sunt,
1663 4302 1695 4359 et
1714 4316 1734 4359 a

143 4389 202 4463 sis,
222 4392 352 4468 propter
372 4403 450 4465 quas
476 4386 591 4448 Filium
612 4388 665 4448 Dei
693 4389 861 4469 incarnari,
877 4411 914 4454 ac
962 4385 1079 4448 diaboli
1100 4391 1251 4467 potestate
1264 4386 1461 4462 vindicandi3
1480 4387 1642 4450 nemmem
1654 4407 1732 4467 esse,

142 4482 298 4543 redimere
307 4479 484 4541 humanum
496 4496 596 4557 genus
609 4482 758 4559 oportuit.
774 4483 837 4545 Nec
850 4502 914 4547 non
963 4478 1018 4558 qui
1037 4477 1216 4556 hujusmodi
1234 4478 1407 4557 persolvere
1421 4484 1515 4557 queat
1536 4499 1544 4540 ι
1569 4487 1734 4561 propterea

142 4573 323 4635 Theodotus
335 4574 518 4651 Ancyreum
530 4571 564 4631 in
583 4571 722 4634 oratione
739 4572 774 4635 de
789 4573 912 4639 Natiui-
962 4570 1045 4650 quod
1066 4569 1547 4650 1111111111111;1111Ρ1111101111111
1567 4590 1687 4648 01111161,
1703 4579 1735 4636 et

144 4670 204 4726 tate
214 4663 239 4742 ⁸,
256 4663 454 4726 etlionorius
467 4662 786 4743 numentanorum.
814 4654 816 4661 '
963 4661 1177 4742 redemptione
1200 4679 1279 4742 opus
1295 4661 1413 4723 habent
1430 4682 1437 4723 :
1459 4684 1475 4722 a
1493 4662 1538 4725 Ne
1560 4664 1658 4745 igitur
1675 4664 1735 4728 fra-

963 4760 1044 4814 trem
1065 4771 1198 4832 quaeraa
1222 4753 1276 4833 qui
1302 4754 1458 4832 redimat3
1485 4755 1540 4817 sed
1565 4774 1650 4832 eum,
1679 4758 1732 4838 qui

962 4851 1108 4906 naturam
1117 4850 1205 4906 tuam
1217 4851 1362 4926 superat;
1377 4865 1480 4926 neque
1495 4866 1618 4912 merum
1631 4850 1733 4912 homi·

962 4953 1051 5012 nem;
1071 4937 1125 4999 sed
1138 4937 1300 5001 hominem
1314 4939 1411 5001 Derim
1425 4942 1533 5002 lesum
1551 4942 1709 5004 Christum
1723 4962 1731 5003 ε

181 5134 203 5175 α
219 5121 322 5177 cmm.
340 5133 381 5179 ot.
404 5134 434 5175 u.
453 5117 526 5175 ‘ted
540 5118 597 5175 ottt
620 5120 697 5178 ἄλλον
711 5119 741 5192 ἦν
755 5126 860 5199 συνάψαι
872 5128 915 5183 τὸν
963 5151 1022 5194 στος
1036 5129 1167 5195 sternito·
1187 5133 1299 5208 ἀγγέλων
1314 5134 1357 5208 μὲν
1373 5137 1543 5208 repetimus·
1559 5135 1693 5210 ἀνθρώπων
1707 5138 1734 5192 δὲ

144 5202 269 5274 Mem*
284 5208 321 5275 ῖῷ
334 5201 453 5275 mistim
472 5207 509 5275 τῷ
531 5201 605 5276 ἁγίῳ,
619 5204 636 5273 ἦ
650 5224 695 5259 ⁶⁰⁰
708 5211 752 5275 τῆς
770 5207 860 5274 εἰκόνος
872 5216 915 5266 τοῦ
963 5217 1180 5288 repercutimur.
1196 5218 1237 5272 ost
1250 5222 1324 5274 τοῦτο
1340 5219 1395 5273 θεοῦ
1406 5216 1525 5293 pepulerit·
1536 5218 1588 5283 tede
1604 5221 1631 5274 dt
1646 5219 1735 5275 ἐστινὸ

144 5286 247 5357 we&
261 5284 315 5339 Μ’
328 5286 358 5352 dt
374 5283 642 5358 tequqeqqcupn.
658 5290 759 5362 σνΰγᾶρ
772 5289 872 5347 ἐστικαὶ
887 5295 916 5350 τὸ
963 5299 1046 5372 λόγος·
1074 5300 1117 5353 ἵνα
1145 5303 1202 5365 τοὺς
1224 5300 1272 5358 tat
1293 5301 1398 5374 κατάραν
1417 5303 1562 5376 γενομένους
1582 5302 1654 5367 αὐτὸς
1667 5301 1735 5359 ἑλεν-

144 5373 250 5440 πνεῦμα.
262 5374 313 5424 τῶν
333 5367 376 5441 μὲν
388 5367 436 5440 γὰρ
448 5374 558 5440 γενητῶν
572 5367 589 5436 ἡ
602 5369 671 5442 φύσις
685 5371 729 5426 οὒκ
742 5373 808 5430 ἔστιν
824 5375 915 5441 dictet·
964 5381 1068 5463 θερώσῇ,

177 5535 188 5578 t
204 5534 261 5580 troo.
271 5534 290 5580 t.
300 5533 338 5586 m,
354 5545 376 5581 c.
385 5532 473 5577 n.-s
486 5533 534 5582 tm.
549 5535 578 5584 Χ]
589 5536 616 5582 tc
628 5538 680 5585 t’tct.
692 5551 739 5590 mr,
749 5552 768 5587 c.
778 5554 854 5589 ιη-
864 5545 878 5588 t
887 5544 937 5590 us,
949 5546 1003 5592 lide
1015 5548 1077 5593 tito.
1088 5559 1108 5595 c.
1123 5560 1168 5604 rvr,
1179 5549 1195 5607 ς
1207 5551 1219 5595 t
1231 5557 1253 5597 et
1263 5562 1309 5607 seq.
1318 5560 1403 5596 necnon
1414 5550 1431 5595 1.
1443 5550 1470 5597 ds
1480 5555 1534 5608 Ano.
1545 5562 1565 5599 e.
1581 5564 1631 5606 nn,
1645 5554 1661 5612 ς
1674 5555 1734 5602 tt-

148 5596 251 5642 t'l'lssd.
267 5608 313 5655 por.
326 5596 356 5643 tu
370 5596 437 5642 Cone.
449 5596 529 5652 spu·
546 5602 559 5641 t
572 5597 634 5645 Tou.
648 5601 676 5645 tt
687 5603 743 5648 esst.
752 5604 843 5652 lut.-
855 5611 868 5649 t
881 5607 947 5654 drab.
961 5610 977 5656 t.
989 5609 1027 5654 llll
1037 5609 1061 5654 in
1070 5612 1121 5657 lete.
1132 5613 1176 5656 tot.
1189 5611 1236 5659 sss.
