4122 6248
597 227 648 287 DE
668 224 970 304 INGARNATIONE,
993 224 1067 286 LIB.
1091 226 1133 303 V,
1155 225 1240 288 CAV.
1263 226 1361 286 XVII.
1716 221 1776 281 669

189 386 307 463 Filii3u
332 389 418 451 bunc
437 389 470 451 in
497 391 627 453 modurn
648 391 825 453 ratiocinari
844 391 955 471 pergit.
1008 387 1776 473 officinumvocatB.Virginemconjunctiom'srrctu-

193 500 205 537 r
222 480 296 554 Quae
309 499 383 543 cum
396 483 438 544 ita
452 483 525 560 sint,
545 484 809 564 quemadmodum
827 483 905 544 nihil
920 500 958 543 ex
1008 502 1112 545 rorum
1122 494 1146 546 ⁶.
1165 484 1393 546 EtVincentius
1407 481 1574 544 Lirinensis
1592 486 1776 559 argumento

188 572 247 638 boc
270 575 474 636 metuendum
496 581 553 652 est,
576 595 617 637 ue
646 593 718 645 cnm
741 576 854 637 dicitur
878 577 958 636 Deus
1008 575 1082 637 huie
1096 575 1396 659 pressiusinsistens,
1412 583 1524 637 νεοτόκον
1539 573 1775 645 remeassent,

187 680 272 739 uere,
299 671 330 729 et
348 667 472 747 proprie
493 669 581 729 Peter
604 668 662 730 filii
683 668 833 742 crucifixi,
870 666 958 746 sequi
1009 687 1074 729 non
1102 687 1139 730 eo
1166 669 1270 745 modo,
1300 686 1361 747 quo
1388 666 1562 746 presbyteri
1589 671 1699 740 mater,
1724 668 1779 726 aut

186 757 340 835 videatur,
357 759 440 836 quod
461 759 515 821 ills
540 759 755 822 humanitasa
778 759 880 821 Verbo
904 757 959 820 Dei
1009 762 1145 841 episcopi
1156 766 1294 837 vocatur,
1310 777 1381 839 quse
1394 758 1591 838 cumgenuit,
1607 759 1780 838 quipostea

188 854 340 930 susceptu,
353 851 536 914 eternciiixa
545 852 578 913 in
590 852 737 913 deitatem
752 868 899 913 conversa
906 850 959 922 sit,
1008 854 1187 934 presbyter,
1203 853 1254 916 vel
1267 852 1428 932 episcopus
1440 851 1538 912 lactus
1558 856 1602 911 est
1619 869 1626 910 ε
1643 854 1678 910 ut
1691 868 1729 910 ex
1742 866 1779 911 eo

188 945 220 1001 et
232 947 345 1003 natura
357 942 506 1020 humana,
527 962 599 1023 quae
617 943 787 1023 composita
799 948 856 1020 est,
880 943 958 1003 sirn-
1012 964 1106 1026 supra
1120 946 1363 1007 memoravimus
1377 943 1388 977 ³
1406 965 1413 1006 :
1429 962 1464 1005 ec
1478 949 1547 1003 tum
1558 943 1617 1003 ista
1631 941 1754 1021 subjicit
1770 961 1778 1002 ι

188 1032 261 1112 plici
274 1040 394 1097 naturae
417 1036 518 1097 Patris
543 1035 811 1098 consubstantialis
826 1034 957 1097 effecta:
1014 1038 1110 1098 «Non
1124 1037 1178 1115 ita,
1193 1039 1333 1117 inquam,
1351 1041 1456 1097 sancte
1469 1035 1568 1096 Maria
1581 1043 1692 1105 νεοτόκος
1709 1033 1779 1096 :sed

188 1124 233 1186 ite
247 1144 312 1187 non
322 1128 473 1207 sequitur,
485 1147 557 1189 cum
567 1127 699 1189 dicimus
711 1131 823 1188 verset
836 1126 960 1207 proprie
1010 1128 1079 1191 ideo
1102 1130 1216 1210 potius,
1231 1129 1393 1209 qnoniam,
1416 1133 1452 1188 ut
1474 1146 1568 1210 supra
1591 1127 1778 1199 dictumest,

120 1298 124 1303 ἡ
189 1223 320 1280 matrem
335 1220 390 1282 Dei
402 1220 543 1295 Mariam,
556 1225 592 1282 ut
601 1219 800 1283 deitesVerbi
814 1236 960 1281 conversa
1007 1222 1072 1301 jem
1087 1222 1120 1282 in
1133 1222 1199 1301 ejus
1214 1228 1332 1284 sacrato
1347 1226 1437 1282 utero
1452 1228 1681 1282 sacrosanctum
1702 1219 1779 1280 illud

188 1309 330 1372 rideatur
357 1311 392 1373 in
410 1331 546 1390 carnem,
576 1319 608 1374 et
628 1319 741 1374 nature
757 1312 872 1385 divina,
889 1329 960 1391 quse
1012 1315 1197 1395 mysterium
1222 1320 1434 1395 perpetratum
1458 1321 1520 1382 est,
1550 1313 1782 1394 quodpropter

190 1403 322 1483 simplex
347 1410 403 1482 est,
428 1407 606 1486 compositae
634 1413 755 1467 naturre
765 1405 873 1466 matris
886 1420 959 1465 con·
1013 1407 1200 1487 singularem
1208 1408 1387 1486 quamdam,
1404 1406 1629 1487 atqueunieem
1641 1423 1781 1485 personae

189 1495 399 1558 substantialis
413 1498 686 1577 ellecta.ltlicquin
699 1499 724 1557 si
733 1497 959 1576 blasphemum,
1012 1501 1175 1577 unitatem,
1205 1500 1283 1561 sicut
1305 1499 1444 1562 Verbum
1472 1501 1504 1559 in
1528 1517 1620 1560 earne
1634 1516 1716 1574 cere,
1738 1498 1781 1558 ite

191 1592 223 1649 et
235 1588 405 1651 absurdum
417 1598 473 1664 cst,
489 1591 574 1670 quod
588 1589 622 1651 B.
640 1590 736 1651 lieris
750 1608 823 1651 rere
844 1594 874 1650 et
888 1608 960 1669 pro·
1011 1593 1106 1654 homo
1120 1593 1154 1653 in
1169 1594 1232 1653 Deo
1248 1594 1329 1654 Deus
1338 1597 1393 1653 est.
1409 1612 1424 1650 r

189 1680 257 1758 prie
279 1681 393 1743 dicitur
419 1689 529 1759 mater,
558 1683 624 1745 sine
650 1682 716 1749 nlla
739 1681 960 1762 disceptatione
1051 1685 1236 1746 Athanasius
1248 1685 1283 1745 in
1296 1684 1406 1764 quinto
1419 1684 1500 1745 libro
1521 1688 1621 1744 contro
1640 1681 1779 1759 Arr'uuos,

190 1772 406 1854 blasphemum
434 1780 465 1837 et
491 1775 660 1836 absurdum
685 1780 740 1850 est,
771 1774 855 1853 quod
877 1774 961 1835 Deus
1018 1777 1085 1839 uIn
1099 1783 1198 1854 utero,
1215 1775 1413 1854 ait,Verbum
1427 1776 1485 1836 sibi
1499 1774 1557 1855 ipsi
1571 1776 1782 1837 domumcon-

190 1865 331 1927 Verbum
344 1883 416 1928 vere
426 1871 458 1928 et
465 1867 590 1948 proprie
600 1865 803 1928 dicitnrfilius
813 1864 958 1929 bominis.
1015 1869 1171 1943 formavit,
1188 1870 1265 1931 sicut
1278 1869 1367 1929 initio
1387 1869 1545 1929 Adamum
1559 1869 1597 1929 de
1610 1874 1711 1943 terra;
1733 1866 1783 1928 val

192 1958 224 2019 Si
239 1964 343 2021 eutem
370 1965 402 2020 et
418 1958 478 2020 boe
490 1960 706 2040 blasphemum
734 1964 765 2019 et
790 1958 960 2019 absurdum
1018 1962 1120 2044 potius
1132 1961 1284 2023 diviniore
1298 1962 1390 2022 modo
1400 1960 1492 2022 telle
1506 1978 1568 2040 qua
1582 1960 1783 2021 similitudine

192 2051 331 2127 videtin,
358 2056 395 2111 ut
416 2054 498 2113 Deus
521 2052 661 2113 Verbum
683 2067 756 2112 rere
785 2056 813 2111 et
837 2050 961 2130 proprie
1016 2054 1329 2135 templi,sivedomus
1342 2058 1373 2114 et
1386 2052 1783 2131 camisaVerboassump

191 2143 311 2205 dicatur
324 2144 406 2205 filius
418 2143 555 2206 bominis
566 2147 808 2223 ;eonsequenter
821 2142 963 2222 blespbe·
1016 2152 1056 2210 tae
1073 2147 1219 2224 peculiari
1234 2152 1340 2227 postea
1353 2145 1451 2226 capite
1464 2144 1611 2206 dicemus.

191 2252 282 2296 mum
304 2236 461 2297 videbitur
480 2242 510 2297 ct
529 2236 712 2312 absurdum,
737 2241 773 2294 ut
791 2233 874 2294 idem
896 2234 963 2315 ipse
1055 2238 1163 2299 Vitalis
1185 2237 1208 2311 ³,
1232 2244 1263 2299 et
1281 2239 1478 2299 Constantius
1504 2237 1631 2317 Hispani
1655 2236 1783 2317 epistole

192 2327 344 2389 mediator
367 2329 434 2405 Dei,
459 2335 490 2390 et
509 2328 686 2404 bominum,
705 2327 801 2388 homo
825 2326 963 2387 Christus
1012 2328 1052 2391 od
1065 2329 1239 2411 Capreolum
1253 2328 1514 2410 Curtkepinensem
1531 2349 1537 2390 r
1554 2330 1780 2398 «confitemur.

191 2421 281 2481 lesus
308 2438 381 2482 vere
407 2425 439 2482 et
464 2422 589 2500 proprie
616 2420 737 2481 dicatur
765 2417 861 2480 Filius
893 2417 959 2479 Dei.
1014 2422 1171 2503 inquiunt,
1188 2424 1286 2484 Deum
1300 2422 1393 2484 fuisse
1410 2422 1545 2483 inutero
1562 2421 1665 2484 llarioe
1679 2423 1782 2502 Virgi-

192 2512 291 2574 Porro
315 2513 473 2593 Scriptura
494 2513 610 2586 divine,
626 2530 697 2591 quae
717 2511 796 2573 nihil
819 2510 962 2590 blasphe-
1013 2516 1074 2592 nis,
1091 2516 1291 2594 assumpsisse
1313 2515 1598 2594 reliquampartem,
1624 2514 1784 2577 fabricasse

190 2623 280 2666 mum
299 2604 449 2685 loquitur,
468 2605 518 2665 rel
547 2605 732 2680 absurdum,
762 2620 819 2683 pro
841 2603 962 2664 nnitute
1014 2608 1117 2668 Deum
1140 2607 1197 2668 sibi
1221 2607 1394 2681 hominem,
1422 2614 1531 2668 natum
1557 2608 1650 2669 luisse
1682 2609 1784 2670 Deum

190 2715 332 2778 personae
344 2714 465 2774 verum,
479 2702 511 2758 et
524 2697 685 2776 proprium
703 2695 760 2757 Dei
774 2695 875 2755 filium
888 2693 964 2755 dicit
1013 2717 1135 2779 verum,
1151 2704 1182 2760 et
1191 2699 1353 2761 bominem
1372 2716 1493 2769 verum,
1513 2718 1606 2780 quem
1620 2700 1785 2780 assumpsit

190 2789 397 2850 mediatorem
423 2789 485 2863 Dei,
523 2794 554 2850 et
587 2788 763 2857 hominum,
799 2786 961 2848 bominem
1014 2811 1073 2873 pro
1099 2792 1197 2853 salute
1224 2791 1347 2870 generis
1374 2792 1515 2852 humani.
1531 2814 1546 2851 a
1578 2791 1686 2854 Merito
1709 2810 1783 2871 ergo

188 2881 300 2942 Jesum
313 2882 494 2958 Christum,
518 2880 573 2961 qui
595 2879 677 2941 dedit
701 2880 883 2960 mmetrprum
910 2897 962 2939 re·
1015 2884 1071 2945 Dei
1085 2883 1392 2964 meterappellatur:
1415 2883 1503 2962 cujus
1521 2884 1555 2944 in
1572 2890 1673 2961 utero,
1696 2890 1785 2946 eaete-

188 2972 383 3055 demptionem
407 2992 464 3054 pro
485 2971 639 3049 omnibus3
668 2972 700 3032 in
728 2990 786 3051 quo
810 2989 877 3032 vero
906 2969 965 3031 Dei
1016 2994 1122 3037 rarum
1137 2995 1224 3038 mere
1238 2981 1387 3052 matrum,
1402 2994 1473 3038 caro
1488 2976 1552 3054 illa,
1567 2976 1599 3037 id
1614 2976 1786 3057 estperfee·

189 3064 259 3147 filio
285 3083 395 3142 sumus,
424 3073 460 3150 et⁴
479 3065 529 3127 cui
547 3063 673 3145 proprio
700 3062 764 3139 filio
790 3070 880 3144 poter
904 3080 961 3122 nore
1016 3073 1066 3129 tus
1079 3070 1184 3145 bomo,
1201 3069 1256 3148 qui
1268 3075 1298 3130 et
1307 3071 1389 3130 Deus
1409 3074 1465 3145 est,
1482 3068 1632 3131 formatus
1647 3088 1683 3131 ac
1701 3070 1785 3146 geni-

186 3158 331 3239 pepercit,
341 3155 390 3217 red
392 3175 451 3239 pro
463 3156 547 3217 nobis
559 3154 692 3216 munibus
712 3153 841 3216 tradidit
862 3153 960 3215 illum.
1017 3165 1068 3220 tus
1089 3179 1153 3221 esse
1180 3159 1315 3222 creditur
1333 3179 1339 3220 :
1358 3162 1445 3239 cujus
1458 3167 1555 3234 satus,
1572 3167 1603 3222 et
1614 3162 1786 3223 ineremen-

191 3250 289 3311 Recte
308 3249 402 3329 igitur
418 3249 513 3311 etiarn
534 3249 626 3310 beata
647 3247 754 3320 Maria,
777 3264 834 3327 pro
854 3247 962 3308 eudem
1018 3259 1087 3314 turn
1101 3251 1308 3313 Dei-bominis
1322 3251 1380 3312 soli
1394 3251 1529 3330 Virginis
1541 3258 1630 3314 utero
1643 3252 1783 3330 debetur,

191 3341 313 3402 unitate
324 3359 461 3420 persone
472 3359 556 3414 rere,
565 3340 726 3420 etproprie
739 3344 839 3400 meter
849 3338 961 3400 dicitur
1019 3362 1113 3424 aquo
1128 3343 1212 3404 illius
1226 3350 1272 3405 est
1284 3349 1408 3423 sumpta
1421 3345 1561 3421 materie,
1586 3362 1650 3405 non
1664 3344 1697 3406 in
1711 3362 1785 3407 cum

189 3433 286 3511 ipsius
297 3433 450 3513 unigeniti
469 3434 524 3494 Dei
538 3432 672 3494 Verbi.»
696 3433 833 3510 Agamus
852 3431 891 3492 de
904 3430 963 3492 hac
1017 3436 1185 3517 importata
1197 3441 1245 3496 est
1257 3435 1393 3496 aliunde.
1410 3435 1529 3515 Quippe
1542 3458 1557 3495 u
1569 3434 1604 3497 in
1616 3437 1785 3499 uisceribus

189 3525 248 3586 fibi
266 3526 385 3587 unitate
418 3525 618 3605 postmodum
654 3523 796 3585 diffusius
824 3522 845 3584 ¹.
874 3523 964 3583 Nunc
1015 3529 1140 3590 intactae
1157 3528 1265 3589 matris
1291 3526 1345 3609 (ait
1372 3527 1511 3589 Gelasius
1537 3530 1619 3609 Papa
1642 3530 1722 3591 libro
1750 3528 1785 3591 de

192 3616 489 3696 Feustinegicnsis
502 3615 963 3678 verbishunelocumabsolre·
1016 3620 1131 3682 duabus
1161 3618 1280 3682 naturis
1306 3617 1338 3700 ι)
1374 3625 1511 3682 cessante
1544 3621 1659 3683 ten-eni
1691 3622 1785 3702 patris

192 3709 290 3772 mus²
308 3729 315 3770 z
335 3710 427 3771 «Nos
444 3727 541 3770 runem
559 3709 625 3786 Dei,
644 3707 842 3787 hominisque
860 3725 965 3787 perso·
1017 3712 1242 3786 officio,dirina
1255 3711 1386 3791 sumpsit
1395 3713 1573 3792 operatione
1582 3713 1782 3794 principium,

193 3821 280 3879 nem,
295 3803 347 3871 eit,
364 3801 558 3875 fiducialiter,
573 3807 604 3863 et
617 3800 783 3862 salubriter
795 3806 965 3862 asserentes
1016 3805 1179 3867 materiam
1194 3803 1378 3865 conditionis
1393 3803 1540 3867 humanae
1558 3805 1596 3868 de
1615 3807 1785 3870 substantie
1845 3831 1863 3854 ν

195 3896 230 3957 in
243 3892 813 3975 eo,quieretinprincipi0,etquisub
822 3893 966 3971 redemp-
1016 3897 1173 3975 genitricis
1196 3896 1372 3973 instituens,
1402 3903 1433 3959 et
1463 3897 1638 3960 unitionem
1671 3899 1785 3961 divinus

196 3988 288 4050 tionis
301 3993 416 4050 nostrae
429 3986 736 4067 temporefectusest
749 3983 965 4047 insimilitudi-
1016 3988 1161 4069 potentiue
1195 3989 1375 4067 dignatione
1395 4007 1459 4051 sure
1477 3990 1644 4069 majestatis
1666 3992 1784 4074 imper·

197 4097 271 4141 nern
283 4079 624 4159 carnispeccati3idest
639 4076 814 4140 inveritate
828 4075 966 4138 bominis
1016 4082 1107 4159 tiens,
1123 4086 1164 4141 ut·
1172 4081 1332 4162 utriusque
1353 4088 1472 4143 naturee
1497 4082 1692 4146 ineffabiliter
1713 4084 1784 4145 uni·

198 4177 229 4234 et
242 4171 443 4233 similitudine
465 4171 633 4252 peccatoris
646 4190 655 4246 ;
669 4188 737 4245 nos,
762 4171 901 4250 inquam,
923 4170 967 4231 ita
1016 4172 1120 4250 tio,ab
1134 4172 1199 4253 ipso
1214 4191 1279 4234 suae
1291 4175 1503 4254 conceptionis
1516 4181 1625 4237 exortu
1639 4175 1786 4239 mirabili-

199 4265 438 4344 lleum,petrem
451 4263 587 4325 bominis
611 4263 670 4323 sub
694 4280 833 4343 personae
847 4263 967 4323 unitate
1016 4270 1074 4342 ter,
1084 4284 1120 4326 ac
1128 4271 1270 4343 potenter
1278 4268 1437 4342 existeret3
1451 4286 1509 4328 nec
1517 4270 1548 4329 in
1556 4275 1669 4331 sanctae
1676 4269 1783 4332 Mariae

198 4362 359 4429 testamen,
368 4357 446 4418 sieut
459 4355 517 4417 sub
528 4355 666 4435 ejusdem
673 4354 801 4416 unitatis
808 4354 964 4434 amplexu,
1017 4375 1143 4440 prorsus
1156 4357 1297 4435 internis,
1315 4358 1402 4419 istius
1421 4360 1603 4423 sacramenti
1617 4363 1784 4443 quicquam

198 4454 333 4510 metram
345 4448 400 4510 Dei
413 4448 573 4510 hominem
587 4446 782 4510 confitemur.
798 4468 814 4505 r
1016 4449 1066 4510 vel
1075 4450 1273 4528 precesserit,
1289 4450 1338 4511 vel
1352 4457 1422 4530 post
1438 4457 1578 4513 secutum
1592 4454 1685 4516 luerit
1698 4455 1785 4517 insti-

9 4573 49 4621 ur
57 4572 176 4626 W„
238 4541 322 4602 VIll.
344 4541 447 4602 Tertia
472 4540 609 4601 nominis
636 4548 750 4602 νεοτόκον
770 4545 967 4600 exustarum
1017 4547 1131 4603 tutum.
1147 4542 1207 4603 Sed
1219 4542 1312 4621 hujus
1326 4542 1425 4622 magis
1438 4545 1532 4605 simul
1549 4546 1694 4610 ellectum
1712 4567 1782 4629 my·

7 4630 62 4683 ¹¹⁰¹·
75 4623 176 4677 ΝΜ
198 4633 320 4714 scriptis
333 4633 412 4694 ratio
426 4633 608 4709 carnficitnn
631 4633 762 4712 quodin
775 4632 842 4711 ejus
863 4636 966 4708 utero,
1017 4635 1101 4695 sterii
1127 4640 1294 4712 conceptus
1321 4634 1385 4714 ipse
1408 4639 1609 4716 preceperit,
1636 4659 1695 4702 nec
1722 4639 1784 4701 illie

7 4689 75 4726 atero
91 4693 123 4725 ae
141 4679 176 4723 do

8 4747 34 4779 oo
50 4734 173 4779 snrrer-
198 4743 235 4787 ao
244 4726 282 4787 de
295 4743 332 4786 eo
346 4725 487 4788 Verbum
498 4726 557 4787 sibi
569 4743 704 4802 carnem,
721 4741 816 4804 quam
830 4740 966 4786 assume·
1018 4725 1121 4806 aliqua
1135 4726 1342 4806 preveniente
1356 4726 1537 4807 substantie,
1553 4731 1697 4811 perfectio
1710 4732 1783 4792 uni-

8 4787 174 4888 suffimen
198 4822 258 4897 ret,
271 4817 372 4880 finxit.
389 4819 463 4881 ideo
483 4818 612 4880 Procius
633 4818 667 4880 in
690 4818 830 4881 oratione
852 4816 965 4897 prima,
1019 4818 1113 4880 tionis
1140 4818 1309 4896 accesserit,
1338 4820 1393 4881 sed
1414 4821 1454 4882 ab
1482 4822 1622 4887 unitione
1649 4824 1785 4904 perfecte

235 5050 257 5091 α
275 5034 490 5092 Psocl..0rul.1.
510 5035 546 5089 'lb
560 5032 718 5108 ἐργαστήριον
732 5037 775 5103 τῆς
795 5031 904 5099 irritetur
918 5041 968 5093 τῶν
1017 5026 1137 5088 revolsas
1151 5034 1312 5121 bisalduno,
1328 5036 1356 5089 br
1371 5037 1462 5109 τρόπον
1476 5032 1499 5097 l}
1516 5035 1593 5110 ἀρχῆς
1605 5036 1648 5091 τδν
1667 5035 1786 5112 ’Aedabe

198 5118 374 5261 φῦἷωένωιν.
399 5201 445 5258 Ἐν
459 5202 506 5276 γὰρ
524 5207 554 5277 τῇ
577 5200 667 5272 ταύτης
685 5201 758 5272 νηδύϊ
771 5201 785 5257 ὁ
800 5202 875 5276 λόγος
890 5205 974 5286 3th.)
1020 5136 1063 5186 της
1075 5136 1129 5189 γης.

226 5395 238 5437 1
248 5391 300 5447 ,tib
316 5390 414 5437 vll-t
428 5388 502 5436 Fauni.
510 5393 527 5440 l.
538 5389 564 5436 ΙΙΙ
575 5390 630 5437 etti
644 5390 703 5437 Patr.
717 5388 739 5434 ln
748 5400 775 5447 ep
786 5391 822 5437 M
833 5396 964 5487 meast
976 5410 1035 5459 sup.
1049 5407 1071 5442 t.
1082 5396 1150 5459 1111,ss
1158 5393 1215 5442 t.-
1228 5396 1245 5445 d
1256 5396 1281 5443 lu
1290 5395 1365 5452 opw-
1376 5394 1497 5449 Deme-b
1510 5390 1577 5440 initio
1586 5395 1604 5443 l.
1612 5401 1629 5442 t.
1641 5395 1765 5444 lVBiM'P.
