4072 6164
556 364 608 424 DE
627 352 926 431 immunitione,
948 358 1019 421 Llli.
1045 360 1079 437 V,
1101 360 1183 426 CAP.
1207 365 1260 425 IV.

110 532 219 607 lunt,
243 546 260 588 a
286 546 387 593 annm
411 533 525 590 sanctas
550 527 710 590 'liinitatis
736 528 771 587 in
795 540 886 587 cruca

108 623 220 684 huss.
235 624 337 703 Alam
350 623 420 694 hoc,
436 621 491 698 ait,
507 627 616 683 contra
626 619 836 695 Nestorianoa,
855 621 886 679 ct

112 715 290 795 acephalos
302 715 438 795 prodest.
455 732 471 771 a

153 808 243 868 Idem
259 822 354 888 porro
367 806 521 869 Maximus
538 805 572 864 in
589 803 790 884 responsione
807 820 884 881 qua·

108 898 189 962 dam
215 898 257 960 ad
280 898 485 974 Thalassium,
513 897 596 977 apud
620 894 826 975 Enthymium
852 894 885 954 in

108 988 267 1075 Panopls'a
291 1010 306 1049 s
333 992 371 1052 In
390 1009 467 1068 nno,
485 990 598 1069 inquit,
619 1006 637 1049 c
655 995 763 1050 sancta
779 986 885 1047 Trini-

107 1090 189 1160 tate,
209 1100 308 1145 unam
321 1081 513 1164 hypostasim
530 1096 595 1143 non
615 1081 656 1142 ad
673 1079 886 1141 oonhrdonem

108 1178 250 1239 duarum
261 1177 360 1255 ipsius
372 1182 557 1237 naturarum
572 1170 762 1235 dicimus·.r

152 1269 297 1350 Dionysii
320 1268 425 1330 locum
458 1267 549 1328 illum
582 1266 722 1327 imitatas
748 1266 886 1326 loannes

21 1383 24 1388 ·
108 1359 356 1436 Damascenos¹,
381 1366 413 1422 et
433 1359 578 1421 eumdem
597 1358 688 1419 illum
700 1357 885 1419 nominatim

108 1453 208 1530 citat,
237 1470 273 1515 ac
298 1453 393 1534 paulo
424 1452 514 1513 aliter
541 1454 762 1530 interpretatur
789 1464 885 1530 qnam

107 1546 288 1623 Maximus,
316 1545 401 1625 quod
427 1542 533 1607 scribit
558 1542 739 1622 Dionysius,
765 1547 885 1603 naturas

109 1643 232 1700 nostra
252 1656 292 1700 ex
313 1642 379 1699 toto
399 1637 524 1699 unitam
545 1654 611 1699 esse
628 1635 830 1696 Trinitatem:
846 1634 886 1695 ds

108 1746 178 1811 quo
192 1735 309 1810 postea.
322 1729 504 1792 Theodorus
516 1727 659 1791 Ahacara
669 1732 783 1808 practer
795 1726 885 1787 illum

106 1823 219 1886 locum
232 1822 372 1905 opusculi
385 1821 498 1902 quarti,
515 1836 609 1900 quem
624 1820 717 1898 paulo
730 1824 803 1880 anta
817 1819 886 1880 lan-

108 1916 270 1990 dsrimus,
285 1915 319 1975 in
332 1914 480 1997 opusculo
493 1913 628 1975 mundo
638 1912 746 1974 itidem
760 1926 884 1973 aunam

1164 750 1345 836 CAPUT
1396 751 1472 839 lV.

934 1074 981 1141 De
1002 1079 1331 1160 latrocinaturum,
1358 1080 1481 1161 tynum
1507 1082 1538 1142 2.
1560 1080 1703 1161 manucla

973 1170 1117 1234 diuinitas
1137 1172 1472 1254 Constantinopolitanis
1499 1172 1626 1235 traditas
1639 1176 1701 1248 ail3

973 1265 1044 1325 eicis
1058 1264 1285 1327 Clcaleedonetui
1297 1264 1425 1328 Concilio
1432 1264 1582 1347 psubatas.
1599 1268 1629 1327 3.
1645 1263 1704 1327 Pe-

974 1366 1036 1417 trus
1055 1356 1142 1419 Fullo
1167 1357 1383 1439 l'lteopaacllita
1406 1357 1482 1419 lanc
1496 1358 1700 1439 interpolavit,

974 1446 1135 1530 appendice
1146 1448 1274 1531 quadam
1287 1451 1381 1531 impie
1394 1449 1534 1512 adlecta:
1551 1453 1581 1511 4.
1598 1450 1631 1511 in
1642 1464 1703 1532 qua

973 1541 1703 1624 multipleclrcecesz'slatehat3qaidsltltlnporltsa

975 1634 1056 1716 apud
1077 1635 1219 1697 loannem
1241 1635 1464 1698 Damascenurn.
1489 1634 1519 1695 s.
1546 1633 1589 1694 De
1615 1631 1705 1692 Petro

976 1726 1124 1807 Cnapteo,
1146 1736 1174 1789 et
1189 1728 1313 1809 trisagio
1331 1726 1466 1809 quadam
1482 1725 1618 1807 imperite
1627 1741 1703 1803 pru·

974 1816 1041 1880 dita
1061 1826 1214 1882 nuantsu.
1231 1825 1261 1880 u.
1285 1817 1532 1895 Quemadmodum
1557 1813 1704 1879 Catholici

973 1910 1095 1992 qnidam
1104 1910 1246 1991 hymnam
1258 1912 1348 1972 iatam
1359 1930 1425 1972 cane
1435 1908 1593 1992 appendice
1604 1906 1701 1986 Petri,

974 2003 1020 2065 vel
1036 2003 1326 2079 inaeriisnonnallia,
1341 2003 1388 2065 ocl
1399 2000 1549 2063 commodo
1560 2001 1703 2080 interpce·

973 2096 1082 2159 taliam
1095 2095 1270 2158 ortlsoclance
1282 2095 1356 2179 fidei
1367 2092 1565 2158 uindicarant.

108 2007 155 2070 alt
179 2025 247 2069 esse
270 2008 429 2069 Christum
453 2005 613 2066 Trinitatis
633 2004 845 2084 hypostasim,
864 2024 881 2062 s

107 2101 204 2180 usius
214 2100 310 2161 verba
319 2098 401 2160 libro
413 2100 505 2159 tertio
519 2097 736 2177 descripsimus
745 2096 769 2156 ¹.

150 2192 208 2253 Sic
228 2191 477 2271 Harmanopolas
494 2190 528 2250 in
546 2189 737 2270 Erpoeitehne
749 2185 822 2269 pidci
837 2206 884 2248 oc«

107 2282 262 2360 ttodaoeoe,
278 2300 400 2345 «unum
411 2301 476 2344 esse
485 2291 599 2343 sanum
607 2281 765 2341 Trinitatis
777 2282 883 2342 lesum
974 2280 996 2340 1.
1024 2280 1161 2342 Pertinet
1189 2281 1226 2342 ad
1255 2282 1397 2342 eamdem
1423 2275 1642 2359 prestantioris
1668 2278 1701 2339 in
1740 2320 1746 2329 -

107 2376 274 2437 Christum
286 2376 344 2437 Dei
357 2373 501 2436 hliuma*
521 2375 662 2435 affirmat.
933 2373 1052 2434 Christo
1064 2381 1185 2435 naturae
1206 2374 1496 2446 considerationem,
1516 2371 1621 2432 iliade
1635 2369 1702 2430 Tri·

148 2470 233 2530 Cum
266 2469 362 2548 igitur
389 2467 540 2528 Catholici
566 2482 669 2527 unum
692 2478 710 2526 c
735 2465 884 2526 Trinitata
933 2466 1016 2544 sagio
1025 2464 1146 2545 hymno
1156 2461 1702 2543 Catholicorumcumhlonophysltis

108 2561 275 2623 Chriatmn
298 2578 379 2635 esse,
411 2564 497 2621 mato
524 2575 676 2619 consensu
700 2558 881 2619 docuerint:
932 2556 1086 2619 haereticis
1099 2558 1269 2634 contentio,
1285 2576 1355 2637 quae
1375 2557 1504 2618 alteram
1518 2555 1700 2616 conceden-

107 2654 233 2714 mirum
255 2656 318 2713 non
345 2658 391 2712 est
416 2652 536 2730 Cyrum
562 2649 805 2712 alexandrinam
832 2652 886 2711 Pa-
932 2649 1014 2710 tibus
1037 2650 1208 2729 expositam
1237 2649 1389 2729 capitibus
1415 2648 1555 2721 duobus,
1582 2647 1702 2726 aliquot

106 2744 294 2817 triarcham,
308 2743 493 2804 haereticum
513 2741 774 2817 Monothcletam;
798 2742 884 2821 quod
932 2742 1022 2802 annis
1042 2742 1212 2803 antecessit.
1235 2742 1281 2803 lie
1301 2741 1359 2802 hac
1380 2760 1478 2821 pauca
1501 2739 1645 2820 quadarn
1667 2739 1701 2799 in

106 2852 214 2915 genus
228 2835 429 2915 Eutychiana
447 2840 537 2895 secto
551 2850 688 2914 propago
702 2834 761 2894 luit
775 2854 784 2908 ς
800 2834 884 2895 idern
932 2835 1033 2914 primo
1054 2833 1134 2895 libro
1158 2834 1243 2894 velut
1266 2839 1488 2913 praetereuntes
1506 2831 1665 2910 attigimus
1674 2828 1698 2905 ⁸,

106 2929 140 2989 in
164 2928 426 2989 anathematismo
447 2942 504 2988 suo
528 2926 637 3005 quinto
651 2942 880 3006 propugnasse:
932 2943 1003 2987 cum
1031 2927 1069 2987 de
1097 2925 1367 3005 Eutychianorum
1393 2925 1486 2985 variis
1510 2928 1600 2985 sactis
1627 2940 1700 3001 age·

106 3020 215 3100 quiin
234 3029 318 3081 sexta
332 3020 452 3099 synodo
464 3018 610 3079 recitatus
623 3026 667 3079 est
681 3035 753 3079 curn
766 3019 884 3079 caeteris
931 3035 1056 3079 remus:
1077 3023 1186 3078 casura
1206 3017 1240 3077 in
1261 3017 1346 3077 hunc
1365 3022 1519 3078 reservata
1539 3016 1654 3088 locum,
1671 3018 1701 3073 et

106 3118 181 3173 octo
191 3110 217 3172 ⁸.
239 3112 319 3172 Nam
336 3108 534 3191 Eutychiani,
552 3115 585 3170 et
597 3110 823 3190 Monophystta
836 3112 883 3172 lo·
931 3109 1152 3189 superioribus,
1168 3114 1204 3170 ut
1217 3108 1293 3183 dixi,
1308 3126 1458 3183 moena,
1475 3106 1701 3168 aunacharius

106 3203 233 3284 qnendi
250 3218 366 3283 genere
384 3203 455 3277 isto,
479 3207 627 3281 tanquam
640 3202 750 3263 heresi
762 3202 884 3264 laroma
932 3202 1178 3281 explanabimus.
1195 3203 1247 3262 liat
1270 3208 1375 3262 autern
1398 3202 1447 3261 rel
1466 3218 1502 3261 ca
1515 3200 1651 3261 mamma
1663 3199 1701 3260 de

105 3314 188 3370 suaa,
214 3300 246 3355 et
266 3294 456 3356 Nestorianis
478 3295 670 3369 adversante,
695 3295 830 3356 inultum
849 3314 884 3357 ao
932 3312 1023 3356 causa
1036 3311 1108 3354 cum
1117 3293 1200 3353 illins
1210 3292 1321 3372 prioris
1330 3292 1533 3371 explicatione
1544 3291 1699 3367 formata,

103 3388 246 3449 libenter
271 3387 320 3448 usi
344 3391 436 3448 sant:
462 3404 535 3447 cum
556 3406 575 3448 a
597 3387 752 3448 contrario
774 3388 884 3448 Nesto·
931 3388 1019 3448 iatius
1029 3386 1188 3466 jungenda
1207 3385 1359 3461 tractatio,
1375 3385 1458 3463 quod
1471 3384 1555 3445 idam
1568 3383 1631 3456 ille,
1645 3383 1700 3462 qul

104 3480 203 3547 ciani,
232 3479 333 3539 cidem
354 3479 581 3540 reclamarent:
604 3484 640 3538 nt
659 3479 824 3540 Accametae
838 3478 883 3541 illi
932 3480 1024 3555 hanc,
1053 3479 1091 3540 de
1118 3495 1179 3557 qua
1206 3476 1307 3538 dicere
1331 3476 1544 3556 aggredimur,
1571 3475 1700 3556 Trisagii

104 3571 271 3647 monachi,
284 3571 324 3632 de
339 3571 452 3653 quihus
463 3586 558 3651 supra
573 3571 776 3637 meminimus
785 3572 809 3633 *.
932 3570 1135 3651 appendicem
1162 3569 1283 3649 primus
1309 3568 1437 3646 invexit,
1466 3568 1575 3630 Petrus
1598 3568 1698 3644 Fullo,

932 3664 1027 3725 etiarn
1038 3663 1168 3723 alteram
1179 3662 1340 3742 usurpavit
1352 3662 1461 3723 eodem
1474 3667 1625 3741 tempore,
1637 3678 1701 3740 qno

931 3772 1033 3818 unum
1047 3756 1085 3816 de
1096 3753 1246 3815 Trinitate
1255 3754 1437 3815 crucifixum
1447 3754 1588 3814 asseruit.
1600 3754 1700 3833 Amne

931 3848 989 3909 hoe
1011 3864 1178 3909 commune
1201 3844 1351 3907 ambabus
1368 3847 1495 3927 insuper
1518 3846 1595 3921 luit3
1616 3844 1699 3925 qnod

931 3939 1019 4000 initio
1040 3936 1161 4018 rejedae
1183 3943 1276 4018 atqua
1290 3939 1444 3999 damnatae
1466 3938 1506 3999 ah
1525 3937 1697 4013 Catholicis,

931 4036 1059 4111 propter
1082 4031 1230 4091 latentem
1249 4030 1431 4091 haereticum
1452 4048 1588 4099 sonsum,
1614 4046 1697 4090 com·

932 4122 1054 4184 modius
1076 4121 1239 4183 intellectae
1260 4126 1335 4182 sunt
1355 4127 1472 4202 postea,
1495 4126 1528 4183 at
1552 4121 1591 4183 ad
1610 4120 1699 4201 pium

931 4231 1035 4286 usum
1049 4219 1081 4275 et
1094 4213 1280 4275 catholicam
1301 4221 1479 4295 assumpta,
1499 4213 1583 4294 quod
1596 4212 1631 4273 in
1650 4230 1697 4274 se·

931 4306 1275 4388 quentihuseaponam.
1302 4306 1390 4368 Prius
1412 4306 1497 4368 enim
1519 4307 1558 4367 de
1578 4305 1698 4385 hymno

928 4400 1008 4480 ipso,
1029 4414 1123 4477 quem
1144 4396 1323 4477 ‘trisagium
1339 4404 1461 4472 vocant,
1485 4399 1601 4478 quique
1618 4395 1697 4458 cele·

928 4490 1085 4552 berrimus
1105 4490 1189 4569 apud
1205 4491 1339 4566 Grecos,
1359 4495 1390 4552 et
1406 4489 1616 4551 machsdmus
1637 4487 1695 4550 ha·

885 4591 888 4597 '
929 4581 1033 4658 hatur,
1048 4582 1152 4662 aliqua
1160 4581 1312 4643 tradenda
1324 4586 1408 4643 sunt.

971 4675 1011 4736 ll.
1048 4674 1156 4736 Proclo
1187 4673 1561 4755 constantinopolitanam
1592 4672 1698 4738 sedem

144 4875 169 4915 a
187 4860 263 4917 linx.
287 4859 362 4929 apud
377 4858 462 4916 Eath.
480 4862 554 4915 Pan.
570 4858 770 4922 titillans<
784 4856 823 4913 lari
836 4860 880 4912 act
965 4858 984 4915 lt
1002 4860 1164 4916 Haunianae.
1192 4866 1260 4919 lom.
1279 4861 1304 4917 ll
1324 4860 1387 4918 att.
1412 4860 1447 4917 ‘0
1467 4862 1514 4936 γὰρ
1531 4862 1613 4936 κύριος
1626 4860 1697 4935 ἡμῶν

105 4942 163 5005 Mt
176 4941 301 5015 *illibi
313 4943 419 5014 tufini,
432 4940 477 5010 nis
491 4942 550 5015 plan
563 4940 697 4997 lammens
711 4941 756 4996 oin
770 4939 879 5015 tntoy·
934 4936 1033 5010 'lancia
1052 4941 1157 5014 lipsani<
1181 4941 1254 5006 ὠτὸς
1272 4946 1309 4998 ὢν
1328 4945 1345 5000 t
1364 4949 1409 5014 τῆς
1429 4944 1500 5018 1γ1ας
1511 4947 1609 5018 τριάδος
1622 4939 1666 5010 sle,
1682 4944 1698 4999 1

105 5026 180 5101 pluet
188 5032 241 5081 'affe
254 5025 301 5079 ita
313 5024 407 5096 mu
418 5024 494 5080 strat
507 5026 624 5099 lipaque.
928 5024 982 5087 ott<
993 5019 1039 5080 roi
1051 5019 1115 5079 tani.

140 5198 150 5218 ·
167 5197 242 5256 oran
254 5196 365 5249 m
375 5195 532 5263 rapiamus
543 5194 634 5249 inohss
647 5195 759 5263 capitibus
772 5195 877 5248 esaum
926 5193 1041 5258 mant,
1056 5201 1183 5265 propagant
1195 5198 1264 5250 ulan
1274 5194 1362 5251 lintris
1380 5198 1506 5253 simam
1524 5199 1582 5252 hiat.
1599 5196 1694 5254 Emlec

105 5274 137 5326 ds
160 5271 263 5340 Cardia
285 5272 419 5336 m,
446 5273 519 5339 im
541 5273 675 5326 amris
699 5271 876 5338 propositios's:
926 5285 981 5325 sac.
999 5271 1041 5336 Vl,
1057 5274 1113 5327 diss.
1135 5286 1164 5326 ιι.
1181 5276 1317 5330 lidaetiasa
1338 5274 1421 5327 Narisii
1439 5275 1467 5327 de
1481 5275 1525 5329 hoc
1563 5282 1698 5341 ammento

106 5348 217 5403 uss&
232 5348 353 5404 nana
366 5362 466 5416 m,
489 5349 625 5404 midan
636 5348 746 5403 aim
757 5346 878 5402 haruin
926 5347 1115 5405 lassatim.
1533 5352 1560 5403 P.
1574 5354 1602 5404 t.
1617 5352 1644 5405 Ι.

133 5510 148 5556 t
161 5506 213 5558 ra.
224 5507 449 5569 masana
459 5522 494 5566 ns.
504 5511 665 5570 punga-t
678 5506 786 5569 sesam.
798 5514 841 5561 snt.
855 5510 1017 5569 talpam.
1028 5522 1073 5566 xrs,
1086 5520 1163 5571 persy.
1173 5513 1196 5559 t.
