4072 6164
588 319 639 379 DE
658 314 957 394 moechationis,
978 315 1056 377 LIB.
1079 316 1132 395 tv,
1153 316 1234 381 GAP.
1258 319 1296 380 x.
1677 327 1735 388 52¹1

147 490 284 555 mam
311 488 458 563 mutaret,
481 485 563 551 beno
588 490 781 567 perspectam
803 479 919 543 habere
969 484 1015 545 dit
1041 485 1197 548 Leontius.
1219 487 1288 548 Non
1315 486 1437 567 priori:
1459 487 1577 570 alioqui
1598 489 1736 554 Christus

148 584 329 647 mmmmm
362 583 490 647 Patrum
524 579 713 642 locutionem
746 578 833 639 illam
865 586 922 642 κατ’
969 576 1049 637 nihil
1063 578 1122 638 erit
1133 579 1229 655 aliud,
1242 586 1356 660 prater
1368 580 1652 645 considerationum
1662 604 1737 647 con-

149 684 269 750 hastan
285 681 316 738 et
327 682 488 751 aetnaeis,
498 673 718 748 differentiam,
733 674 843 753 deque
856 675 923 735 inse
972 669 1100 746 geriem,
1130 670 1195 732 sine
1213 673 1431 753 conjunctione
1451 682 1645 738 naturarum.
1668 679 1739 741 Non

149 770 287 832 diximus
298 769 333 830 in
342 775 428 830 mmo
442 767 544 848 primo
557 764 580 837 ¹,
596 767 650 846 qui
663 771 710 828 est
724 767 763 828 de
775 768 839 829 Deo
851 787 859 842 3
869 766 923 827 ubi
971 762 1143 840 posteriori,
1153 783 1194 825 nc
1208 763 1404 844 figmentum,
1420 772 1451 828 et
1462 766 1554 830 inane
1580 788 1738 831 commen-

149 864 331 925 divinorum
344 860 566 922 attributorum
581 859 747 921 discrimen
761 865 828 921 tum
843 860 926 921 inter
971 858 1041 914 tum
1066 852 1208 917 videatur
1234 875 1299 919 esse
1325 859 1471 921 Christus.
1506 862 1646 942 lienique
1675 881 1741 925 non

150 974 185 1018 sc
205 961 275 1017 tum
293 954 334 1017 ab
347 954 478 1016 essentia
489 953 568 1033 ipsa,
578 970 617 1014 ex
629 952 757 1014 illorum
772 952 924 1014 sententia
971 950 1100 1008 naturas
1113 947 1265 1025 selaeseu,
1281 949 1371 1011 idest
1384 952 1527 1029 existere,
1541 954 1738 1033 cogitatione,

150 1048 401 1111 declaravimus:
430 1045 683 1124 ostendimusque
717 1044 925 1106 differentiam
974 1039 1078 1100 Patres
1092 1041 1418 1120 subquidoouerunt3
1441 1045 1494 1106 sed
1508 1045 1613 1108 dividi.
1640 1047 1742 1121 Quare

151 1141 337 1213 istiusmodi,
367 1157 437 1220 qnae
467 1146 523 1202 aas·
538 1145 647 1202 irrisores
675 1137 800 1214 dicitur,
831 1137 927 1205 ‚ladas
973 1132 1107 1211 pessima
1117 1133 1178 1194 fide
1188 1136 1373 1216 Eutychiani
1385 1138 1448 1197 sota
1459 1138 1655 1217 cogitatione,
1672 1159 1743 1201 ron·

151 1240 270 1316 patere,
286 1251 381 1313 quam
390 1233 475 1313 apud
489 1232 613 1293 Latinos
622 1230 823 1311 philosophos
841 1226 923 1303 eam,
973 1225 1235 1306 templanoneque
1255 1229 1378 1301 mentis,
1402 1230 1462 1291 hoc
1483 1236 1530 1290 est
1542 1230 1602 1292 solo
1616 1232 1740 1313 retrone,

7 1399 9 1402 Α
152 1326 521 1407 qnmrctr'orn‘rvocetnr,
537 1323 694 1386 cerealem
709 1339 927 1403 quoquecom-
974 1321 1010 1376 ut
1031 1317 1065 1377 in
1079 1318 1190 1379 scholis
1203 1319 1386 1400 loqrrnntnr,
1405 1323 1743 1387 naturesillesexstare

10 1428 124 1475 ‘assistes-
153 1420 256 1500 plecti.
271 1418 366 1479 velut
379 1436 451 1480 earm
467 1434 614 1498 personas
631 1422 695 1477 tres
710 1416 841 1487 divinas,
856 1431 926 1495 quas
974 1410 1052 1470 duas
1076 1412 1282 1475 asserebant:
1312 1433 1382 1476 cnm
1410 1415 1470 1477 hoc
1496 1415 1534 1477 da
1562 1418 1742 1480 eanrmdem

8 1485 129 1595 ,iiim
154 1530 279 1574 sttmma
304 1511 351 1573 rci
370 1509 546 1572 differentia
569 1529 588 1570 c
615 1526 648 1570 se
666 1513 777 1569 mutuo
799 1508 924 1583 distant,
975 1501 1138 1579 divisione,
1159 1525 1195 1567 ac
1218 1507 1423 1588 separatione,
1452 1509 1603 1570 duntaxat
1637 1512 1743 1573 Patres

29 1629 67 1663 aa
152 1615 208 1669 ια’
222 1612 330 1668 hbeat
352 1600 478 1664 differre
510 1601 650 1662 volunt:
680 1599 831 1661 nimirum
864 1615 926 1678 quta
973 1592 1196 1659 intellexissent
1211 1618 1219 1660 :
1235 1606 1271 1661 ut
1284 1617 1353 1661 eam
1365 1618 1431 1661 non
1443 1601 1553 1681 reipsa,
1570 1603 1622 1663 scd
1636 1608 1742 1687 terrola,

14 1682 130 1779 mm·
153 1705 314 1779 sepcntae,
327 1715 345 1757 a
359 1713 452 1775 seque
466 1693 598 1755 invicem
612 1691 924 1754 divisaeoonsideran·
974 1688 1138 1751 strenuae
1160 1697 1300 1753 constare
1324 1693 1452 1754 vellent.
1475 1694 1595 1756 Etenim
1614 1702 1746 1759 naturas

67 1790 95 1882 '⁸
153 1798 216 1853 tur.
229 1786 583 1866 Nenenimreipsased
596 1785 661 1846 sola
675 1784 793 1845 ratione
808 1784 926 1863 sejunc-
974 1779 1037 1840 sola
1052 1799 1116 1843 esse
1130 1783 1327 1864 cogitatione,
1340 1785 1423 1846 idem
1437 1795 1484 1847 est
1500 1806 1536 1848 ac
1549 1788 1650 1850 nuhaa
1664 1808 1741 1866 esse,

1 1844 119 1940 affin:
153 1890 195 1945 tas
211 1887 295 1944 snnt.
312 1882 377 1943 lioo
393 1879 488 1941 modo
508 1877 629 1939 naturis
647 1877 739 1938 ctiam
757 1875 925 1948 duabusin
974 1891 1161 1954 prorsusque
1187 1876 1330 1939 confusas
1351 1884 1383 1938 et
1405 1879 1555 1942 extinctas
1577 1880 1680 1944 fuisse.
1705 1884 1745 1945 At

1 1958 113 2047 '2⁸⁸⁶
153 1974 277 2037 christo
298 1974 381 2035 idem
403 1990 504 2053 genus
524 1970 729 2032 distinctionis
753 1986 925 2031 accommo·
974 1982 1050 2026 vero
1084 1967 1207 2041 divisas,
1233 1974 1265 2030 et
1281 1969 1436 2049 sejunctas
1458 1970 1522 2033 sola
1556 1972 1742 2055 rogitatione

7 2064 126 2109 Μ’·
152 2069 231 2131 dant
249 2067 401 2131 duntaxat
418 2069 570 2145 quawnns
594 2063 723 2124 seorsim
731 2061 850 2142 positae,
862 2061 924 2123 dis·
974 2057 1088 2131 dicere,
1103 2064 1150 2120 est
1163 2060 1286 2123 easdem
1300 2062 1399 2142 reipsa
1412 2062 1617 2141 copulatas,at
1628 2064 1743 2129 aduna-

147 2161 329 2240 lunataque
340 2158 586 2220 considerantur.
607 2156 801 2233 Dehocergo
821 2154 928 2215 discri-
975 2154 1024 2210 ias
1036 2151 1194 2214 adstnrere
1209 2172 1216 2214 :
1232 2154 1315 2234 quod
1329 2155 1564 2217 atrocissimum
1578 2163 1634 2217 est.

150 2252 249 2314 minis
257 2251 361 2323 modo,
377 2248 517 2329 qnnillic
527 2247 684 2309 uberrime
692 2251 765 2307 sunt
775 2246 924 2325 exposita,
1015 2244 1053 2303 V.
1068 2245 1118 2306 Ad
1144 2245 1209 2307 haec
1235 2247 1367 2309 absurde
1395 2248 1454 2310 dici
1479 2250 1537 2310 hoc
1561 2249 1600 2310 ab
1620 2249 1682 2310 illis
1701 2250 1744 2317 ait
1789 2237 1890 2337 mi,

149 2344 318 2424 diligam
351 2342 523 2404 evolvenda
558 2347 642 2415 sunt,
679 2345 716 2400 nt
746 2341 927 2400 Graecorum
974 2337 1135 2408 Leontius,
1168 2345 1241 2402 ente
1268 2340 1490 2402 adunationem
1514 2347 1640 2404 naturas
1666 2342 1744 2405 duas
1767 2344 1899 2391 omarus.

149 2436 371 2517 theologorum
385 2433 517 2504 subtilis,
533 2431 694 2494 eterndita
707 2433 746 2493 de
764 2431 824 2492 hoc
837 2449 926 2511 mys·
975 2429 1143 2505 exstitisse3
1169 2438 1238 2508 post
1261 2432 1491 2495 adunationem
1506 2452 1593 2506 uero,
1617 2434 1744 2496 nonnisi

149 2530 244 2602 tario,
260 2547 296 2590 ac
315 2534 500 2589 naturarum
527 2526 609 2587 inter
637 2543 669 2586 se
696 2526 927 2603 comparatione
976 2522 1395 2601 unam.Siquidemhumana
1409 2532 1521 2587 natura
1535 2537 1743 2590 nomomento

150 2622 307 2684 sententia
318 2619 467 2700 samanar.
482 2619 552 2679 Non
572 2618 657 2679 enim
679 2617 847 2697 repetenda
867 2616 927 2677 hoc
976 2613 1101 2692 quidem
1116 2615 1230 2677 exstitit
1246 2622 1415 2697 numquam
1437 2637 1509 2679 cum
1526 2620 1629 2681 Verbo
1648 2638 1743 2702 eopun

149 2714 222 2775 loco
237 2712 430 2791 statuique
450 2710 494 2772 ibi
517 2710 630 2771 tradita
650 2718 735 2770 sunt.
753 2709 927 2769 Sedunum
975 2705 1149 2779 leretur,uti
1165 2714 1268 2787 postea
1280 2709 1398 2771 dicam:
1427 2711 1581 2772 sedsimul
1595 2713 1745 2795 producta

151 2806 351 2868 solummodo
370 2805 424 2866 hie
441 2804 596 2878 adtexam,
621 2801 704 2883 qnod
717 2800 859 2861 nondum
873 2818 926 2861 ex·
976 2804 1033 2871 est,
1047 2806 1078 2861 ct
1091 2799 1190 2861 unita.
1207 2802 1295 2876 Quod
1320 2803 1346 2863 si
1369 2803 1402 2863 in
1425 2803 1491 2883 ipsa
1511 2804 1651 2865 unitione
1674 2806 1745 2866 duaa
1802 2847 1804 2851 «

151 2899 301 2979 positum,
313 2894 651 2977 propriumhujrnrloci.
676 2912 711 2954 ac
738 2892 928 2954 mactationis
977 2899 1096 2953 naturae
1105 2892 1248 2969 fuerunt,
1264 2895 1405 2975 ineptum
1416 2902 1462 2956 est
1477 2901 1545 2974 post
1558 2896 1743 2975 unitionem,

151 2998 212 3065 cst,
228 2997 259 3052 ot
272 2990 416 3051 instituto
436 2993 542 3050 nostro
556 2986 695 3067 apprime
708 2985 926 3060 necessarium,
976 3002 1041 3044 non
1053 2985 1185 3064 amplius
1199 3004 1263 3048 esse
1277 2987 1354 3049 duas
1366 3006 1551 3063 asseverare,
1571 2990 1625 3050 sed
1648 3008 1745 3052 unam

152 3103 195 3146 cx
208 3084 337 3145 leontio
352 3080 535 3161 Byzantino,
550 3086 641 3141 acuto
664 3096 749 3155 sane,
772 3083 803 3139 et
816 3077 928 3156 impri·
977 3075 1138 3137 duntaxat.
1157 3079 1276 3159 Quippe
1299 3080 1397 3141 unitio
1421 3081 1485 3161 ipse
1512 3099 1577 3143 nou
1596 3080 1694 3153 desiit,
1711 3086 1747 3143 ut

151 3176 216 3237 mis
224 3176 315 3237 docto
328 3174 417 3235 viro:
436 3173 469 3233 in
482 3172 562 3233 libro
584 3170 730 3251 quodam,
747 3188 809 3250 qno
824 3168 929 3231 Severi
977 3173 1046 3247 post
1059 3186 1139 3245 eam,
1151 3172 1237 3249 quasi
1249 3172 1316 3250 jam
1328 3173 1469 3247 desitum,
1489 3192 1525 3234 ac
1543 3175 1744 3254 praeteritam,

152 3267 386 3347 Aoephalorum
434 3264 582 3344 principis
633 3267 818 3343 argumenta
861 3261 928 3323 dis·
976 3266 1098 3323 naturae
1120 3262 1264 3343 deinceps
1284 3264 1355 3326 duae
1376 3284 1441 3325 non
1461 3264 1607 3326 fuerint:
1636 3285 1747 3329 verum
1824 3322 1830 3332 .

152 3359 255 3422 solvit.
978 3360 1154 3415 constanter
1168 3355 1276 3417 eadem
1294 3362 1489 3436 persevcret‚·
1512 3357 1650 3438 adeoque
1666 3359 1746 3441 idip-

196 3453 254 3513 Ν.
270 3450 370 3530 igitur
391 3449 540 3511 Leontius
561 3448 789 3528 acephalorum
813 3447 931 3528 sophis-
978 3464 1048 3507 sarm
1062 3446 1164 3520 habet,
1179 3466 1215 3507 eo
1229 3448 1353 3525 retinet,
1369 3451 1465 3530 quod,
1487 3467 1559 3510 oum
1573 3449 1672 3527 tieret,
1687 3451 1747 3513 hc·

154 3544 253 3606 ticam
266 3544 421 3623 argutiam
444 3541 590 3622 proponit
603 3541 695 3602 istam
710 3540 733 3603 ¹.
751 3542 831 3601 Cum
844 3540 929 3602 enim
979 3537 1082 3600 buisse
1103 3539 1235 3616 dicitur,
1265 3547 1450 3604 naturarum
1477 3542 1684 3605 differentiam
1718 3549 1749 3607 et

155 3636 301 3699 catholici
312 3654 381 3697 cum
398 3635 514 3715 cyrillo
533 3640 660 3696 naturas
678 3634 755 3694 duas
769 3633 834 3694 sola
846 3634 930 3712 cogi·
979 3648 1159 3693 numerum.

157 3730 289 3802 tadone,
302 3748 337 3790 ac
350 3728 463 3790 mentis
484 3726 728 3788 consideratione
741 3725 931 3805 distinguere
1020 3724 1155 3803 Apparet
1168 3731 1274 3788 arrtem
1285 3745 1325 3788 ex
1338 3727 1386 3805 iis,
1398 3747 1465 3809 quer
1478 3728 1583 3790 scribit
1592 3730 1747 3811 Leontius,

159 3840 193 3883 sa
214 3821 458 3902 profitererrturt
485 3819 634 3899 Acephali
657 3819 772 3880 horum
794 3837 825 3880 se
848 3818 931 3879 idern
981 3818 1217 3901 Menophysitas
1240 3820 1405 3882 arbitratos
1432 3839 1509 3898 esse,
1528 3827 1655 3884 naturas
1672 3823 1750 3889 duas

159 3913 305 3993 exemplo
331 3913 430 3974 iacere
444 3912 598 3987 dicebant,
621 3917 657 3972 ut
670 3929 768 3972 unam
787 3915 932 3971 naturam
982 3915 1053 3971 anm
1064 3911 1298 3985 adunationem,
1314 3913 1442 3974 totidem
1450 3914 1629 3995 hypostases
1637 3914 1747 3981 fluisse:

162 4006 366 4085 compositam
380 4005 612 4072 constituerent,
629 4003 662 4065 in
683 4022 745 4084 qua
758 4004 835 4064 duas
849 4005 931 4081 cogi·
981 4008 1018 4064 nt
1031 4021 1070 4064 ex
1084 4023 1119 4065 eo
1129 4008 1222 4082 patet,
1239 4005 1323 4086 quod
1341 4006 1533 4089 acephalum
1552 4007 1750 4087 objicientem

161 4099 281 4160 atione
294 4097 359 4159 sola
368 4097 611 4159 considerarent.
982 4094 1162 4157 introducit.

25 4201 91 4247 oa-
204 4190 252 4250 Ad
267 4189 351 4269 qrrort
364 4189 511 4251 Leontius
531 4188 708 4266 respondet,
719 4189 857 4267 primum
867 4204 933 4248 esse
1023 4189 1146 4248 Rursus
1163 4189 1246 4267 quod
1264 4186 1409 4267 Acephali
1428 4188 1597 4271 jactabant,
1621 4197 1750 4257 naturas

1 4254 125 4355 Ψ
162 4281 279 4361 duplex
299 4299 398 4361 genus
420 4287 539 4357 casotae,
556 4297 656 4341 unum
671 4280 755 4360 quod
774 4286 933 4359 tassotpuars
983 4285 1055 4341 ante
1068 4279 1751 4360 copulationemdivisasirrisae,idnonsolrrm

163 4379 264 4449 vocat,
291 4374 417 4454 qnando
442 4376 475 4436 in
500 4392 535 4435 rc
562 4374 677 4452 aliqua,
706 4391 776 4451 quae
804 4371 936 4451 simplex
982 4387 1029 4443 re,
1044 4368 1150 4430 sedne
1173 4371 1357 4449 cogitatione
1379 4371 1506 4451 quidem
1520 4372 1587 4433 lieri
1602 4374 1749 4452 potuisse.

159 4465 294 4533 videtur,
305 4464 406 4526 varias
416 4466 557 4527 notiones
571 4465 687 4538 animo,
703 4470 735 4525 et
750 4462 936 4542 cogitatione
984 4461 1133 4523 Leontius
1152 4462 1275 4543 probat.
1297 4484 1309 4520 r
1327 4464 1475 4526 Universa
1499 4465 1595 4540 enirn,
1610 4465 1712 4547 inquit
1726 4465 1749 4541 ⁸,

161 4574 323 4619 amamus
340 4576 348 4632 ;
364 4562 401 4619 ut
420 4558 459 4617 sit
483 4558 657 4636 cquaedmn
685 4557 814 4617 accessio
839 4556 938 4617 notio-
984 4554 1123 4633 accipere
1136 4553 1318 4615 divisionem
1333 4561 1403 4617 ante
1415 4557 1564 4618 unionem
1580 4557 1752 4620 absurdum

161 4649 225 4723 nis,
252 4655 283 4711 et
308 4648 572 4715 considerationis.
598 4667 667 4728 qnae
692 4649 881 4723 universam,
906 4653 937 4710 et
984 4653 1041 4722 est,
1073 4646 1123 4707 vel
1150 4654 1230 4709 certe
1256 4647 1393 4729 accipere
1426 4656 1594 4733 anteqrram
1620 4651 1754 4714 aiterum

161 4740 377 4803 indistinctam
389 4758 494 4802 rerum
508 4740 801 4820 contemplationem
824 4740 937 4801 evolvit
986 4739 1106 4814 existat,
1122 4758 1185 4801 non
1200 4747 1246 4802 est
1258 4740 1315 4803 fas.
1330 4763 1346 4801 u
1368 4743 1448 4805 Nam
1464 4743 1575 4806 divisio
1597 4743 1696 4808 instar
1710 4749 1756 4807 est

162 4838 199 4894 et
212 4832 366 4913 explanat.
383 4855 399 4891 a
416 4833 558 4897 Alterum
572 4838 629 4908 est,
657 4832 740 4893 fictio
755 4833 879 4905 mentis,
906 4837 937 4894 et
986 4832 1191 4915 privationis:
1216 4833 1318 4896 unitio
1343 4852 1418 4899 raro
1445 4824 1595 4917 tanqm
1614 4837 1753 4914 habitus,

161 4922 241 4986 ntra
255 4926 438 5007 compositio
452 4925 499 4986 rei
520 4943 559 4987 cx
577 4924 939 5000 sententiantium
986 4924 1078 4987 debat
1099 4931 1202 4987 autem
1220 4925 1308 5005 prins
1326 4943 1392 4991 esso
1409 4928 1601 5013 cogitariqne
1618 4929 1755 5005 habitur,

160 5016 315 5099 partibus,
346 5025 498 5101 tanquam
523 5017 657 5100 portenti
683 5017 857 5098 cujuspiam
869 5036 878 5094 ;
903 5022 939 5081 ut
987 5036 1081 5098 quam
1096 5016 1237 5098 privatio.
1254 5018 1355 5092 Quare
1368 5020 1468 5082 unitio
1490 5021 1754 5101 antecedatopor-

159 5108 346 5185 nirweervi,
362 5119 417 5171 ant
430 5110 558 5171 Sirenis.
579 5110 626 5171 De
641 5127 704 5189 qno
724 5128 838 5188 genere
851 5115 938 5173 utro·
986 5110 1229 5173 tetdlvisionem
1250 5110 1346 5173 etiarn
1367 5111 1464 5186 illam,
1481 5131 1552 5193 qrrae
1569 5112 1755 5191 cogitatiom

160 5218 228 5281 qne
238 5200 312 5263 alibi
321 5201 391 5265 dixi
406 5200 429 5263 ⁸.
442 5202 561 5267 Deinde
574 5208 688 5267 neutro
702 5202 799 5267 modo
812 5207 941 5263 naturas
987 5207 1116 5267 consui.
1128 5203 1208 5264 ilinc
1218 5203 1361 5282 cyrillus,
1371 5204 1484 5283 aliique
1500 5205 1612 5279 Petras,
1636 5212 1672 5265 ut
1686 5204 1753 5283 jam

158 5291 278 5354 Christi
293 5294 371 5355 dues
384 5293 450 5354 sola
462 5300 602 5355 oonsmre
614 5293 799 5371 mgitatione
812 5299 940 5357 conten·
988 5293 1063 5363 dixi,
1079 5296 1133 5374 qui
1154 5301 1280 5357 naturas
1292 5297 1370 5357 duas
1384 5296 1504 5357 ratione
1517 5293 1757 5377 separantdiri·

191 5491 203 5539 i
217 5490 266 5542 lib.
280 5493 330 5547 bs.
343 5504 396 5538 ι,-
407 5491 496 5541 tion.
505 5493 534 5540 li
547 5493 655 5543 stater.
665 5493 709 5541 toi.
721 5492 835 5541 iota-t
848 5494 908 5543 lom.
919 5492 937 5546 1.
949 5490 988 5541 to.
998 5492 1015 5547 1.
1028 5505 1047 5540 o.
1060 5495 1154 5541 rra-l
1167 5495 1230 5542 lom.
1245 5494 1274 5540 tv
1286 5494 1342 5542 stet.
