4078 6162
171 3528 288 3635 ιιιιι

176 3641 277 3696 analogia

155 3695 295 3793 ptisplipuum

318 312 378 374 492
589 319 594 327 '
834 317 1159 381 runomelcuuutt
1180 318 1397 382 DOGMATUM

317 481 469 543 tationem
481 483 786 545 admiserunt.·Nnnc
799 490 904 547 autam
916 484 1005 545 aliter
1014 501 1085 545 sen·
1136 485 1262 547 asserit:
1278 491 1315 546 ut
1326 503 1384 547 nos
1396 484 1496 547 insius
1507 486 1730 568 explicavimus
1746 487 1779 547 in
1794 494 1899 568 murto

318 573 441 650 tientes,
456 583 583 636 naturas
593 589 663 657 post
676 576 850 639 unit-ionem
861 594 974 655 negare
988 577 1087 638 salvas
1134 575 1170 638 de
1185 576 1213 639 T
1209 576 1363 639 ricitate¹.
1391 579 1510 652 Quibus
1534 597 1618 641 uuur
1643 579 1809 660 Sophronii
1824 579 1897 639 insi·

319 683 384 727 esse
418 668 645 729 convincuntur
672 670 864 747 argumentis
891 668 1083 744 certissimis3
1134 687 1227 748 gruem
1236 670 1442 750 adjungemus
1454 672 1659 752 locum,quod
1669 673 1695 732 is
1703 671 1900 734 similitudine

319 758 375 818 etsi
389 758 420 818 id
433 759 561 822 minime
572 760 699 822 velinte.
716 781 731 819 a
1136 762 1271 841 quadam
1291 762 1393 824 lucem
1416 764 1460 833 ei,
1489 764 1523 824 in
1550 783 1612 843 qua
1633 765 1728 825 modo
1751 769 1899 841 versatur,

360 851 756 923 Quiueorumdemlutilem
765 852 942 932 opinionem
950 852 1085 929 subjicit,
1135 852 1245 914 afferre
1273 853 1475 934 disputationi
1500 858 1623 935 poterit.
1655 858 1738 935 Ergo
1764 856 1841 917 illud
1868 857 1901 916 in

320 941 524 1019 differentiam
547 945 634 1005 illam
660 964 725 1006 non
753 962 859 1006 rerum
883 964 958 1018 esse,
987 945 1088 1005 idest
1136 953 1249 1007 sanctas
1276 947 1434 1008 Trinitatis
1461 948 1609 1028 mysterio
1640 970 1657 1005 ι
1684 948 1842 1027 singulare
1867 966 1902 1009 ac
2002 1016 2003 1019 Ἴ

319 1039 503 1097 naturarum
526 1037 667 1098 unitione
690 1038 882 1115 junctarum,
910 1037 964 1098 sed
987 1036 1086 1115 quali-
1137 1039 1324 1116 stupendum
1340 1056 1405 1100 esse
1420 1040 1612 1118 Sophronias
1625 1040 1780 1111 observat,
1806 1046 1902 1101 utres

318 1129 438 1189 tatum:
475 1135 624 1209 tanquam
658 1129 725 1191 sine
753 1130 882 1210 subJecti
912 1129 1089 1190 substantiis
1136 1129 1245 1191 eadem
1259 1135 1290 1191 et
1303 1131 1504 1192 numerabilis
1527 1134 1580 1206 sit,
1601 1137 1812 1194 etnumerum
1824 1132 1901 1193 effu·

319 1220 482 1299 qualitates
496 1240 622 1283 manere
637 1229 763 1302 queant.
786 1222 879 1302 Atqui
893 1240 993 1300 neque
1011 1242 1087 1302 qua·
1135 1221 1210 1299 gisl.
1225 1221 1350 1283 Etenim
1360 1223 1562 1284 numerabilis
1571 1229 1617 1285 est
1626 1224 1726 1285 tribus
1735 1226 1799 1284 suis
1806 1224 1902 1304 hypo

319 1311 419 1373 litatcs
440 1313 556 1393 absque
581 1315 773 1389 substantiis;
789 1333 891 1392 neque
905 1314 1087 1376 differentiae
1136 1313 1285 1375 stasibus:
1301 1332 1470 1377 numerum
1490 1323 1595 1378 autem
1617 1316 1741 1395 effugit,
1762 1317 1900 1395 singula-

319 1409 407 1466 extra
422 1406 628 1484 quantitatem
643 1412 773 1486 possunt
786 1407 963 1467 consistere.
981 1428 996 1464 ι
1010 1409 1087 1468 Νιιιι
1136 1404 1226 1466 ritate
1259 1405 1392 1468 deitatis.
1425 1408 1544 1488 Quippe
1577 1408 1775 1487 singularitas
1808 1409 1901 1488 ipsius
2002 1436 2003 1449 ν

319 1496 494 1558 differentia
508 1499 609 1559 omnis
624 1516 695 1559 cum
710 1498 842 1558 eliorum
865 1497 905 1557 ab
918 1498 986 1558 aliis
1000 1498 1087 1559 dissi·
1137 1495 1328 1573 substantiae,
1341 1517 1377 1560 ac
1389 1504 1522 1575 natura,
1538 1500 1624 1561 nullo
1640 1500 1733 1561 modo
1746 1502 1901 1562 numerari

320 1589 529 1651 militudinem
542 1609 578 1651 ac
598 1590 809 1651 diversitatem
828 1590 999 1652 secundum
1011 1591 1089 1652 exis·
1136 1589 1273 1667 patitur:
1287 1608 1327 1651 ne
1341 1590 1548 1654 differentiam
1561 1592 1682 1653 deitatis
1690 1592 1828 1662 inducat,
1844 1600 1899 1656 etr.
2002 1600 2003 1613 ¹

319 1681 1086 1767 teudiquodammodorationemsignificeteorum,
1137 1681 1255 1743 Verum
1270 1684 1502 1761 hypostasibus,
1519 1691 1551 1745 et
1560 1684 1801 1765 proprietatibus
1814 1687 1901 1747 intel·

322 1792 391 1851 quse
406 1774 564 1850 differunt,
576 1775 782 1854 quantitatem
791 1792 895 1835 secum
907 1775 1090 1837 naturaiiter
1137 1772 1264 1852 ligantia
1276 1775 1425 1853 praeditis,
1437 1794 1474 1837 ac
1487 1775 1640 1855 perfectis,
1657 1794 1713 1856 per
1725 1795 1821 1855 seque
1833 1778 1903 1838 sub·

321 1866 448 1939 inducit,
468 1868 531 1927 sire
545 1866 800 1945 substantiarum,
813 1867 877 1928 sive
891 1867 1087 1947 qualitatum,
1138 1865 1316 1928 sistentibus
1340 1876 1558 1945 numerantur,
1587 1886 1656 1948 quae
1682 1887 1815 1931 numero
1836 1877 1903 1933 sunt
2002 1900 2003 1921 ι

321 1956 386 2018 sive
400 1957 681 2037 proprietatum»
1139 1956 1321 2035 divisibiles,
1337 1977 1402 2019 nou
1417 1959 1588 2021 divinitate.
1604 1959 1765 2040 Siquidem
1778 1963 1902 2024 sanctis·

362 2051 436 2112 Mihi
447 2069 521 2112 vero
535 2052 589 2131 qui
601 2052 660 2113 hoc
673 2057 867 2131 postremum
877 2050 995 2129 opinati
1005 2068 1088 2130 sunt,
1139 2049 1217 2110 sima
1241 2050 1374 2111 Trinitas
1398 2051 1529 2113 indivise
1553 2052 1719 2130 dividitur,
1747 2060 1780 2115 et
1799 2074 1901 2118 rursus
2002 2092 2003 2133 η

322 2149 506 2205 naturarum
530 2146 612 2205 inter
637 2162 670 2204 se
694 2143 906 2204 confusionem
933 2143 1091 2206 induxisse
1140 2141 1235 2203 divise
1244 2142 1439 2220 copulatura.
1452 2166 1467 2201 c

321 2237 478 2312 ridentur,
502 2237 602 2316 qualis
617 2236 650 2296 in
671 2235 852 2314 corporibus
874 2235 972 2297 mistis
994 2237 1092 2297 cerni-
1180 2234 1329 2308 Quocirca
1348 2236 1439 2297 utin
1465 2236 1615 2297 Trinitate
1628 2253 1780 2298 numerus
1806 2237 1903 2299 ιοοοιιι
2002 2264 2003 2307 ;

323 2336 394 2390 tur:
411 2328 573 2408 inquibus
592 2328 744 2389 elementa
763 2328 1092 2405 nonsubstantia,sed
1140 2325 1244 2399 habet,
1261 2328 1285 2387 si
1297 2344 1438 2407 personae
1447 2329 1804 2409 spectenturtquoniam
1816 2348 1903 2409 penes
2002 2330 2003 2379 ἓ

323 2421 470 2501 qualitate
497 2425 649 2482 manent:
679 2425 715 2480 ut
740 2421 865 2499 quidem
894 2421 1090 2482 communior
1141 2435 1193 2480 eas
1207 2417 1380 2479 differentia
1393 2424 1456 2493 est;
1484 2418 1518 2480 in
1536 2420 1702 2481 essenfiam
1715 2439 1792 2481 vero
1805 2422 1903 2482 nullus

323 2512 418 2574 habet
431 2514 598 2575 sententia:
623 2513 677 2573 sed
693 2511 760 2573 haec
780 2514 847 2592 ipsa
864 2512 967 2573 nescio
982 2513 1092 2592 majori
1141 2510 1301 2585 convenit3
1319 2511 1392 2589 quia
1408 2509 1495 2572 nulla
1508 2510 1551 2570 ibi
1566 2511 1739 2573 differentia
1753 2514 1900 2575 cernitur:
2002 2510 2003 2539 ³

324 2605 494 2682 impietate,
503 2625 543 2665 au
552 2604 682 2665 stultitia
690 2605 728 2663 ad
740 2604 800 2665 boc
811 2611 977 2684 assumptae
991 2605 1093 2666 carnis
1141 2601 1184 2663 sic
1204 2603 1236 2661 in
1261 2602 1474 2663 incarnatione
1496 2602 1608 2663 Christi
1628 2603 1768 2679 bomini,
1792 2606 1902 2667 narnis
2002 2610 2003 2633 ¹

325 2699 510 2776 mysterium
539 2696 760 2757 transferatur:
795 2715 814 2757 a
844 2696 933 2757 nobis
966 2697 1093 2775 quidem
1141 2693 1289 2773 ipsisjure
1297 2699 1578 2774 numeruspropter
1587 2713 1694 2756 earum
1704 2696 1901 2759 differentiam
2002 2694 2003 2773 ᾗ

325 2791 482 2868 superiore
497 2790 530 2850 in
540 2788 620 2851 libro
635 2788 760 2868 explosa
773 2794 830 2864 est,
845 2807 880 2849 ac
894 2789 1051 2850 damnata.
1143 2784 1343 2847 attribuitur:
1358 2786 1471 2849 idema
1484 2804 1634 2865 persona,
1655 2805 1726 2866 quae
1739 2794 1787 2849 est
1805 2790 1899 2863 unica
2002 2788 2003 2869 ζ

364 2883 415 2944 ιΧ.
446 2882 529 2942 Nihil
562 2882 667 2960 itaque
703 2881 867 2959 prohibet,
902 2884 1029 2941 naturas
1059 2880 1094 2941 in
1141 2882 1330 2941 removetur.

325 2974 445 3036 Christo
459 2973 617 3035 numerari
627 2974 722 3034 duas:
740 2978 775 3032 ut
788 2994 803 3030 u
813 2972 896 3051 quod
908 2977 989 3033 recte
1000 2972 1092 3033 intel·
1182 2971 1218 3032 X.
1243 2971 1322 3030 Nam
1341 2971 1425 3050 quod
1453 2972 1491 3033 de
1515 2972 1667 3034 divisione
1693 2990 1790 3052 supra
1812 2975 1902 3054 capite
2002 2962 2003 3033 Ϊ

324 3066 450 3143 ligantia
464 3066 644 3143 concipitur,
660 3064 847 3124 recteetiam
861 3062 993 3125 dicatur.
1006 3065 1093 3138 Quod
1142 3063 1352 3136 antecedente,
1368 3082 1406 3125 ex
1425 3064 1534 3143 Cyrilli
1547 3070 1652 3125 mente
1666 3065 1785 3126 dictum
1800 3073 1856 3144 est,
1869 3083 1901 3127 ne

325 3158 410 3217 enim
437 3174 600 3236 perperam
629 3154 832 3234 intelligitur,
861 3155 895 3215 id
921 3173 986 3215 nou
1009 3156 1093 3233 juste
1142 3155 1262 3216 naturis
1275 3155 1402 3234 quidem
1416 3156 1586 3235 quamlibet
1599 3156 1828 3235 differentibus,
1842 3175 1901 3219 ειιιι
2002 3162 2003 3171 ’

325 3248 465 3324 elicitum,
481 3270 496 3306 a
512 3248 555 3309 ait
569 3247 782 3327 Ephraemius‚
797 3247 867 3307 illos
878 3265 1022 3326 arguens,
1039 3248 1094 3326 qui
1144 3252 1328 3327 competere,
1341 3253 1495 3327 quatenus
1509 3249 1694 3310 dividiidem
1708 3256 1754 3311 est
1765 3269 1802 3312 ac
1821 3269 1900 3330 sepa·

324 3341 507 3420 cogitatione
519 3340 585 3401 sola
596 3339 802 3401 differentiam
812 3338 891 3419 capi,
903 3357 980 3401 voce
989 3344 1093 3401 autem
1143 3340 1899 3420 ratim,etextrasemutuoresaliquascobauere,

324 3451 389 3494 nou
404 3433 534 3512 exprimi
545 3432 705 3511 jubebant.
1143 3451 1179 3494 ac
1190 3431 1374 3493 consistere:
1391 3432 1424 3492 id
1438 3433 1541 3512 ipsum
1555 3433 1588 3494 in
1599 3433 1760 3495 Trinitatis
1774 3433 1902 3514 personis
2002 3426 2003 3487 ἶ

366 3525 465 3604 Atque
480 3525 588 3585 hocex
610 3524 818 3585 Sacrosanctae
832 3524 990 3585 Trinitatis
1011 3542 1094 3603 mys
1143 3542 1293 3603 usurpare
1307 3523 1479 3603 licetzqura
1489 3525 1632 3605 quamvis
1644 3526 1745 3604 reipsa
1755 3526 1900 3599 differant,
2002 3502 2003 3521 ἶ

325 3618 419 3694 terio,
446 3617 598 3696 quamsit
620 3622 863 3677 cousentaneum
887 3617 1092 3695 cognoscitur.
1145 3634 1209 3676 non
1224 3620 1415 3678 sunttamen
1429 3616 1545 3695 divisa,
1561 3634 1618 3678 nec
1632 3616 1899 3696 separatae3sedin
2002 3668 2003 3693 η

325 3710 404 3771 Νοιιι
421 3715 451 3770 et
469 3708 575 3769 similis
597 3708 635 3768 de
650 3708 702 3768 illa
716 3708 876 3787 quondam
890 3714 958 3768 orta
971 3713 1111 3790 οοιιιιοχ
1144 3727 1177 3769 se
1200 3708 1335 3771 invicem
1353 3708 1507 3781 existunt,
1529 3714 1561 3770 ct
1580 3708 1762 3782 individuo,
1784 3707 1902 3771 arcini·

324 3802 423 3862 versia
441 3807 504 3875 σοις
534 3819 605 3861 curn
620 3799 748 3880 quidem
766 3800 911 3861 nonnulli
927 3817 1095 3861 urrmerum
1145 3818 1260 3879 meque
1278 3818 1373 3875 nexu,
1388 3819 1425 3862 ac
1441 3800 1567 3861 viuculo
1583 3802 1759 3862 communis
1773 3799 1901 3863 εεεοιιιίιε
2002 3804 2003 3809 ’

325 3893 553 3955 excludendum
562 3897 734 3966 «enserent,
745 3892 795 3952 vel
808 3891 929 3971 abipsis
941 3893 1091 3972 personis.
1145 3892 1341 3972 copulantur.
1356 3893 1430 3965 Qua
1443 3910 1493 3954 res
1501 3893 1637 3968 inanem,
1652 3898 1684 3954 et
1695 3894 1835 3972 ineptam
1845 3891 1903 3954 illo·

324 3988 367 4048 De
378 4005 441 4065 qua
454 3986 627 4065 quaestione
639 3983 761 4046 disserit
771 3983 1093 4047 aniliusinoratioue
1144 4002 1216 4046 rum
1237 3984 1331 4046 tuisse
1354 3985 1507 4046 rationem
1533 3985 1690 4061 admonet,
1719 4004 1797 4065 quos
1818 4001 1902 4064 supra
2002 4058 2003 4063 ρ

323 4085 425 4140 eontra
456 4076 649 4155 sabellianos,
684 4095 718 4138 ac
753 4078 912 4138 numerari
943 4095 1092 4158 personas
1144 4094 1312 4141 numerum
1338 4077 1477 4156 rejecisse
1504 4077 1639 4139 fflximus
1665 4078 1705 4139 ab
1732 4078 1849 4139 naturis
1872 4075 1901 4135 in

359 4266 381 4307 a
400 4250 471 4307 Max.
487 4247 554 4304 ibid.
575 4249 650 4319 apud
673 4247 755 4304 Euth.
776 4248 806 4301 Ei
829 4248 876 4321 γὰρ
890 4249 1011 4312 σώζεσθαι
1031 4250 1092 4321 μετὰ
1180 4249 1346 4305 obruam.
1362 4245 1436 4318 apud
1450 4246 1603 4304 Photcod.
1619 4264 1725 4305 ccxxix.
1739 4249 1786 4302 Kal
1800 4245 1902 4319 τοιγετις

322 4336 367 4404 τὴν
382 4334 468 4387 ἕνωσιν
481 4334 513 4388 τὰ
528 4331 551 4395 ἔξ
566 4328 601 4386 ὧν
616 4331 631 4400 ἡ
643 4332 729 4394 ἔνοσις
737 4331 886 4399 πιστεθοσσι,
902 4332 945 4385 baio
954 4334 1051 4396 πάντως
1063 4331 1094 4386 τὰ
1142 4331 1186 4386 οὖν
1199 4326 1265 4384 οἶδεν
1279 4331 1313 4392 ὡς
1328 4330 1358 4384 τδ
1370 4331 1452 4392 καλῶς
1465 4330 1595 4403 νοούμενον
1609 4332 1650 4385 eat
1663 4332 1747 4394 καλῶς
1760 4328 1901 4403 tenue

324 4421 453 4490 σωζόμενα
476 4418 655 4490 ὁμολογήσαιεν
683 4416 721 4468 ἄν.
747 4410 855 4470 τοσαῦτα
872 4416 920 4489 γὰρ
948 4416 1095 4470 συνελθόντα
1142 4414 1169 4469 δὲ
1182 4421 1264 4477 κακῶς
1277 4414 1409 4486 νσοθμενον
1419 4412 1475 4468 otti
1483 4415 1595 4487 λέγεσθαι
1606 4414 1715 4484 δίκαιον;

323 4502 483 4572 πρόςὲνωσιν
510 4500 555 4568 τὴν
581 4499 756 4564 ἀδιάσπαστον,
781 4498 825 4566 τὴν
846 4493 942 4553 οἱανοῦν
961 4498 1093 4571 aptabat
1177 4498 1353 4554 dSoruuou.
1373 4497 1402 4553 in
1416 4504 1471 4553 aei.
1486 4513 1515 4561 ιι,
1531 4512 1594 4567 syn.
1612 4514 1649 4555 νἰ.
1670 4496 1764 4571 Ὄγδρ
1776 4495 1899 4567 ααιπαρθ·

324 4584 451 4657 σύγχυσιν,
465 4584 480 4651 ἢ
495 4584 640 4655 συναιρεαιν,
657 4582 672 4648 ἢ
688 4580 823 4653 μεταθολὴν
838 4582 882 4651 τὴν
905 4582 938 4645 εἰς
953 4581 1050 4650 ἄλληλα
1069 4580 1095 4635 ἐκ
1142 4580 1224 4646 δοξον,
1236 4580 1277 4634 και
1296 4581 1375 4647 πάσης
1393 4580 1468 4652 γόμον
1487 4579 1563 4644 ὄντως
1583 4578 1729 4649 ἐκπλήξεως·
1744 4580 1772 4634 ab
1785 4578 1832 4651 γὰρ
1845 4576 1898 4630 ctat

324 4673 367 4736 τῆς
381 4666 489 4730 ἑνώοεως
503 4666 531 4719 οὔ
548 4665 676 4738 δεξάμενα.
691 4666 744 4719 νυνὶ
758 4666 784 4719 δὲ
798 4674 871 4720 τοῦτο
892 4666 925 4739 μὴ
940 4664 1093 4732 δοξάζοντες,
1142 4666 1182 4718 καὶ
1197 4664 1328 4736 ἀριθμητόν
1344 4661 1405 4728 ἔστι,
1420 4663 1460 4715 ααθ
1474 4662 1596 4735 διαφεύγει
1610 4661 1654 4731 τόν
1666 4661 1825 4735 ἐξαρίθμησιν.
1840 4658 1898 4732 ipri-
2002 4706 2003 4721 2

324 4752 357 4815 ὡς
382 4750 513 4823 ἠρνημένοι
537 4748 580 4812 τὰς
604 4750 684 4821 ριἰσεις
713 4749 774 4821 μετὰ
787 4749 832 4817 τὴν
848 4750 935 4805 ἕνωσιν
955 4751 1093 4815 σώζεσθαι,
1142 4746 1219 4820 μητδν
1236 4745 1278 4818 μὲν
1302 4748 1356 4809 ταῖς
1376 4745 1462 4800 ἑαυτοῦ
1481 4748 1592 4818 τρισσαῖς
1610 4745 1764 4809 θποστόσεσι,
1780 4737 1896 4814 διαφεῦγον
2002 4768 2003 4827 3

324 4833 469 4895 θπεοθιινοος
487 4831 587 4895 ἑαυτοῖς
612 4829 722 4905 ἰλὲγχοις
740 4833 898 4902 πεποίηνται,
919 4835 963 4887 κᾶν
984 4832 1016 4904 μὴ
1040 4832 1095 4904 βοθ-
1142 4830 1214 4903 δὲτῷ
1229 4828 1300 4901 ἑνικῷ
1316 4833 1359 4897 τῆς
1372 4830 1485 4898 θεότητος
1498 4828 1542 4897 τὴν
1558 4828 1697 4901 ἀριθμησιν.
1716 4829 1744 4883 τδ
1758 4826 1806 4900 γθρ
1828 4824 1897 4879 butt
2002 4840 2003 4889 ν

324 4918 426 4971 λωνται.
1143 4911 1216 4967 αθτοῖν
1230 4916 1273 4980 τῆς
1287 4911 1370 4976 οθοιας
1385 4913 1427 4966 καὶ
1443 4913 1536 4985 ρθσειος
1555 4911 1706 4984 ἀριθμεῖσθαι
1719 4911 1839 4971 παντελῶς
1859 4906 1898 4961 σθαι

361 5000 378 5055 b
400 5001 503 5056 Μιιιιι.
519 4997 586 5055 ibid.
609 4999 656 5051 list
670 5000 738 5052 πᾶσα
755 4997 860 5072 διαφορὰ
877 5003 921 5066 τῆς
938 4999 1021 5053 ἄλλων
1035 4997 1095 5069 πρός
1143 4996 1266 5070 ἀνέχεται,
1279 4996 1322 5050 ἵνα
1337 4994 1370 5068 μὴ
1389 4997 1429 5049 καὶ
1453 4995 1570 5068 διαφορὰν
1598 4994 1691 5068 εἶσοίση
1705 4994 1830 5060 θεότητος,
1847 4996 1896 5046 ele.

325 5084 391 5138 ἄλλα
403 5082 466 5136 κατὰ
480 5082 521 5137 τόν
543 5087 586 5136 τοῖν
602 5088 655 5144 πῶς
672 5076 733 5135 εἶναι
754 5081 829 5153 λόγον
856 5082 1042 5154 ἀνομοιοτητος,
1054 5082 1095 5134 καὶ
1147 5079 1215 5134 Ἀλλ’
1228 5080 1387 5143 θποστάσεσι,
1402 5080 1442 5132 καὶ
1460 5079 1563 5147 ἰδιότησι
1577 5081 1673 5151 νοερσῖς
1688 5078 1726 5132 acl
1740 5072 1838 5136 τελείαις
1849 5071 1896 5127 καθ’

326 5166 468 5239 ἑτερότητος
482 5160 544 5219 oisc
558 5165 691 5234 δηλωτικὴ,
709 5167 739 5219 τό
760 5165 836 5221 ποσδν
857 5170 907 5219 τῶν
932 5166 1094 5238 διαφερόντων
1143 5162 1230 5227 iacti:
1242 5163 1393 5234 θρεστόνσαις
1407 5161 1502 5233 ἀριθμῷ
1517 5163 1658 5234 διαιρετοῖς,
1673 5156 1756 5214 mist
1776 5156 1898 5229 διαιρειιιῖι

325 5251 476 5324 πραγμάτων
490 5249 638 5320 σννειοάηιιν
654 5247 727 5323 ἑαυτῇ
742 5248 855 5319 utpotae,
869 5246 918 5303 εἴτε
935 5248 1035 5315 οθσιῶν,
1046 5247 1095 5303 εἶτα
1142 5252 1174 5321 τῇ
1189 5248 1295 5315 θεότητι.
1313 5247 1441 5317 διαιρεῖται
1457 5242 1506 5317 γὰρ
1525 5243 1695 5317 ἂδιαιρέτισςὴ
1712 5243 1815 5314 πενσγια
1826 5240 1894 5313 aptit.

326 5334 475 5401 ποιοτήτων,
486 5329 535 5385 εἴτε
548 5329 686 5398 ιδιοτήτων.
1142 5330 1184 5384 καὶ
1193 5330 1344 5404 διηρημινιος
1353 5329 1427 5384 πάλιν
1442 5328 1601 5384 συνάπτεται.

355 5477 366 5519 ι
381 5476 433 5531 cap.
443 5486 479 5529 ιν,
492 5486 566 5531 paras.
581 5476 688 5531 ιδοινοσ.
