4036 6162
543 314 594 375 DE
613 304 916 386 lueanulmultu
935 306 1013 373 ΗΒ.
1034 311 1081 391 11,
1101 312 1186 376 mr.
1208 313 1260 374 tx.
1632 317 1692 381 did

97 475 256 550 deflens,
273 478 476 556 mnoddmns,
491 484 525 540 st
535 477 711 557 glofideans
725 480 875 539 naturam
924 472 1058 537 audeant
1070 474 1191 539 homini
1208 495 1401 557 preponere,
1416 477 1490 557 quis
1502 497 1568 540 non
1576 479 1695 543 habent

97 568 130 629 in
143 569 253 647 primo
269 570 434 632 Christo.»
465 571 552 632 liene
565 588 691 631 causum
703 567 830 642 habuit,
843 570 875 627 et
924 582 1069 629 earnem:
1094 573 1126 630 et
1149 569 1283 630 manime
1304 571 1378 650 quie
1391 577 1422 632 et
1442 573 1523 631 mori
1537 573 1571 632 in
1584 572 1692 632 eadem

97 678 170 723 enm
181 662 249 725 sibi
261 662 360 723 tinem
373 663 536 743 proposuit
558 663 659 737 Deus,
674 661 762 739 eujus
774 657 875 737 gratia
923 675 1014 719 earne
1027 659 1224 738 dignatusest
1237 662 1331 723 Filius
1341 662 1412 723 Deir
1426 680 1467 724 ne
1481 661 1550 724 ideo
1564 663 1608 724 illi
1622 668 1692 725 tan·

96 770 153 834 per
174 754 332 819 mensa
353 761 475 816 nature
496 754 723 833 susceptionem
748 750 788 815 ed
815 767 873 815 nes
923 752 1102 828 quamdeos
1115 753 1217 814 secoli
1231 754 1447 833 persuadeant,
1463 754 1534 834 quia
1548 755 1693 816 videntur

98 846 312 910 demandaret
332 847 460 909 «Nemo
476 847 560 909 enim
579 861 769 926 quemquem
782 841 875 921 erigit
922 858 988 903 csse
1001 842 1230 906 immortales.»

97 938 135 999 sd
145 939 190 1013 id,
202 939 240 1000 in
254 957 319 1019 quo
334 938 398 1019 ipse
413 944 470 1017 est,
481 938 542 1001 nisi
553 938 747 1017 aliquantum
761 936 801 999 ad
814 935 871 1006 tac.
963 934 1053 995 Certa
1068 936 1204 998 ioannes
1218 937 1467 1016 Chrysostomus,
1483 955 1521 999 ex
1535 937 1588 999 illu
1601 942 1692 1000 natu·

98 1029 130 1091 in
141 1027 871 1110 qunestille,dasoendet,ruteitilugustinus.
921 1041 966 1089 res
983 1032 1096 1087 nudrm
1118 1028 1313 1107 susceptione
1334 1033 1460 1091 tantum
1484 1030 1514 1090 ei
1534 1030 1693 1092 amessisse

98 1123 312 1199 Quamobrem
346 1125 506 1199 ireneus,
536 1122 718 1187 stomun
745 1119 808 1194 ait,
834 1118 874 1183 ud
921 1116 1094 1196 splendoris
1103 1126 1134 1182 et
1148 1121 1322 1183 ornamenti
1334 1122 1456 1196 ament,
1473 1127 1509 1183 ut
1520 1121 1693 1184 coelestibus

98 1215 242 1277 besaines
257 1215 386 1295 φιίἁιιιι
398 1215 575 1295 deposuisse
590 1216 690 1279 Deum
703 1230 758 1292 per
773 1210 872 1290 Spiri·
921 1208 1011 1287 ipsis,
1028 1230 1064 1273 ae
1077 1213 1173 1277 beatis
1191 1212 1350 1279 mentibus
1361 1214 1455 1292 longe
1469 1214 1548 1276 laeta
1560 1216 1600 1275 sit
1613 1234 1692 1295 praa-

98 1312 179 1383 tam3
220 1308 265 1370 sd
293 1309 392 1370 Deum
416 1315 523 1375 autem
554 1324 662 1369 rursus
691 1301 873 1383 imposuisse
922 1302 1064 1364 stantior.
1082 1305 1129 1365 Ex
1146 1305 1326 1384 quostiam
1339 1305 1471 1385 intelligi
1483 1308 1560 1375 vult,
1576 1315 1693 1387 quante

97 1399 261 1462 bominem
289 1419 346 1479 per
375 1417 466 1461 suam
497 1398 757 1463 laeamationem.
785 1416 801 1457 s
833 1394 874 1459 Ut
921 1411 979 1454 nos
1003 1396 1134 1470 virtute,
1161 1414 1197 1458 ae
1219 1398 1380 1459 sanctitate
1402 1417 1459 1477 par
1473 1398 1512 1459 sit
1525 1399 1691 1476 eseellera3

98 1493 175 1572 quod
194 1492 279 1557 alibi
290 1491 417 1565 dicit⁸,c
428 1492 524 1553 borno
542 1488 741 1555 Verbumliei
754 1487 872 1555 tantun
922 1502 994 1549 oum
1005 1487 1129 1549 velillos
1141 1488 1223 1566 ipsos
1233 1490 1368 1568 Angelos
1378 1508 1443 1550 non
1456 1491 1573 1569 equari
1585 1493 1690 1566 modo,

97 1584 143 1655 sit.
168 1583 381 1664 semeipsum
400 1582 535 1659 homini,
562 1588 593 1643 et
614 1581 777 1647 homiuem
798 1578 872 1644 sini„
922 1578 1083 1641 sedetiam
1102 1582 1242 1660 superesi
1260 1582 1383 1643 anobis
1406 1587 1558 1662 oporteat.
1578 1605 1590 1642 a
1608 1585 1694 1664 Cogi·

97 1675 221 1755 mefipsd
239 1675 433 1751 assimilaus;
459 1681 496 1737 ut
508 1693 563 1754 per
580 1691 669 1749 eam,
690 1690 761 1753 qum
774 1677 820 1735 eat
833 1670 873 1735 ad
920 1674 1040 1744 temm,
1068 1670 1185 1752 iuquit,
1208 1673 1296 1753 eujus
1316 1674 1413 1735 simus
1432 1675 1540 1753 eapitis
1560 1694 1690 1756 eorpus:

96 1767 191 1830 lilium
231 1767 472 1830 similitudinem
504 1765 658 1846 pretiosus
690 1766 785 1829 homo
818 1763 873 1829 fiet
921 1760 1559 1844 nempeeuisnliiectasuutamniassEtiam
1568 1769 1694 1849 Angelis

99 1858 205 1921 croit
220 1882 235 1919 ι
254 1860 294 1922 Et
306 1857 490 1923 Ambrosius
502 1858 609 1934 deest,
622 1856 759 1921 huminis
768 1854 873 1919 conm-
920 1852 995 1932 ipsis
1007 1856 1152 1919 meliores
1169 1874 1206 1918 eo
1218 1876 1277 1918 nos
1292 1875 1357 1919 esse
1370 1858 1498 1919 nomine
1513 1865 1645 1939 opertet,
1661 1867 1694 1923 et

98 1951 226 2029 donam,
245 1969 332 2032 sper
343 1950 601 2029 imaginamltei,
618 1949 757 2014 eiramis
770 1946 873 2013 Dami-
919 1945 1121 2027 Archangelis
1139 1950 1290 2028 majorem
1307 1955 1455 2028 tanquam
1470 1951 1615 2012 omnihus
1628 1953 1693 2013 istis

98 2042 172 2105 niae
182 2045 443 2118 Sacramentum,
459 2041 641 2119 dignitatem
652 2058 717 2103 essa
731 2039 868 2119 emptura,
920 2039 1136 2118 antepositosi.
1152 2063 1168 2099 a
1186 2043 1272 2102 Hane
1285 2042 1494 2121 chrysostomi
1507 2043 1693 2105 serendam

99 2154 167 2216 qna
176 2134 360 2216 ignobilitas
373 2133 548 2199 ridebatur.
564 2154 580 2192 a
921 2129 1094 2207 maurnai,
1106 2133 1228 2213 lateque
1237 2133 1351 2213 probat
1360 2133 1519 2214 Philippus
1530 2134 1693 2196 solitarius

136 2228 300 2306 Eleganter
312 2245 401 2301 seru,
417 2231 450 2289 et
462 2226 502 2289 ad
514 2227 597 2290 hana
608 2223 785 2290 Mediatoris
798 2241 870 2301 pro·
920 2220 1001 2286 libro
1014 2224 1106 2285 tertio
1122 2226 1270 2307 Dioptrca,
1284 2225 1383 2304 eapite
1395 2227 1495 2287 tertio.
1507 2227 1570 2288 Neo
1586 2234 1693 2290 tamen

99 2318 266 2399 prietatem
277 2318 435 2399 aptissime
445 2318 611 2397 Gregorius
620 2317 872 2393 Thaumaturgus
921 2313 1079 2393 prmiraota
1106 2323 1181 2393 puto
1201 2318 1284 2379 hane
1303 2318 1546 2398 intelligendam.
1573 2321 1692 2401 Quippe

101 2410 154 2491 (its
182 2410 269 2475 euim
293 2410 482 2489 inscribitur)
513 2412 547 2473 in
568 2408 709 2473 oratione
736 2407 869 2485 quadum
921 2423 1043 2468 summa
1057 2407 1126 2469 haee
1139 2408 1230 2469 nobis
1243 2409 1397 2471 felicitatis
1410 2429 1428 2471 a
1443 2410 1562 2473 Christo
1576 2431 1691 2492 propo·

100 2501 360 2582 issprptasia·
377 2501 536 2563 Christum
547 2501 601 2575 eit,
611 2507 729 2565 terram
746 2498 872 2563 emittm·
919 2498 1016 2568 nitur,
1030 2505 1066 2560 nt
1074 2500 1199 2577 similes,
1208 2520 1273 2563 nou
1282 2506 1318 2562 ut
1325 2503 1553 2581 praestantiores
1565 2506 1691 2584 Angelis

99 2612 167 2673 qne,
182 2594 272 2657 reiut
285 2599 392 2673 ponte,
409 2593 454 2657 ita
467 2612 595 2672 corpore
608 2591 867 2670 conjunxisse.»
920 2590 1035 2666 eimus3
1051 2592 1090 2653 de
1103 2612 1166 2672 quo
1180 2594 1264 2655 alias.
1283 2595 1352 2655 Nou
1364 2595 1449 2657 enim
1462 2595 1521 2657 loni
1537 2597 1631 2676 hujus
1645 2604 1691 2660 est

100 2685 253 2749 Nimirum
261 2686 399 2764 ut,quud
407 2682 871 2761 sertbituernsrdust,h0miaaa
919 2682 1006 2748 illem
1020 2685 1188 2765 disceptare
1206 2687 1459 2749 sonneras-siam.
1480 2688 1574 2766 Cujus
1587 2690 1689 2769 digni·

100 2778 246 2857 puniatim
269 2778 309 2841 ad
334 2778 532 2854 sttblimiose,
558 2784 590 2843 ot
616 2776 769 2841 diviniora
794 2774 871 2853 erigi
920 2775 991 2839 tatia
1006 2794 1042 2837 an
1061 2778 1277 2857 prerogativae
1293 2777 1412 2841 ferretus
1434 2780 1468 2838 in
1482 2797 1641 2859 suprema,
1659 2789 1690 2844 ct

101 2875 347 2933 osmuaseereut.
360 2871 440 2933 Num
450 2870 591 2933 nondum
607 2885 756 2933 amarum
769 2868 870 2933 lucem
919 2868 1033 2929 celasti
1052 2869 1106 2931 iila
1129 2869 1275 2933 latinitate
1289 2871 1485 2949 potissimum
1498 2871 1689 2950 colligendus

101 2968 241 3040 poterant
263 2962 459 3040 aliquetenus
472 2961 641 3038 sustinere,
657 2961 711 3023 sed
726 2959 871 3025 exilitate
920 2965 977 3023 est.
993 2961 1121 3025 Interim
1138 2981 1221 3036 vero,
1236 2963 1313 3023 dum
1326 2961 1359 3021 in
1373 2962 1431 3023 hae
1443 2961 1507 3023 vita
1520 2965 1686 3042 peregrini,

101 3051 869 3134 illisopurtnitVerbumiuusme‚seiaminutilia,
919 3057 1013 3131 atque
1041 3054 1147 3115 exules
1169 3054 1321 3133 degimus,
1352 3053 1513 3133 exquisitis
1535 3055 1688 3117 virtutum

101 3144 203 3207 lumen
237 3146 274 3207 in
299 3151 397 3222 testa,
425 3146 487 3207 mel
510 3145 544 3206 in
562 3163 651 3219 aera,
679 3161 804 3207 meeum
837 3143 871 3208 in
920 3145 1064 3207 omnium
1084 3146 1287 3224 ornamentis,
1311 3152 1343 3208 et
1362 3146 1509 3213 effluente
1522 3148 1689 3210 mutitatis

101 3235 256 3301 heras.»
276 3239 383 3317 ltaque
397 3237 564 3318 discipulos
576 3255 648 3301 suos
665 3236 747 3316 equi
759 3253 818 3299 nee·
831 3234 870 3301 ed
920 3238 1008 3316 copia
1030 3244 1167 3314 constat3
1199 3239 1288 3318 eujus
1313 3256 1502 3318 perannum,
1531 3251 1563 3302 et
1589 3259 1687 3304 erun·

102 3329 442 3392 lidciinteileetumsine
450 3329 556 3410 alique
564 3329 735 3394 mutatione
744 3329 872 3391 effectus
920 3329 1688 3409 dantemlargissimefonteminlusarnatoVerbu

102 3427 241 3499 sauram
261 3421 457 3501 promoveri,
474 3440 532 3487 nee
543 3439 704 3500 assurgere
717 3421 818 3485 adhue
831 3420 870 3485 ad
919 3420 1054 3498 benigna
1067 3422 1157 3482 nobis
1171 3423 1225 3483 bei
1238 3421 1433 3502 providentie
1446 3423 1614 3486 eonsdtuit.

102 3514 272 3593 spiritualia
282 3514 503 3595 prevalebunt,
519 3514 553 3579 in
566 3532 630 3579 suet
645 3514 746 3581 seruis
759 3531 870 3593 provo·
959 3515 1085 3575 uuam
1095 3532 1133 3575 ex
1146 3533 1208 3592 quc
1218 3520 1311 3593 capnt
1320 3520 1472 3590 suebum,
1489 3521 1520 3578 et
1532 3525 1689 3597 sequester

103 3606 178 3683 rasit
189 3606 379 3669 amatum·
919 3625 954 3668 ae
966 3606 1118 3668 mediator
1130 3605 1228 3668 fautus
1241 3612 1287 3668 cst
1300 3606 1449 3679 Christus,
1465 3627 1535 3688 qum
1551 3610 1584 3672 in
1598 3611 1688 3674 illum

139 3698 188 3760 Ν.
201 3695 408 3778 augustiuus⁵
426 3698 533 3761 «iuter
554 3697 614 3760 alia
630 3697 739 3773 multa,
751 3717 822 3778 quse
836 3697 869 3763 in
918 3699 1089 3759 necessario
1109 3698 1249 3760 derivate
1276 3703 1307 3759 et
1326 3706 1472 3779 congesta
1494 3717 1568 3763 sunt
1588 3702 1685 3766 hona:

30 3789 63 3853 1.
104 3787 213 3853 Christi
246 3790 459 3855 ineametione
492 3790 656 3855 salubriter
695 3789 866 3865 intuenda,
917 3797 1105 3852 sustentem
1120 3796 1151 3853 et
1164 3809 1306 3865 numere,
1323 3793 1464 3872 etpretio
1477 3795 1685 3872 promusinfl·

13 3904 70 3941 m
102 3887 189 3960 atqua
205 3882 373 3962 rogitanda
398 3889 486 3955 sunt,
507 3883 680 3946 unumhue
694 3901 760 3945 esse
781 3882 866 3958 dieii,
917 3883 1125 3944 nitszeadem
1138 3883 1172 3944 in
1187 3883 1318 3962 nos,qui
1333 3882 1688 3953 illiussumusmembra

102 3974 180 4050 quud
193 3973 443 4035 demonstratum
456 3980 502 4035 ast
515 3974 645 4049 homini,
660 3974 867 4054 quamloeum
916 3976 1117 4056 proportione
1142 3974 1368 4036 redundarunt.
1400 3974 1515 4052 Omnes,
1541 3977 1683 4058 inquam,

101 4061 225 4125 baberet
237 4064 273 4126 in
284 4065 389 4141 rebus,
412 4083 489 4145 quas
501 4065 641 4127 uendidit
655 4067 751 4127 Deua:
767 4084 867 4146 quam
915 4069 970 4147 illi,
983 4086 1060 4148 quos
1071 4072 1210 4129 recenset
1223 4065 1411 4146 Apostolus⁸,
1427 4066 1558 4129 tiemari
1566 4071 1683 4151 supien-

100 4154 261 4236 dmuidem
280 4156 325 4218 sic
347 4159 410 4218 Deo
432 4157 581 4237 conjungi
602 4158 703 4238 potnit
728 4159 868 4219 humana
917 4160 981 4236 tice,
992 4168 1021 4221 et
1030 4160 1159 4220 scientius
1169 4158 1238 4225 Dci,
1252 4164 1305 4239 qut
1314 4159 1346 4220 in
1356 4157 1475 4221 Currite
1489 4168 1556 4220 mut
1568 4161 1685 4225 abacos·

100 4254 268 4321 astruant
290 4267 328 4310 ex
341 4248 463 4311 duabus
490 4247 670 4310 substantiis
689 4249 777 4311 lieret
802 4269 866 4311 sina
915 4252 995 4320 diti:
1020 4249 1133 4313 abunde
1156 4250 1188 4311 in
1208 4269 1258 4310 nos
1284 4248 1372 4335 effusi
1388 4248 1495 4329 santi,
1521 4271 1573 4325 per
1593 4253 1684 4317 illum

102 4355 269 4417 persona.»
298 4340 392 4405 Addit
412 4359 497 4419 vero,
523 4342 607 4427 quod
627 4346 696 4403 tum
710 4341 748 4402 ad
763 4341 864 4420 digui—
914 4342 1279 4426 ipsumleaumCliristum
1293 4342 1684 4431 Salvatoremnostrumper

101 4430 166 4495 uiis
182 4432 428 4501 incrementum.
451 4439 519 4494 tum
532 4434 864 4499 adMediatorisratios
913 4455 997 4523 quem
1029 4432 1197 4510 matritum,
1227 4441 1254 4495 et
1276 4434 1407 4519 pretiose
1433 4436 1515 4499 nobis
1535 4438 1685 4520 prussiam

102 4531 306 4609 arnapam,
320 4525 359 4593 te
375 4544 438 4609 que
448 4525 540 4606 paulo
552 4531 625 4591 unte
638 4543 708 4591 sum
731 4526 864 4605 locutus,
914 4525 1220 4610 dmaettmcpertoee
1232 4522 1407 4608 efficiamur
1417 4525 1530 4593 divisa
1540 4539 1684 4597 camertes

16 4618 23 4637 '
101 4612 283 4681 bannedum
297 4636 442 4685 eausam:
460 4618 524 4681 cUt
537 4617 663 4700 superbi
676 4618 721 4681 illi
736 4619 865 4697 maligni
915 4628 1040 4682 nuturoe.

101 4706 621 4791 utnusquiseaudeatpientum,
632 4711 721 4791 quasi
733 4712 866 4791 udadju·
954 4711 1094 4773 Desierat
1107 4709 1167 4772 hoe
1178 4714 1249 4790 apte
1267 4705 1307 4771 ad
1324 4709 1406 4772 hane
1423 4727 1491 4775 rem
1513 4712 1684 4792 excogitata

100 4798 234 4863 mnan
255 4801 375 4867 medios
401 4800 617 4882 interponunt,
642 4821 709 4865 non
733 4800 804 4865 ideo
830 4823 863 4868 sa
912 4803 1092 4878 similitudo,
1109 4820 1205 4882 squam
1218 4802 1343 4865 adhibet
1351 4803 1532 4869 'iheodorns
1541 4804 1683 4871 Abucara

132 5000 153 5041 a
170 4985 254 5043 Gssu.
268 4989 376 5046 Tutus.
392 4993 461 5045 omi.
476 4993 508 5046 itt
529 4988 682 5063 Epiphan.
711 4988 778 5047 idm.
809 4993 858 5052 vlt
908 4990 973 5053 τινος
986 4987 1056 5063 lepis
1067 4993 1140 5061 σῶμα
1148 4984 1380 5061 restituimus
1388 4989 1562 5046 ὑποτέτακται.
1577 4993 1618 5047 sui
1630 4996 1680 5048 τῶν

101 5067 193 5139 Chrys.
208 5070 239 5122 ur
253 5072 267 5127 t
281 5073 323 5142 rip
348 5076 394 5147 piis
412 5072 454 5125 sui
476 5071 517 5126 sir
540 5072 643 5146 οὐρανὸν
666 5076 808 5147 γεφυρώσας
821 5080 858 5153 τῷ
908 5073 1020 5146 ἀγγέλων
1041 5072 1104 5126 aest
1126 5076 1200 5126 τοῦτο
1218 5073 1247 5125 τὸ
1267 5071 1402 5146 ὑπόδειγμα
1416 5073 1525 5145 βελτίους
1538 5074 1603 5146 ἡμᾶς
1617 5068 1680 5127 εἶναι

101 5146 161 5223 tyto
173 5156 327 5227 mancipari.
908 5155 967 5229 χρὴ,
979 5157 1020 5211 καὶ
1041 5162 1091 5210 τῶν
1112 5154 1273 5233 &nunides
1293 5157 1397 5228 μείζους,
1419 5158 1454 5217 ὡς
1473 5158 1572 5210 πάντων
1599 5157 1679 5211 αὐτῶν

135 5234 152 5289 ὁ
170 5236 267 5292 Clitis.
282 5238 358 5295 bem.
378 5253 407 5294 nt
422 5238 453 5295 in
466 5254 510 5309 up.
528 5238 570 5295 ad
584 5238 662 5312 Ept.
679 5239 857 5314 Ἐννοήσωμεν
908 5241 1140 5314 προτετιμημένους.

126 5404 137 5446 i
153 5403 213 5458 Aus-
222 5415 252 5460 sp.
262 5406 461 5464 manistram.
476 5411 531 5453 saut
544 5407 645 5454 tlt-i
658 5408 716 5455 lrsn.
728 5410 765 5455 tn.
780 5410 805 5460 v,
818 5411 913 5465 c.1,-t
925 5409 984 5457 iren
994 5410 1009 5467 ι.
1024 5410 1076 5463 v,e.
1086 5410 1184 5463 ιιι-ε
1196 5407 1262 5461 tem.
1272 5418 1314 5457 ser.
1329 5418 1351 5452 rs
1366 5408 1394 5453 ds
1406 5410 1482 5459 tre-
1492 5407 1506 5452 t
1518 5406 1576 5471 Aug.
1588 5408 1639 5465 xlii
1653 5410 1679 5457 is

104 5465 215 5511 muse.
226 5470 322 5515 ssu-t
333 5471 380 5518 σοι.
394 5481 421 5523 ιι,
432 5471 501 5515 a-s
516 5472 557 5517 itt.
569 5482 605 5525 ru,
619 5470 687 5517 tte-8
701 5471 721 5516 lt
732 5473 779 5519 Pet.
794 5471 836 5527 stt
896 5490 898 5494 ·
