4136 6178
318 352 359 413 68
836 345 1162 409 THEOLOGIOORUM
1183 346 1404 408 DOGMATUM

195 544 202 555 ·
318 514 542 588 distraherenf3
558 532 620 593 quo
633 513 739 575 minus
752 514 952 575 edintimum
966 531 1086 591 eorum,
1179 514 1237 574 Ill.
1259 514 1376 575 Verum
1404 513 1510 593 paucis
1539 511 1723 592 interjectis,
1749 518 1842 591 negat
1867 530 1908 575 ex
1931 540 2019 585 naim
2036 547 2063 598 μ

317 626 527 687 arcanumque
539 607 652 685 dogma
677 613 831 685 cluerent,
846 612 1009 687 possentne
1022 624 1090 686 per·
1138 607 1239 685 gratie
1273 606 1391 671 Christi,
1431 605 1576 667 timorem
1617 605 1712 665 istum
1744 607 1906 685 proficisci.
1962 595 2056 687 {iffi

317 700 447 780 tingere.
1142 698 1425 776 «Quamvisigitur
1439 697 1665 771 fatendumsit,
1681 698 1792 777 inquit,
1809 700 1909 760 Deum
1948 700 2063 796 mx}

358 794 399 854 Il.
413 794 500 854 Certe
513 792 577 853 dux
592 792 719 853 illorum
746 799 778 852 et
804 791 948 865 antistes,
965 808 1036 852 cum
1051 790 1090 850 de
1139 789 1172 849 in
1186 789 1331 851 cordibus
1344 790 1510 850 hominum
1519 791 1665 851 timorem
1675 808 1841 870 poenarum
1854 792 1907 852 fu·

319 903 356 946 ee
368 884 538 964 quaestione
552 885 699 963 disputat,
716 884 759 943 sic
776 882 956 962 impeditus,
970 888 1001 944 et
1014 901 1088 963 per·
1138 886 1280 942 turarum
1307 886 1446 961 operari3
1471 882 1559 943 nullo
1585 887 1691 944 tamen
1719 884 1813 944 modo
1826 883 1908 943 arbi·

318 977 427 1056 plexus
450 980 505 1047 est,
530 994 566 1036 ec
591 992 697 1036 secum
719 975 796 1036 adeo
823 975 1033 1048 disconvenit,
1054 979 1091 1034 nt
1140 975 1286 1034 trandum
1313 979 1370 1050 cst,
1395 975 1479 1053 quod
1493 992 1567 1036 earm
1593 992 1650 1054 per
1682 975 1769 1036 illam
1801 993 1910 1037 veram

319 1069 402 1149 apud
415 1069 509 1143 himo,
525 1067 726 1148 parturientis
739 1067 864 1128 feminee
882 1067 993 1127 nixum
1017 1083 1083 1127 mo·
1139 1066 1252 1127 Christi
1267 1066 1410 1146 gratiam,
1425 1073 1553 1146 propter
1573 1083 1670 1147 quem
1694 1066 1827 1129 infirmis
1850 1068 1909 1129 ho-

318 1179 388 1221 rose
401 1160 544 1239 quaedam
558 1165 588 1219 et
603 1158 783 1240 scrupulose
795 1159 964 1220 verborum
982 1160 1089 1220 anxie·
1140 1157 1276 1219 minibus
1294 1158 1486 1237 largiendam
1500 1158 1665 1219 crucifixus
1679 1164 1735 1233 est,
1750 1167 1907 1239 operatur.

318 1259 363 1314 tas
376 1253 496 1313 imitata
509 1252 661 1313 videatur.
1138 1250 1218 1310 Nem
1231 1250 1289 1310 iste
1301 1250 1401 1329 gretie
1419 1250 1564 1312 effectum
1587 1269 1713 1330 prorsus
1733 1252 1910 1331 oppositum

172 1373 202 1419 1„
214 1380 273 1419 metu
358 1343 501 1405 Primum
534 1344 587 1405 ille
611 1345 786 1405 «timorem
819 1344 988 1421 gehennae.
1027 1343 1091 1404 sire
1139 1341 1174 1401 in
1187 1341 1345 1402 voluntate
1366 1340 1449 1404 fecit.
1465 1343 1613 1403 Fatenim
1628 1343 1789 1423 inspiratio
1803 1345 1909 1405 cceles-

170 1431 275 1483 ⁸⁰¹¹⁰¹¹¹¹s⁰
319 1455 419 1517 poenae
433 1436 468 1497 in
482 1454 514 1497 se
529 1437 767 1513 consideratum,
783 1437 847 1497 sive
861 1453 1004 1515 pervum,
1027 1436 1091 1496 sive
1139 1432 1179 1492 tis
1192 1432 1413 1509 delectationis,
1428 1452 1490 1513 que
1503 1435 1584 1495 Deus
1596 1434 1705 1513 incipit
1723 1434 1908 1512 dulcescere,

149 1490 294 1580 dnm&
319 1547 480 1608 magnum,
496 1529 560 1589 sire
577 1529 751 1603 remissum,
768 1528 830 1588 sive
843 1528 1012 1603 intensum,
1025 1544 1091 1589 esse
1140 1541 1234 1602 quem
1263 1525 1414 1587 timebat:
1436 1533 1560 1605 quaque
1580 1525 1743 1587 dulcedine
1770 1527 1911 1606 perfusus

167 1589 273 1686 edidis
318 1622 427 1683 utilem
440 1623 628 1682 achonum»
643 1621 767 1695 fatetur,
783 1620 867 1699 qnod
882 1620 925 1680 ite
938 1619 1091 1681 definierit
1140 1618 1274 1693 animus,
1285 1618 1352 1696 J'em
1367 1636 1432 1678 non
1453 1618 1618 1679 formidine
1631 1636 1749 1698 poenae,
1765 1619 1819 1680 sed
1838 1620 1911 1698 jus-

159 1695 278 1740 ⁸⁰¹¹‘⁰¹¹¹¹⁸·
318 1714 656 1794 Tridentinasynodus.
672 1714 790 1775 Verum
804 1712 990 1792 paulopost,
1005 1711 1092 1773 illam
1139 1709 1216 1770 titiee
1250 1710 1414 1771 dilectione
1442 1716 1588 1789 operetur
1621 1710 1783 1771 bonum.»
1810 1712 1911 1784 Quare

318 1807 415 1885 ipsam
429 1807 651 1886 professionem
665 1806 731 1867 reri
741 1805 894 1884 dogmatis
907 1804 1092 1883 quibusdam
1144 1808 1331 1880 «operetur,
1346 1801 1460 1880 inquit,
1474 1802 1555 1863 Deus
1578 1819 1742 1881 paenarum
1764 1802 1912 1864 timorem

317 1898 535 1959 additamentis
561 1897 670 1974 inficit,
686 1903 717 1958 et
730 1898 769 1958 ab
795 1895 953 1977 synodalis
976 1896 1091 1957 decreti
1140 1910 1195 1971 per
1221 1892 1315 1954 aliem
1341 1892 1434 1972 longe
1471 1892 1623 1954 inferioris
1649 1898 1732 1954 notae
1753 1893 1909 1972 gmtiem:

317 1989 470 2051 sententie
498 1990 676 2069 detorquet3
696 1988 786 2068 quasi
799 2006 873 2049 curn
897 1988 1088 2061 adversariis,
1140 2003 1222 2063 quae,
1238 1991 1402 2064 postquem
1415 1984 1511 2046 infixa
1523 1984 1617 2046 fuerit
1632 1985 1666 2045 in
1678 1986 1783 2047 animo
1803 1986 1913 2065 judicii

317 2082 460 2163 quasillo
476 2100 595 2144 canone
609 2081 738 2143 confixit
751 2081 901 2161 synodus,
920 2081 1088 2155 colludere,
1140 2075 1248 2150 divini,
1268 2078 1526 2157 sempiternaeque
1541 2096 1642 2155 poenoe
1655 2077 1748 2151 fides,
1775 2078 1912 2140 fortassis

316 2175 561 2256 ecpraevericari
581 2174 768 2249 instituerit3
796 2173 880 2253 quod
907 2178 1012 2252 postea
1040 2174 1091 2235 de
1141 2168 1273 2245 gretiam
1299 2169 1463 2249 peculiaris
1490 2169 1663 2248 cujusdem,
1693 2170 1757 2231 sive
1779 2171 1911 2233 internae

315 2266 550 2328 monstrabitur.
564 2266 641 2327 Nam
654 2267 800 2327 timorem
819 2265 914 2325 istum
927 2267 1088 2345 gehennae,
1139 2261 1202 2322 eive
1214 2269 1350 2323 externe
1373 2261 1575 2342 providentiae
1589 2267 1620 2324 et
1639 2262 1825 2343 operationis
1844 2282 1910 2325 non

315 2359 386 2418 siin
400 2359 452 2419 illo
467 2359 642 2433 haereatur3
658 2359 718 2419 hoc
735 2363 799 2435 est,
816 2357 926 2418 nisiex
939 2358 1089 2419 charitate
1139 2354 1301 2415 excedit.»
1954 2432 1965 2447 .

318 2450 541 2530 proficiscatur,
558 2450 770 2510 inordinatum
806 2448 1013 2529 vitiosumque
1023 2449 1092 2510 fieri
1178 2447 1325 2520 Quocirca
1338 2466 1376 2508 eo
1391 2448 1518 2509 tandem
1540 2448 1664 2525 labitur,
1683 2454 1719 2509 ut
1735 2449 1909 2511 «timorem

316 2542 400 2615 dicit,
417 2560 489 2603 cum
508 2560 547 2602 ex
565 2561 597 2603 se
625 2542 664 2602 sit
689 2542 801 2602 bonus.
818 2542 1086 2615 Quemadmodum
1137 2556 1249 2617 poenae,
1266 2540 1537 2619 etopusjustitiae,
1554 2542 1638 2620 quod
1661 2560 1700 2602 ex
1720 2542 1832 2603 timore
1853 2543 1911 2603 im-

320 2655 335 2692 «
347 2634 441 2708 licite,
456 2634 602 2714 bonaque
614 2639 670 2709 est,
685 2635 740 2710 ait,
756 2632 898 2694 voluntas
912 2633 1089 2695 assumendi
1137 2637 1275 2710 peretur,
1288 2631 1383 2693 fidem
1396 2632 1522 2711 quidem
1535 2635 1758 2713 praerepuirere
1772 2639 1907 2710 censeat,

315 2726 386 2803 cibi,
402 2732 547 2806 etpotus,
571 2726 727 2806 appetitus
748 2725 873 2787 tuendae
893 2726 1000 2786 salutis
1025 2744 1089 2786 cor-
1136 2722 1189 2783 sed
1203 2723 1316 2801 eejam
1327 2723 1361 2783 in
1377 2725 1483 2784 animo
1497 2724 1642 2801 radicata,
1652 2725 1778 2805 proprie
1788 2726 1908 2787 stricta-
1975 2772 1981 2777 .

315 2818 441 2897 poralis,
460 2818 643 2879 concubitus
669 2818 751 2879 inter
776 2818 938 2896 conjuges,
954 2817 1088 2879 scientiae
1137 2833 1198 2894 que
1211 2815 1324 2876 dictam
1344 2817 1456 2877 Christi
1471 2817 1603 2896 gretiam
1616 2836 1682 2878 non
1705 2817 1838 2896 exigere,
1853 2818 1910 2880 sed

315 2911 530 2990 comparandas
558 2910 712 2983 studium,
742 2913 773 2970 et
795 2908 917 2969 infinita
939 2908 1050 2970 similia
1078 2929 1085 2970 :
1137 2925 1176 2968 ex
1196 2909 1316 2987 proprii
1329 2908 1449 2969 arbitrii
1473 2909 1593 2970 viribus
1613 2927 1702 2990 posse
1720 2910 1903 2990 prosilire.»

314 3003 384 3081 quis
396 3008 502 3063 tamen
521 3002 652 3081 ignoret,
672 3000 771 3076 abiis,
788 3002 844 3079 qui
861 3001 895 3061 in
909 3000 1087 3080 hujusmodi
1176 3001 1264 3073 Quod
1276 3000 1302 3060 si
1316 3001 1399 3061 Deus
1410 3001 1555 3063 timorem
1571 3001 1665 3062 istum
1678 3020 1734 3062 sue
1748 3002 1911 3081 providen-

313 3112 421 3156 rerum
445 3093 700 3155 delectationibus
723 3094 854 3166 haerent,
870 3112 926 3173 per
949 3112 1024 3172 ques
1045 3094 1088 3156 eis
1136 3091 1178 3151 tia
1194 3091 1228 3152 in
1247 3091 1358 3152 animis
1372 3098 1569 3171 peccatorum
1583 3093 1633 3155 vel
1645 3112 1778 3173 semper,
1793 3094 1842 3155 vel
1858 3112 1910 3156 su-

313 3186 540 3246 transeundum
555 3190 632 3263 eret,
655 3186 739 3265 gula,
757 3185 896 3260 luxuria,
912 3186 1088 3248 curiositate
1135 3182 1229 3245 binde
1242 3184 1384 3261 concitet,
1397 3185 1447 3245 vel
1461 3186 1567 3263 etiem,
1583 3187 1609 3246 si
1623 3186 1666 3247 ita
1680 3186 1765 3264 libet,
1776 3187 1908 3248 interius

314 3276 448 3339 vanitate
458 3276 600 3357 peccari?
614 3278 693 3338 Nem
713 3277 772 3338 hoe
786 3278 863 3356 ipso,
876 3296 938 3356 quo
950 3277 985 3338 in
995 3278 1088 3339 rebus
1135 3275 1276 3355 inspiret,
1295 3296 1332 3338 ea
1349 3277 1442 3357 longe
1454 3278 1581 3340 alterius
1594 3277 1725 3339 rationis
1739 3284 1796 3355 est,
1811 3297 1908 3358 quam

314 3369 499 3446 istiusmodi,
524 3370 609 3430 velut
625 3369 782 3449 jucundis,
797 3387 834 3430 ec
846 3369 1084 3445 delectabilibus,
1137 3386 1174 3431 ee
1186 3369 1296 3430 Christi
1309 3370 1419 3449 gratia,
1443 3371 1482 3431 de
1501 3389 1563 3450 que
1583 3372 1735 3432 hactenus
1760 3371 1905 3433 disserui·

315 3462 439 3522 unimus
459 3466 680 3536 commoratur,
696 3479 753 3542 per
775 3479 851 3540 ques
868 3465 1019 3541 tanquam
1033 3482 1086 3543 pe·
1137 3478 1217 3521 mus.
1249 3461 1376 3523 Limites
1409 3461 1494 3523 enim
1525 3463 1677 3524 naturalis
1705 3464 1908 3543 providentiae

315 3554 456 3630 regrinus
470 3554 509 3613 ad
523 3554 668 3634 patriam,
684 3554 925 3615 delectationum
946 3556 1088 3616 omnium
1136 3559 1289 3632 quantum
1300 3554 1339 3615 ad
1353 3553 1557 3615 substantiam
1568 3573 1634 3615 non
1647 3555 1767 3617 excedit
1783 3576 1790 3616 ε
1806 3557 1906 3635 cujus·

313 3646 443 3723 iontem,
461 3646 585 3707 tendere
607 3645 710 3722 debet,
724 3646 842 3707 nullius
856 3647 981 3707 alterius
996 3647 1086 3708 meli·
1136 3645 1222 3705 modi
1233 3645 1365 3724 gretiam
1379 3645 1475 3706 etiam
1494 3646 1653 3726 Pelagieni
1676 3648 1782 3708 multis
1808 3648 1907 3709 modis

314 3739 366 3799 tiae
380 3738 579 3817 adjunctione
603 3738 767 3818 delinquit.
787 3740 867 3799 Nam
890 3738 963 3811 ista,
978 3745 1009 3800 et
1021 3758 1087 3800 non
1136 3743 1342 3816 agnoverunt,
1354 3743 1385 3798 et
1403 3737 1632 3799 confessisunt.
1648 3760 1664 3797 a

228 3866 231 3871 ·
314 3830 384 3906 alie,
400 3836 447 3891 est
471 3831 613 3891 omnium
637 3830 831 3910 perversitas,
846 3829 1016 3891 fruentium
1034 3850 1086 3893 re·
1175 3829 1314 3908 Denique
1340 3840 1502 3909 peocmum
1527 3848 1566 3891 ex
1593 3847 1681 3893 mero
1708 3831 1820 3893 timore
1852 3851 1907 3913 ge·

314 3921 373 3984 bus
385 3923 456 3985 illis.
472 3923 585 4002 quibus
597 3924 750 3984 utendum
764 3928 821 3984 est.
837 3943 853 3981 a
1135 3923 1247 3982 hennae
1262 3921 1305 3980 sic
1318 3921 1410 3981 vitari
1427 3940 1515 4002 posse
1534 3929 1639 4001 neget,
1654 3929 1689 3984 ut
1702 3924 1828 3986 vitando
1841 3944 1908 3987 non

355 4015 438 4082 Quin
451 4015 535 4076 idem
558 4021 666 4095 postea
686 4015 810 4094 quaerit,
830 4036 845 4073 a
860 4020 966 4076 utrum
988 4014 1085 4075 timo·
1136 4018 1295 4094 peecatum
1322 4013 1406 4074 eliud
1431 4014 1627 4091 admittatur3
1654 4017 1907 4096 quandoquidem

313 4123 382 4167 rem
409 4107 588 4186 sempiterni
613 4107 756 4167 interitus
777 4112 808 4166 et
834 4107 985 4184 gehennae
1006 4108 1086 4167 liene
1136 4105 1241 4167 timori
1255 4104 1305 4166 isti
1318 4122 1441 4185 semper
1461 4107 1607 4186 adjuncta
1622 4115 1667 4170 est
1690 4110 1837 4188 peccandi
1850 4128 1905 4172 ro·

313 4198 461 4259 immittat
487 4198 618 4266 homini,
633 4217 674 4259 an
700 4198 883 4259 naturaliter
905 4217 943 4260 es
965 4203 1086 4259 naturae
1134 4198 1249 4267 luntas,
1265 4198 1291 4257 si
1313 4198 1345 4258 id
1360 4198 1489 4277 impune
1503 4198 1619 4260 liceret.
1635 4201 1710 4264 llaec
1732 4201 1770 4263 de
1793 4202 1906 4263 timore

313 4291 431 4352 viribus
458 4291 544 4351 fluat.
558 4312 574 4348 n
604 4290 663 4351 Cui
690 4308 764 4351 mox
786 4291 972 4370 respondet:
993 4309 1086 4351 «non
1134 4307 1237 4369 poenae
1251 4308 1286 4351 ac
1299 4290 1451 4369 gehenne
1475 4308 1566 4354 novae
1594 4297 1684 4354 secte
1712 4293 1845 4373 patroni,
1869 4311 1906 4355 ac

313 4383 411 4444 videri
425 4399 615 4463 quemquem
629 4400 718 4461 posse
741 4381 886 4458 diffiteri,
910 4383 987 4463 quin
1005 4385 1086 4443 licus
1134 4381 1284 4462 principis
1297 4386 1343 4442 est
1356 4381 1479 4461 opinio:
1496 4401 1566 4462 quae
1580 4385 1775 4464 semetipsam
1784 4386 1904 4462 evertit,

314 4493 387 4535 eum
399 4475 433 4534 in
446 4475 550 4535 animo
574 4475 715 4536 timentis
727 4479 883 4552 operetur.
897 4495 912 4531 »
932 4475 1029 4554 quue
1047 4493 1086 4536 ex
1134 4492 1171 4535 ac
1184 4474 1276 4553 plane
1296 4473 1356 4535 sibi
1369 4475 1523 4536 contraria
1533 4482 1590 4536 est.

316 4568 486 4643 Augustino
500 4564 644 4645 prohat¹,
660 4568 714 4646 qui
729 4565 789 4627 Deo
811 4564 958 4627 molliente
971 4585 1021 4627 eor
1033 4566 1084 4628 Ιιο-
1176 4566 1226 4626 tv.
1261 4568 1309 4626 Ex
1340 4566 1388 4627 his
1410 4567 1667 4629 considerandum
1692 4569 1795 4648 primo
1821 4570 1905 4632 istud

314 4658 403 4718 minis
415 4657 490 4718 oriri
502 4658 593 4718 illum
606 4658 705 4719 docet.
1136 4661 1192 4733 est,
1221 4658 1304 4737 quod
1329 4658 1372 4719 sic
1404 4676 1469 4720 esse
1503 4659 1648 4722 timorem
1681 4661 1770 4723 illum
1804 4680 1904 4742 poenae

352 4749 456 4825 Addit,
472 4750 616 4830 spiritum
629 4750 719 4810 illum
731 4750 868 4827 timoris,
884 4756 915 4813 et
928 4750 1085 4819 servitutis
1136 4750 1261 4825 indicat,
1290 4755 1326 4810 ut
1350 4756 1395 4811 est
1427 4751 1581 4826 vescendi,
1615 4771 1651 4814 ac
1681 4751 1808 4815 bibendi
1848 4773 1903 4816 vo·

313 4841 502 4903 Testamenti
514 4841 627 4902 veteris
641 4842 805 4921 proprium
819 4861 894 4920 esse,
918 4843 997 4904 sieut
1018 4842 1084 4921 spi·
1133 4840 1246 4915 luntas,
1269 4860 1477 4922 quenecper
1490 4861 1523 4904 se
1541 4843 1624 4905 bone
1647 4849 1703 4921 est,
1723 4862 1781 4907 nec
1804 4846 1901 4922 mela3

313 4934 391 4995 ritus
420 4934 534 4995 amoris
560 4934 704 5013 proprius
725 4939 771 4995 est
797 4935 882 4996 novi.
911 4956 927 4993 a
950 4936 1084 5012 Uterque
1134 4934 1186 4995 sed
1211 4951 1382 5012 exgenere
1410 4947 1460 4996 τῶν
1475 4941 1623 5016 ἀδιαφόρων,
1652 4954 1722 5016 quea
1734 4955 1792 5016 pro
1812 4943 1903 4999 uten-
1980 4984 2063 5029 W

312 5033 429 5099 tamen,
438 5027 492 5100 eit,
507 5029 593 5088 aliea
603 5027 704 5103 datus,
719 5031 750 5088 et
758 5033 910 5107 acceptus.
919 5028 987 5086 Imo
1001 5026 1085 5086 idem
1136 5025 1173 5088 tis
1218 5025 1378 5087 affectione
1420 5044 1456 5086 ec
1494 5025 1664 5101 voluntate,
1711 5029 1902 5107 bonitatem,
1932 4982 2048 5084 Missa

312 5118 378 5199 ipse
392 5118 518 5199 spiritus
542 5117 635 5179 fuisse
662 5118 865 5197 significetur,
881 5119 935 5197 qui
957 5122 1084 5197 propter
1133 5136 1169 5178 ac
1196 5117 1348 5179 malitiam
1374 5117 1501 5198 capiunt
1524 5119 1725 5198 :hujusmodi
1749 5122 1902 5202 videlicet,

313 5212 449 5272 diversos
461 5210 587 5272 effectus
598 5216 731 5290 utroque
743 5211 870 5271 nomine
886 5214 1085 5290 nuncupatus
1134 5228 1204 5290 quse
1215 5210 1466 5287 cumhonestste,
1478 5210 1529 5271 vel
1537 5211 1731 5291 turpitudine
1739 5213 1905 5293 conjuncta

313 5302 381 5364 sits>
394 5304 482 5378 Quod
488 5321 527 5365 ex
537 5302 711 5384 Augustino
719 5320 847 5383 quoque
866 5301 1081 5363 demonstret‘⁴
1135 5302 1184 5381 sit,
1200 5320 1294 5383 quem
1304 5301 1441 5365 moretm
1453 5308 1575 5364 vocant.
1588 5304 1667 5365 Nam
1680 5303 1707 5366 si
1716 5304 1755 5366 de
1768 5307 1904 5370 neutrali

341 5505 353 5551 t
368 5505 416 5552 tlt.
428 5507 487 5555 dnn.
500 5506 526 5551 in
536 5506 580 5553 lot.
595 5518 615 5551 c.
623 5516 712 5559 xnn.-
722 5503 737 5548 i
748 5503 808 5550 Sarni
828 5512 869 5548 sur
879 5503 904 5549 de
915 5505 961 5549 Ver.
974 5505 1045 5559 Aperi.
1055 5516 1074 5548 c.
1086 5514 1125 5549 rur
1136 5509 1157 5548 el
1168 5515 1206 5561 qu.
1216 5515 1242 5549 rr
1254 5515 1302 5561 sup.
1316 5516 1362 5550 exo.
