3994 6164
562 308 610 371 DE
629 306 931 385 molestamus,
953 306 1031 370 tls.
1055 307 1094 384 11,
1116 305 1199 371 CAP.
1222 307 1247 371 i.
1638 311 1699 375 Μ

7 476 8 515 ῑ
119 473 329 558 ορρααίαώνε
346 474 440 538 aaut
461 474 614 557 interpres
640 476 781 537 Latinus.
803 474 882 537 Nus·
930 475 1013 551 nius,
1029 493 1064 535 ao
1085 480 1179 554 neget
1198 473 1358 555 pravitatis
1380 474 1550 555 quidquam
1574 476 1699 540 subesse

7 560 9 569 '
118 586 202 651 psam
220 567 296 628 euim
318 566 443 648 ,lapelee
461 565 656 650 apprehendit
680 586 692 628 .·
718 569 769 630 ssd
788 586 881 630 senen
930 566 1078 629 locuuoni
1091 568 1153 643 isti,
1168 567 1323 628 sidicatur
1336 568 1489 629 Dominus
1501 570 1700 649 assumpsisse

119 658 481 741 Abstsappetesdtse.
929 677 1055 722 earnem
1070 678 1078 721 s
1094 659 1235 740 quamvis
1258 660 1701 740 ipooopmhoovombmumm
1738 682 1849 738 muse.

154 752 302 828 Quosirea
314 770 380 814 non
398 752 577 833 amplioiter
598 751 751 830 smuemdi,
771 753 822 814 uel
834 770 883 813 es·
931 770 1024 815 usum
1035 752 1230 814 adhibeatur.
1241 753 1334 831 Cujus
1347 753 1475 832 quidem
1487 754 1551 816 vim
1569 755 1702 835 explieat

118 842 245 907 mne·
255 844 442 906 vocabulum
459 845 499 906 ab
512 846 647 926 antiquis
663 846 725 907 iilis
737 846 882 926 repudia·
931 845 984 918 sie,
1000 851 1036 906 ut
1050 845 1090 906 sit
1102 845 1199 919 idem,
1211 850 1305 924 etque
1320 866 1336 904 ο
1349 845 1385 906 in
1398 846 1534 926 seipsum
1556 846 1703 909 formavit

117 942 181 998 tam
192 937 318 999 videtur
334 957 342 999 :
357 937 411 999 sed
425 942 553 999 eatenus
565 938 679 1014 solnm,
694 943 729 1001 ut
738 956 778 1000 ne
788 941 883 999 horno
932 937 1119 999 assumendo
1133 937 1293 1016 propriam
1308 936 1566 1000 numanatensi.
1582 959 1598 998 r

118 1035 289 1109 assumptus
325 1029 489 1093 diceretur.
536 1030 710 1092 Maxentius
760 1030 884 1107 dialogo
972 1030 1068 1091 Porro
1092 1029 1179 1090 loeus
1205 1029 1257 1090 ille
1281 1029 1469 1110 Apollinaris
1502 1030 1638 1092 haretiai
1664 1031 1703 1093 ab

119 1119 246 1201 primo¹,
260 1142 277 1180 α
291 1123 367 1201 Ego,
391 1122 615 1202 inquinasse
635 1128 812 1203 susceptum
825 1123 883 1183 bo·
932 1123 1064 1186 Leontio
1086 1123 1259 1201 bysantino
1280 1122 1452 1202 descriptus
1472 1128 1518 1184 est
1539 1141 1578 1184 ex
1591 1123 1705 1203 proles·

118 1213 228 1274 minem
241 1213 422 1275 nuliatenus
440 1216 542 1277 dioere
559 1215 660 1277 audeo
676 1236 683 1275 s
701 1216 763 1277 Sed
782 1217 885 1276 Deum
933 1216 1020 1277 sione
1032 1216 1166 1295 quedem
1179 1214 1300 1276 iideisb
1311 1215 1364 1276 iilo
1378 1215 1469 1291 edita,
1484 1233 1555 1294 quaa
1568 1216 1706 1295 subjeets

119 1306 177 1365 sine
190 1305 400 1367 diminutione
424 1306 597 1368 divinitatis
614 1326 679 1371 suaa
697 1308 814 1370 beiram
827 1309 884 1368 ho·
934 1315 980 1370 est
1011 1308 1117 1370 libello
1150 1306 1185 1369 de
1210 1305 1369 1388 fraudibus
1400 1307 1704 1387 Apolir'osristursm.

119 1396 227 1458 minem
241 1398 354 1472 fateor,
370 1416 410 1460 ne
430 1399 455 1459 si
481 1407 658 1480 susceptum
676 1403 771 1462 abeo
783 1401 886 1462 bonsi-
934 1403 1001 1476 Qua
1012 1400 1044 1461 in
1061 1401 1249 1481 professione
1270 1400 1396 1461 haeresis
1409 1418 1474 1461 sues
1497 1401 1582 1462 virus
1600 1408 1706 1480 aperte

120 1508 185 1551 uem
197 1490 319 1564 dixero,
342 1491 421 1552 duaa
433 1491 539 1553 videar
552 1492 586 1553 in
609 1492 686 1553 Filio
709 1493 763 1553 Dei
776 1493 886 1572 praedi·
932 1494 1047 1575 prodit,
1063 1510 1202 1554 asserens
1214 1511 1278 1553 non
1293 1510 1357 1553 esse
1374 1491 1523 1571 periectas
1536 1493 1570 1554 in
1584 1492 1706 1554 Christo

119 1600 181 1643 aare
192 1600 342 1664 personas
357 1604 365 1645 ε
380 1584 453 1664 qssia
461 1585 517 1646 etsi
528 1591 685 1665 suseeptor
694 1591 882 1655 sanatorum,
934 1591 1062 1646 naturas
1071 1586 1159 1661 duas,
1171 1602 1231 1647 nea
1245 1585 1406 1646 hominem
1421 1585 1622 1664 postPatrem
1635 1590 1707 1646 ania

121 1675 356 1754 atqueiideiium
369 1678 450 1738 Dans
470 1676 593 1753 dieitur,
616 1678 797 1740 stolidius
810 1696 885 1757 ergo
936 1678 1087 1758 Spiritum
1102 1679 1136 1738 in
1157 1677 1271 1739 divinis
1294 1676 1441 1738 laudibus
1464 1695 1529 1738 esse
1553 1677 1706 1739 ooilooan·

121 1771 161 1827 est
180 1774 358 1847 suseeptam
385 1787 405 1829 a
433 1771 497 1832 ileo
523 1774 670 1831 naturam
699 1770 882 1844 humanam,
935 1772 1021 1832 dum.
1052 1771 1210 1831 Nimirum
1241 1762 1389 1849 impurus
1410 1769 1616 1832 heresiarcha
1642 1789 1708 1832 non

121 1876 205 1939 quam
230 1867 412 1941 meoeptnm
435 1862 595 1923 hominem
618 1862 733 1924 dicere.
748 1883 764 1921 s
782 1864 886 1937 Quan-
934 1862 1111 1943 patiebatur
1124 1862 1211 1923 Patri
1224 1862 1367 1923 subnecti
1380 1862 1546 1937 Christum,
1562 1863 1626 1924 sive
1639 1881 1709 1946 per·

121 1968 205 2030 mam
220 1952 518 2032 baudpauoietism
538 1955 598 2015 hoe
623 1955 771 2034 loquendi
790 1955 884 2016 modo
934 1973 1044 2017 sonam
1067 1956 1165 2032 iiiam,
1180 1971 1251 2034 quaa
1278 1955 1359 2015 Deus
1383 1954 1498 2033 pariter
1521 1960 1600 2016 esset
1615 1961 1708 2036 atque

122 2045 245 2105 sontusi
260 2048 318 2107 :ut
331 2052 439 2125 postea
460 2046 624 2109 constabit.
651 2047 780 2109 Interim
803 2049 884 2108 Pru·
934 2048 1039 2108 homo.
1060 2046 1302 2120 «Quamobrem
1327 2047 1632 2123 anathematisamus,
1662 2049 1709 2110 in-

122 2134 279 2197 dentiusin
292 2138 435 2200 medium
447 2139 602 2220 prodibit:
618 2139 673 2220 qui
686 2138 718 2200 iu
731 2138 886 2221 Apelleost
933 2138 1099 2219 mulleos,
1123 2138 1179 2218 qui
1204 2139 1363 2199 bominem
1391 2144 1514 2218 ponunt
1536 2139 1571 2198 in
1595 2138 1709 2201 divinis

124 2228 280 2305 mutes,
932 2230 1077 2292 laudibus
1091 2247 1164 2291 eum
1194 2232 1269 2307 Deo,
1298 2236 1330 2292 et
1358 2229 1433 2290 Filio
1457 2236 1530 2292 ante
1557 2231 1709 2311 Spiritum

932 2329 1084 2384 sanctum.
1102 2322 1270 2385 Hominem
1291 2340 1366 2384 vero
1391 2328 1492 2384 toturn
1513 2328 1708 2404 assumptum

131 2414 259 2477 sTotum
277 2415 439 2479 hominem
457 2415 537 2477 Deru
551 2417 692 2490 assumit,
709 2417 784 2496 quia
800 2422 884 2479 totus
933 2416 1028 2476 sileo
1042 2417 1082 2476 ed
1096 2415 1230 2477 salutern
1255 2415 1386 2476 dumus
1409 2433 1474 2476 esse
1496 2432 1706 2494 unumquem-

667 2508 798 2589 [abipso
812 2514 881 2571 est:
934 2526 996 2587 que
1019 2513 1172 2583 nostrum,
1198 2507 1255 2588 qui
1275 2507 1456 2569 sanetifiasti
1483 2524 1630 2569 sumus.»
1655 2509 1709 2570 Aa·

123 2597 261 2660 Ettotum
274 2599 413 2678 redimit,
425 2614 520 2680 quem
533 2605 715 2680 sumpserat.
735 2621 748 2658 ν
934 2606 1096 2680 sumptum
1109 2600 1205 2678 igitur
1227 2600 1387 2661 bominem
1401 2617 1465 2661 esse
1479 2600 1540 2661 diei
1552 2618 1617 2663 non
1632 2600 1709 2663 iare-

934 2691 989 2753 bat
1002 2692 1197 2772 Apollinaris,
1208 2691 1293 2771 quod
1304 2711 1341 2754 ea
1353 2692 1508 2755 inustione
1518 2694 1612 2754 homo
1622 2694 1707 2773 quis-

123 2782 156 2842 iit
176 2782 400 2863 Augustinus&
424 2803 440 2842 s
469 2783 598 2845 bomine
624 2790 795 2865 assumpto,
820 2803 885 2847 non
935 2784 1020 2864 piam
1034 2785 1159 2864 evulgo
1173 2784 1375 2864 signifioetur.

122 2874 177 2934 ileo
191 2882 387 2956 oonsumpto,
408 2896 425 2935 a
443 2880 606 2956 peractum
625 2878 684 2938 boe
700 2876 885 2955 mysterium
973 2878 1090 2938 Verum
1115 2877 1264 2955 Eulogius
1289 2876 1517 2938 Alexandrinus
1531 2877 1614 2956 apud
1630 2879 1707 2939 Pbo-

124 2966 223 3029 ambit.
238 2967 424 3030 Ambrosius
438 2986 562 3048 quoque
576 2966 703 3030 hominis
724 2970 883 3050 reemptio·
932 2969 1014 3029 tium
1039 2970 1187 3049 praeclare
1211 2968 1442 3044 animadvertit,
1472 2987 1608 3048 quanam
1637 2988 1708 3032 oau-

123 3076 177 3118 sem
190 3060 277 3133 dixit,
307 3065 345 3121 ut
357 3065 391 3121 et
414 3060 555 3141 corporis.
580 3060 631 3122 Sie-
652 3061 794 3122 Justinus
806 3062 886 3122 biar-
932 3061 1028 3135 tione,
1047 3063 1124 3123 eitra
1147 3061 1345 3142 dispendium
1370 3061 1527 3123 natholiae
1546 3060 1630 3138 fidei,
1646 3080 1708 3125 vox

125 3160 166 3229 tyr
182 3151 213 3213 in
237 3152 322 3213 asiae
347 3151 529 3214 Pureeett'ri
548 3151 588 3213 ad
611 3161 720 3232 peotes,
746 3152 884 3213 Verbum
933 3152 985 3214 illa
998 3153 1039 3215 ab
1064 3154 1179 3231 Gyrilio
1193 3154 1267 3215 alies
1281 3154 1455 3234 repudiata,
1476 3153 1552 3215 alias
1570 3154 1707 3218 adbibita

125 3243 367 3326 Deiosssmpss'me
380 3241 523 3305 hommem
537 3244 591 3304 ait.
611 3263 623 3301 s
641 3243 699 3318 Qui
710 3261 782 3305 eum
792 3251 883 3320 asset,
932 3243 1037 3309 trent.
1063 3247 1143 3307 Nam
1161 3246 1194 3307 in
1222 3245 1302 3307 libro
1333 3245 1545 3307 suenorum
1573 3247 1704 3327 seripsit,

125 3336 222 3415 inquit,
238 3337 296 3399 Dei
311 3336 451 3397 Verbum
464 3337 578 3397 uirtute
595 3335 811 3416 inseparabile,
825 3336 884 3398 ho·
937 3336 1112 3398 ulllvinum
1137 3338 1277 3399 Verbum
1290 3356 1347 3418 pro
1361 3337 1581 3399 nobistantum
1602 3339 1705 3401 Ponti·

125 3428 226 3489 nmen
238 3429 419 3509 assumpsit,
433 3427 485 3509 qui
502 3428 542 3490 ad
555 3427 735 3508 imaginem,
749 3432 781 3490 et
795 3429 884 3490 simi·
932 3428 1034 3502 iioem,
1058 3428 1144 3490 velut
1168 3428 1299 3491 talarem
1318 3429 1488 3508 quamdam
1513 3435 1632 3492 vestem
1654 3448 1703 3493 ss·

126 3517 275 3583 titudinem
290 3519 583 3583 Deiiiotusestim*
932 3521 1099 3600 sumpsisse
1133 3520 1293 3582 hominem
1326 3539 1365 3581 ea
1399 3522 1507 3598 Maria,
1530 3522 1594 3585 siva
1626 3527 1704 3585 tem·

159 3613 211 3674 ili.
224 3614 361 3693 Egregie
386 3613 424 3675 de
446 3613 590 3675 venabuli
612 3626 655 3691 της
670 3620 811 3694 ἀναλήψεως
825 3631 884 3674 usu
933 3613 1076 3691 plume»
1093 3615 1135 3672 At
1147 3613 1181 3673 in
1199 3614 1301 3692 priore
1314 3612 1354 3674 ed
1379 3613 1548 3675 successum
1574 3616 1705 3693 epistola

126 3709 164 3764 est
173 3706 335 3787 Epiphanii
349 3706 523 3767 observatio
536 3705 570 3767 in
586 3704 698 3766 heresi
708 3705 884 3768 Dimcsrits·
934 3705 1076 3767 eamdem
1089 3705 1174 3766 iilam
1183 3723 1292 3767 votem
1302 3706 1489 3786 repudiauit,
1501 3707 1590 3786 eujus
1599 3708 1705 3771 Grata

126 3814 193 3873 rum,
219 3816 285 3878 quo
311 3798 442 3860 numine
472 3796 704 3877 Apollinarirtas
729 3797 881 3877 designat.
933 3797 1027 3877 panio
1053 3800 1126 3859 ante
1149 3798 1313 3859 retulimus
1321 3796 1342 3861 ⁸.
1370 3799 1437 3859 Hoa
1458 3800 1582 3860 veroin
1604 3803 1706 3879 poste·

127 3886 262 3952 liosvero
274 3889 446 3969 redarguit,
461 3890 545 3969 quod
559 3889 619 3950 diei
632 3888 761 3963 nabent,
781 3888 886 3950 «Ver-
935 3891 1016 3952 riore
1036 3891 1105 3953 loeo
1120 3896 1208 3951 notat
1230 3890 1389 3970 Eulogius,
1412 3891 1581 3952 ostendisse
1609 3892 1707 3970 Gyrii·

126 3977 191 4041 bum
215 3981 417 4061 assumpsisse
443 3982 615 4062 perfeetum
643 3981 825 4043 hominem*
843 4002 850 4043 :
869 4003 882 4040 ν
935 3981 1014 4059 ium,
1029 4001 1091 4062 qua
1106 3982 1248 4043 deoausa
1261 3983 1307 4042 uti
1320 3981 1470 4043 vorabulo
1484 3982 1544 4043 isto
1557 3983 1702 4060 noluerit,

128 4075 249 4152 eoquod
261 4074 410 4136 demeris
429 4073 609 4137 bominibus
622 4092 659 4135 ea
672 4092 733 4136 vox
746 4074 780 4134 in
793 4074 887 4135 moris
936 4092 1007 4136 eum
1020 4074 1159 4151 addidit3
1177 4097 1190 4133 s
1208 4074 1472 4155 quemadmodum
1496 4074 1639 4136 Nestoris
1660 4078 1706 4138 vi·

129 4164 235 4227 litteris
260 4170 454 4247 usurpetur:
480 4172 516 4228 ut
539 4173 586 4228 est
611 4166 699 4243 illud,
729 4166 887 4248 surripiens
936 4167 1064 4228 detur.»

129 4267 278 4321 numeros
308 4259 453 4321 Dominus
461 4258 484 4321 ⁸.
513 4260 574 4321 Sed
596 4259 732 4321 ooaurrit
756 4259 888 4339 Epipba·
976 4258 1094 4339 Nempe
1107 4257 1280 4320 verendum
1294 4276 1372 4334 esse,
1385 4259 1707 4341 nequissioassump·

158 4451 176 4490 a
192 4439 278 4493 Hebr.
294 4453 325 4501 11,
339 4436 386 4493 ld.
401 4437 436 4492 Οὐ
449 4436 496 4511 γὰρ
511 4440 589 4506 δήπου
613 4435 736 4510 Ἀγγίλων
752 4435 887 4509 ἐπιλαρὸά-
935 4438 1058 4510 σωτηρίαν
1073 4436 1235 4509 ἀποκρούεται
1248 4443 1333 4503 τινῶν,
1345 4437 1421 4507 potos
1436 4435 1546 4509 ἐμποιῶν
1559 4439 1601 4493 καὶ
1613 4438 1705 4513 λέγων’

128 4533 193 4571 seut·
207 4520 273 4574 δλλᾶ
286 4521 427 4593 πίρρατος
439 4520 550 4594 Ἀὁριὰρ
561 4520 761 4593 {teleptinensis
936 4522 974 4575 ὅτι
983 4520 1011 4574 οὔ
1023 4521 1165 4576 batallum
1176 4520 1303 4591 ἄνθρωπον
1316 4518 1469 4592 ἄνοιληρίναν
1482 4521 1573 4594 lipare.
1670 4550 1675 4559 =

160 4600 176 4655 ί
198 4602 268 4659 iuss.
292 4601 343 4665 'Os
362 4608 407 4658 rot
427 4604 482 4658 drot
505 4603 623 4675 ὑπάρχων
650 4604 726 4675 λόγος
749 4602 887 4676 ἀχείρωτος
970 4603 1079 4661 stibio.
1102 4602 1227 4661 'truste
1241 4605 1256 4672 ᾖ
1272 4602 1385 4671 Masi
1404 4603 1559 4660 ἀνωλίααιο
1573 4604 1607 4669 οἷς
1620 4605 1707 4669 leurdo

131 4681 229 4755 ἴονίμα,
253 4686 295 4739 τὸν
316 4685 372 4740 κατ’
390 4685 481 4751 εἰκόνα,
495 4688 534 4739 καὶ
549 4686 667 4757 ipsiusne
681 4686 737 4740 θεοῦ
750 4686 888 4747 αλοαίίντα
934 4686 979 4755 τὴν
990 4686 1052 4741 ἰδίαν
1068 4685 1257 4759 ἔνανθρώπηοιν.

131 4761 248 4823 beabo
263 4769 401 4841 ἄνθρωπον,
414 4775 468 4829 sto.
970 4770 1104 4826 abusos.
1120 4770 1194 4841 spud
1215 4769 1292 4826 Pbot.
1314 4770 1375 4827 ood.
1398 4788 1483 4827 caux
1509 4788 1547 4829 soe
1567 4774 1632 4844 (ips.
1657 4772 1706 4828 ibo

160 4864 175 4904 t
190 4850 282 4909 Esus.
305 4852 375 4910 butt.
400 4868 501 4917 ulvis,
516 4849 532 4926 ἔ
547 4851 593 4910 ie.
616 4852 715 4907 Τνλείαν
729 4850 758 4905 ot
773 4852 887 4924 βοίλνταν
935 4852 1001 4907 θιῖον
1014 4853 1090 4924 λόγον
1109 4853 1169 4926 ten
1180 4854 1252 4926 ἡμῶν
1268 4853 1383 4929 ἆρχιιρία
1397 4857 1527 4928 γεγονότα,
1552 4856 1636 4929 ὥσπερ
1651 4856 1707 4912 τινὰ

131 4926 201 5001 lipsa
213 4932 257 5002 tipo
277 4934 396 5009 ἔνοαρκον
409 4937 513 5008 Χριστοῦ
534 4935 680 5008 ααρονοίαν.
701 4933 767 4990 ἀλλὰ
786 4934 827 4991 καί
842 4934 886 5003 τὴν
935 4936 1041 5008 ποδήρη,
1055 4935 1099 4991 τὸν
1113 4934 1141 4991 ts
1153 4937 1250 5011 Μαρίας
1262 4937 1399 5011 ἄνθρωπον,
1412 4939 1429 5007 ἢ
1440 4938 1483 4994 τὸν
1497 4937 1704 4995 adsumme.

160 5103 228 5159 'iti
248 5105 277 5158 t·
294 5107 339 5160 hu
355 5105 472 5160 mouens
488 5105 540 5159 dis
560 5104 620 5159 ines
643 5103 686 5159 lib.
705 5103 744 5167 ii,
758 5118 782 5159 s.
801 5114 821 5166 t.
833 5101 846 5172 Ι
860 5104 886 5159 θ.
936 5119 1000 5173 seqq.
1022 5110 1045 5158 st
1066 5107 1201 5161 Βοίίανίοίοα
1222 5109 1484 5173 nummos
1496 5122 1566 5163 suas·
1580 5111 1706 5167 laam

134 5174 221 5233 &stult
247 5181 312 5235 sliam
336 5180 461 5247 iosepbum
492 5179 649 5231 Bianobiniun
670 5179 700 5230 V.
727 5178 754 5231 G.
773 5179 839 5245 pret.
863 5178 888 5228 iu
936 5182 1073 5246 distertii,
1091 5198 1143 5250 οιρ.
1159 5195 1199 5238 m.
1541 5183 1568 5238 i.
1583 5187 1612 5239 Α.
1626 5185 1654 5239 2.

12 5322 13 5339 .
134 5250 307 5309 tunsum
323 5255 599 5310 Pseudo-Attenuatum
614 5257 642 5307 ἑο
658 5253 801 5319 spatiolum
814 5270 838 5321 p.
855 5254 887 5305 13

157 5416 267 5463 ilsnst.
279 5427 329 5472 tom,
345 5421 381 5472 tv,
396 5419 452 5464 biit.
464 5438 492 5452 -
504 5419 519 5463 i
533 5420 590 5473 aug.
601 5416 617 5463 ii
649 5419 676 5463 ds
691 5419 755 5464 diste
768 5430 817 5474 esp.
829 5428 856 5465 n.
865 5432 894 5455 ι-
903 5420 919 5464 a
929 5418 1003 5465 intr.
1017 5418 1057 5463 tit.
1073 5417 1090 5459 v
1103 5417 1131 5461 ts
1142 5417 1202 5469 Νι,
1214 5429 1235 5463 ο.
1249 5426 1270 5462 s.
1283 5437 1312 5455 -·
1320 5416 1402 5461 esest
1414 5424 1485 5467 mart,
1509 5414 1531 5459 d.
1544 5436 1573 5450 -
1584 5415 1599 5461 t
1611 5417 1705 5477 ipsisg,

137 5479 187 5530 'sti
200 5479 273 5527 iaetu
281 5488 309 5527 to.
322 5483 359 5535 tv,
370 5494 412 5539 par
435 5481 460 5531 ii,
473 5480 558 5526 bibliot.
571 5480 610 5525 ΡΡ.
624 5480 667 5525 eoi.
678 5479 796 5526 tuat-t
807 5480 853 5536 §⁷-
