4122 6248
305 304 388 419 'aro
577 303 585 316 ·
834 348 1159 414 THEOLOGlCORUM
1180 348 1398 411 DOGMATUM

329 525 424 582 tatem
445 519 554 582 matris
568 538 632 581 non
646 520 768 592 solvite,
784 525 842 580 etc.
864 517 1006 580 Nascitur
1023 533 1097 594 ergo
1149 520 1214 575 tam
1228 515 1338 589 luisse,
1360 519 1392 575 et
1409 512 1571 592 conjungi,
1586 529 1701 572 vacuus
1715 510 1754 572 sit
1768 513 1912 589 praestan·

329 613 509 692 unigenitus
522 612 576 673 Dei
587 611 679 688 filius,
692 612 747 690 qni
759 617 790 671 et
799 619 883 690 λόγος,
894 609 927 669 id
939 615 984 669 est
993 626 1098 679 οονιιιο,
1148 607 1357 681 θονοοθθοίιι;
1373 606 1422 666 vel
1431 606 1535 685 potins
1547 604 1702 666 contrario
1714 603 1909 681 repleaturn

329 705 379 765 vel
391 706 481 776 ratio,
498 704 621 766 dicitnr.
639 705 709 765 Non
723 703 806 783 qnod
821 701 963 765 Verbum
975 699 1099 760 initium
1150 698 1197 759 Ibi
1211 704 1258 759 est
1271 707 1447 773 συνάπτεσθαι,
1461 717 1518 778 pro
1532 716 1593 776 quo
1608 704 1792 777 ουρπεπλάοόαι
1806 692 1916 772 legerit
1940 696 2052 800 Ἥ

330 795 480 857 existendi
507 813 544 856 ex
565 800 656 874 partu
682 795 814 875 ceperit,
844 794 896 855 sed
922 791 1005 872 qnod
1034 790 1100 868 ejus
1150 791 1306 851 Rusticus.
1328 791 1480 851 Caetenrm
1496 790 1610 850 idcirco
1625 789 1711 849 locus
1725 806 1743 848 a
1756 785 1845 847 nobis
1858 785 1916 845 iste
1977 808 2052 855 nn}

330 888 518 968 quodhomo
531 894 587 964 est,
598 888 722 949 initium
732 887 830 949 enillo
841 886 948 948 eodem
958 882 1102 946 habuerit
1150 890 1196 944 est
1209 883 1378 958 adductus,
1398 889 1434 943 ut
1447 883 1631 957 ostenderet,
1654 879 1917 960 quemadmodum

330 986 434 1060 partu.
453 981 527 1042 Erat
540 980 624 1041 enim
634 980 700 1058 jam
715 986 786 1041 ante
800 979 912 1040 saecnla
931 980 1010 1038 [lens
1023 976 1100 1035 Ver·
1150 975 1289 1037 Verbum
1308 975 1412 1053 ipsum
1434 975 1572 1036 humana
1585 974 1785 1054 generatione
1799 969 1916 1052 fictum,

330 1073 408 1134 bum
422 1073 504 1134 Patri
518 1091 575 1133 suo
594 1078 802 1133 coeternum:
818 1076 982 1152 postquam
996 1073 1102 1129 autem
1151 1074 1182 1130 et
1193 1067 1370 1143 plasmatum
1384 1087 1448 1129 una
1462 1086 1536 1129 cum
1549 1085 1642 1128 carne
1655 1065 1777 1127 dicitur.

331 1166 426 1226 homo
438 1165 506 1226 fieri
517 1169 643 1245 propter
656 1165 798 1226 homines
809 1163 918 1240 voluit,
929 1182 993 1222 non
1003 1166 1103 1222 muta·
1191 1160 1293 1221 V.Hic
1303 1159 1411 1221 Hilarii
1418 1160 1629 1239 nobisopponi
1636 1155 1786 1219 sententia
1791 1154 1918 1236 pause,
1969 1143 2039 1241 iffi?
2051 1156 2052 1227 j

287 1256 289 1260 '
332 1258 416 1319 tione
431 1257 545 1319 divinae
559 1263 687 1329 naturae,
704 1256 757 1317 sed
773 1255 932 1330 miraculo,
948 1260 978 1315 et
990 1253 1101 1313 vulun-
1152 1253 1206 1332 qui
1217 1251 1337 1313 decimo
1349 1252 1429 1313 libro
1441 1270 1555 1331 negare
1565 1251 1698 1323 videtur,
1713 1250 1842 1310 Mariam
1856 1266 1922 1308 cor-
1946 1250 2052 1350 γῶιξνγζ

332 1355 395 1410 tute
430 1351 497 1424 Dei,
528 1355 679 1429 tanquam
712 1348 838 1410 initium
870 1366 934 1409 sese
967 1344 1104 1407 hominis
1151 1344 1222 1425 pori
1244 1344 1355 1405 Christi
1380 1345 1533 1417 originem
1558 1343 1687 1406 dedisse.
1702 1364 1718 1400 r
1731 1342 1800 1402 Non
1813 1358 1921 1414 emm,
1970 1358 2027 1421 ‚un

333 1441 476 1515 faciendi,
491 1447 617 1521 partum
630 1440 752 1520 elegitl.
769 1462 783 1499 ο
1153 1438 1207 1514 ait,
1224 1456 1262 1498 ex
1275 1455 1307 1498 se
1322 1437 1441 1517 corpori
1454 1437 1550 1499 Maria
1563 1437 1716 1516 originem
1729 1435 1831 1495 dedit:
1851 1433 1926 1494 licet
1955 1413 2052 1487 dm}

184 1549 283 1606 οεοςοεν
374 1534 424 1594 IV.
454 1534 602 1595 Rusticus
641 1534 791 1594 diaconus
823 1532 856 1593 in
895 1532 1105 1611 disputatione
1154 1531 1192 1590 ad
1219 1530 1427 1607 incrementa,
1455 1535 1642 1610 partumque
1669 1527 1805 1607 corporis
1830 1543 1926 1586 omne
2051 1524 2052 1535 ³

162 1604 297 1704 ⁸¹¹ssss¹ffi
334 1634 436 1687 contro
446 1625 613 1706 Acapbalos.
623 1626 727 1687 locum
741 1626 907 1705 quemdam
915 1643 953 1685 ex
967 1623 1106 1703 Gregorii
1155 1623 1239 1701 quod
1252 1641 1343 1684 sexus
1357 1623 1405 1684 sni
1421 1621 1562 1684 naturale
1581 1627 1628 1683 est
1644 1619 1818 1682 contulerit.
1835 1617 1926 1692 Quod

172 1713 300 1758 ¹¹¹¹¹⁸V¹i¹¹t
335 1716 518 1778 Nazianzeni
557 1717 685 1797 epismla
719 1716 822 1797 priore
858 1715 898 1777 od
936 1713 1105 1780 Cledom'um
1155 1733 1230 1775 vero
1245 1714 1382 1776 hominis
1395 1715 1478 1775 filius
1497 1720 1560 1791 est,
1583 1720 1730 1793 suscepte
1745 1712 1779 1772 in
1795 1710 1927 1789 Virgine

9 1778 12 1899 i
164 1770 303 1876 aperitin.
336 1809 445 1885 effert;
476 1827 538 1888 quo
566 1810 600 1869 in
630 1810 697 1871 loco
728 1808 903 1869 «Verbum
934 1809 978 1868 ait
1003 1808 1106 1887 ipsum
1156 1808 1256 1868 carnis
1281 1813 1327 1869 cst
1346 1814 1464 1886 partus.
1489 1828 1505 1865 ο
1532 1808 1575 1867 De
1597 1806 1744 1867 hocloco
1767 1801 1929 1882 digladiati

336 1901 507 1963 secundum
526 1901 732 1962 substantiam
746 1901 947 1980 conjunctum
968 1906 1000 1961 et
1018 1917 1105 1960 oom-
1156 1904 1229 1960 snnt
1243 1900 1325 1961 inter
1339 1918 1370 1960 se
1389 1899 1554 1978 Philippus
1568 1898 1662 1959 abbas
1675 1898 1768 1958 Bonae
1781 1893 1880 1976 Spei,
1896 1901 1930 1955 et

337 1994 523 2075 plasmatum
533 2012 622 2055 esse»
640 1993 737 2054 carni.
752 1993 803 2053 Sic
816 1992 899 2054 enim
912 1990 1107 2072 eerephali
1156 1994 1293 2054 loannes
1307 1992 1435 2072 qnidam
1460 1992 1657 2071 prepositus:
1682 2006 1754 2051 cum
1776 1988 1814 2049 ad
1840 1988 1928 2048 hunc

337 2105 469 2168 persona
489 2086 628 2166 Gregorii
649 2085 743 2147 verba
763 2087 927 2166 proponit:
951 2104 964 2141 ι
988 2085 1021 2145 Si
1039 2083 1108 2163 quis
1155 2084 1208 2145 ille
1218 2084 1327 2145 Hilarii
1335 2084 1462 2161 librum,
1477 2083 1530 2145 sed
1542 2083 1619 2144 falso
1628 2082 1787 2144 Athanasii
1799 2081 1929 2140 nomine

338 2179 429 2255 dicit,
445 2185 594 2258 tanquam
615 2180 645 2239 in
663 2178 835 2257 Propheta,
852 2177 1022 2239 secundum
1036 2195 1106 2255 gra·
1157 2174 1340 2256 inscriptum
1364 2177 1507 2238 misisset.
1537 2176 1631 2255 Cujus
1651 2193 1723 2236 cum
1743 2175 1880 2234 ioannes
1893 2173 1930 2233 in

337 2272 413 2333 tiam
427 2271 643 2352 inoperatum,
658 2277 689 2332 et
701 2290 765 2331 non
780 2271 951 2331 secundum
964 2269 1107 2330 substan·
1157 2268 1230 2330 libri
1243 2268 1355 2330 decimi
1367 2269 1470 2330 locum
1488 2268 1577 2329 illum
1592 2267 1760 2339 incidisset,
1776 2285 1813 2328 eo
1826 2266 1930 2326 olien-

337 2363 413 2424 tiam
424 2364 636 2443 conjunctum,
649 2368 679 2425 et
689 2362 945 2443 complasmatum
954 2361 1105 2437 Verbum,
1159 2360 1434 2430 sns,'Athanasium
1446 2360 1539 2423 istum
1554 2378 1625 2421 curn
1635 2359 1793 2420 stomacho
1807 2357 1928 2437 rejecit:

339 2456 379 2516 sit
392 2474 508 2516 vacuus
533 2456 671 2517 melioris
695 2456 898 2536 operationis3
921 2454 1020 2533 magis
1034 2472 1108 2515 vero
1159 2459 1191 2513 et
1207 2453 1336 2532 indiguo
1356 2453 1456 2530 elogio
1475 2458 1670 2534 prosecutus,
1683 2451 1888 2533 pertinaciter,
1904 2458 1930 2511 et

338 2548 449 2627 plenus
458 2546 636 2609 adversae.»
653 2549 741 2622 Quod
751 2548 834 2609 idem
847 2547 994 2608 Rusticus
1004 2552 1109 2625 postea
1160 2543 1340 2606 mendaciter
1349 2544 1513 2627 proedieori
1526 2545 1585 2606 ista
1598 2545 1685 2606 dixit.
1701 2545 1756 2605 Cui
1767 2543 1932 2623 Philippus
2051 2564 2052 2577 ¹

339 2639 383 2700 sio
396 2638 544 2719 explicat:
576 2640 679 2713 «Quia
699 2640 794 2719 igitur
813 2640 965 2720 plasmata
985 2638 1110 2719 quidem
1159 2637 1366 2718 respondens,
1403 2637 1578 2711 Athanasii,
1608 2637 1658 2698 vel
1684 2655 1793 2698 revera
1821 2635 1933 2697 Hilarii

339 2735 385 2792 est
398 2749 481 2807 caro,
498 2749 562 2791 non
575 2730 671 2791 deitas
683 2732 778 2792 Verbi
792 2732 979 2811 sempiterna
997 2730 1112 2811 persis·
1159 2730 1279 2809 potius,
1302 2729 1398 2791 verba
1420 2730 1465 2790 sic
1487 2731 1719 2811 interpretatur,
1746 2734 1782 2789 ut
1794 2747 1812 2790 e
1825 2728 1931 2789 Marito

338 2828 427 2884 tens:
449 2828 516 2884 erat
533 2841 607 2884 vcro
621 2823 869 2903 inseparabiliter
884 2824 971 2884 carni
985 2823 1111 2883 unitum
1161 2821 1329 2882 substantia
1366 2841 1430 2882 non
1470 2828 1562 2900 neget
1599 2841 1710 2902 corpus
1748 2840 1822 2883 rere
1865 2838 1932 2881 esse

340 2916 395 2977 Dei
409 2915 567 2992 Verbum,
591 2934 638 2991 ea,
661 2935 731 2996 quae
754 2916 879 2997 propria
901 2915 1002 2977 rarius
1026 2919 1109 2991 sunt,
1161 2913 1370 2994 desumptum,
1396 2915 1450 2975 sed
1476 2914 1625 2990 originale
1647 2914 1865 2976 tantummodo
1886 2913 1932 2973 ri-

341 3008 466 3088 propria
496 3006 629 3085 faciens,
665 3008 869 3088 dispensative
896 3006 1113 3085 complasmari
1161 3007 1251 3067 tium.
1276 3027 1292 3064 ι(
1302 3006 1389 3079 Quod
1399 3007 1513 3067 scilicet
1526 3023 1640 3087 corpus
1650 3007 1776 3082 Christi,
1792 3005 1934 3086 quamvis

341 3099 453 3160 dicitur
464 3116 567 3175 carne,
580 3104 615 3158 ut
626 3100 758 3180 propriae
769 3100 872 3160 carnis
885 3099 1114 3179 impassibiliter
1162 3102 1270 3159 nostro
1276 3097 1934 3175 similenaturaliterhabeatur,anostrorum

341 3191 519 3270 significans
539 3191 787 3270 plasmationem.
812 3192 898 3252 Sicut
911 3192 996 3252 enim
1010 3191 1113 3269 genita
1163 3194 1268 3250 tamen
1283 3191 1425 3269 contagio
1439 3190 1588 3251 vitiorum
1612 3191 1791 3251 nullatenus
1808 3191 1934 3252 inchoa-

342 3302 381 3343 er
391 3283 519 3362 Virgine
529 3290 720 3345 sacrosancta
730 3284 796 3362 ejus
806 3302 911 3357 carne,
927 3283 991 3362 ipse
1002 3283 1114 3343 dicitnr
1163 3283 1227 3342 tur.
1254 3303 1269 3339 ι)
1287 3282 1385 3355 Quem
1414 3282 1447 3342 in
1477 3300 1603 3343 sensum
1630 3283 1845 3344 accommodat
1869 3282 1934 3355 illa,

342 3375 484 3453 genitus,
501 3373 554 3454 qui
570 3375 737 3448 omnibns,
752 3377 791 3435 ad
806 3374 838 3435 id
849 3381 885 3435 ut
898 3375 975 3451 sint,
991 3379 1116 3453 praestat
1165 3391 1235 3453 quae
1247 3373 1364 3434 ibidem
1378 3375 1510 3454 pertexit
1528 3374 1674 3449 Hilarius,
1696 3395 1788 3436 cnon
1804 3374 1936 3437 terrenis

343 3468 493 3545 genesim,
510 3467 552 3527 sic
563 3467 714 3545 plasmata
728 3467 794 3546 ejus
809 3485 913 3539 carne,
927 3466 992 3545 ipse
1002 3465 1116 3527 dicitnr
1165 3467 1347 3527 inchoatum
1360 3485 1471 3547 corpus
1485 3468 1663 3529 elementis:
1682 3490 1697 3527 ο
1713 3468 1803 3547 quasi
1822 3477 1937 3529 terreris

344 3558 601 3637 complasmatus,
627 3564 662 3618 ut
682 3560 715 3618 in
742 3559 934 3638 ecquidem,
951 3559 1034 3636 quod
1051 3563 1114 3634 est,
1165 3556 1305 3620 elementa
1327 3559 1388 3618 sint
1410 3558 1494 3621 idem
1520 3578 1556 3621 ac
1582 3560 1704 3636 citiore,
1731 3561 1814 3639 quod
1833 3582 1848 3616 ο
1862 3559 1937 3621 vitia

344 3655 543 3711 conservetur
569 3651 648 3710 ratio
676 3656 878 3712 naturarum:
905 3649 939 3710 in
966 3669 1003 3711 eo
1027 3669 1114 3727 vero,
1165 3648 1302 3730 ipsorum
1319 3669 1486 3731 corporum
1499 3651 1561 3712 sint
1576 3653 1720 3731 quaedam
1734 3651 1841 3713 initia:
1865 3652 1937 3732 quia

345 3743 429 3823 quod
447 3747 494 3804 est
515 3743 685 3822 plasmatus
701 3743 795 3823 (quod
813 3744 889 3804 dum
903 3742 1064 3822 proprium
1078 3743 1117 3803 sit
1166 3748 1235 3821 post
1249 3748 1409 3822 peccatum
1421 3744 1508 3818 Aac,
1525 3745 1583 3805 uisi
1598 3751 1742 3824 parentes
1755 3746 1853 3806 nostri
1862 3763 1934 3806 con-
2051 3796 2052 3823 ,

344 3835 446 3915 primo
458 3834 525 3895 loco
539 3835 759 3911 humanitatis,
773 3835 886 3895 dicitur
899 3839 1005 3894 tamen
1021 3835 1117 3895 etiam
1166 3834 1362 3914 cupiscentiae
1375 3835 1456 3896 vitiis
1470 3841 1654 3912 aestuarent3
1667 3837 1786 3898 nullam
1801 3837 1936 3917 prolecto
2051 3828 2052 3831 '

344 3926 383 3987 de
398 3927 460 3986 Deo
468 3925 583 4005 Verbo)
595 3927 749 3987 unitionis
763 3928 891 3987 omnino
906 3925 1119 4005 inseparabilis
1167 3926 1304 3987 sobolem
1319 3927 1482 3988 carnaliter
1491 3933 1713 4007 generarentu

346 4018 448 4079 unitas
460 4019 661 4079 custodietur.
679 4039 694 4076 ο
1209 4019 1281 4079 llaec
1307 4018 1416 4079 Hilarii
1439 4019 1652 4099 interpretatio
1680 4019 1850 4098 probabilis
1873 4039 1937 4081 non
2051 4080 2052 4089 ,

385 4111 506 4172 Verum
518 4110 552 4169 in
565 4112 671 4171 Groeco
685 4108 869 4170 Nazianzeni
881 4108 1019 4188 Gregorii
1030 4108 1119 4171 aliter
1169 4116 1224 4178 est,
1236 4116 1271 4171 ut
1285 4116 1366 4171 recte
1375 4112 1468 4173 sentit
1478 4112 1652 4188 Hunaldus,
1667 4113 1701 4172 in
1713 4113 1853 4193 epistola,
1867 4130 1937 4193 quae
2051 4096 2052 4143 ό

345 4203 459 4281 legitur
478 4218 572 4281 qnam
591 4202 733 4262 Rusticus
752 4202 862 4278 refert,
883 4220 941 4261 neo
964 4186 1011 4261 ebt
1027 4202 1117 4281 quid·
1169 4203 1250 4264 inter
1270 4203 1402 4283 Philippi
1418 4204 1561 4283 epistolas
1573 4211 1729 4285 postrema
1750 4205 1936 4266 collocatur:
2051 4194 2052 4207 .

346 4312 452 4375 quam,
469 4294 520 4353 cni
535 4292 742 4373 complanasti
756 4312 816 4354 vox
831 4293 1035 4373 respondeat:
1054 4315 1066 4350 ν
1085 4294 1115 4355 Si
1169 4296 1208 4356 ad
1232 4297 1386 4356 loannem
1415 4297 1614 4375 prepositum
1651 4297 1781 4377 scripta,
1811 4296 1844 4357 in
1877 4315 1939 4376 qna

347 4387 429 4466 quis,
441 4386 553 4464 iuquit,
574 4386 768 4447 divinitatem
779 4386 813 4446 in
828 4405 877 4463 eo,
893 4385 978 4447 velut
993 4385 1026 4445 in
1040 4386 1118 4447 Pro·
1169 4388 1255 4448 velut
1263 4388 1378 4449 arbiter
1387 4388 1582 4462 honorarius,
1598 4388 1839 4450 controversiam
1851 4390 1938 4449 illam

346 4479 450 4557 pheta,
466 4497 522 4557 pcr
546 4479 677 4556 gratiam
698 4485 857 4559 operatam
877 4477 971 4539 fuisse
995 4478 1118 4555 dixerit,
1169 4481 1350 4554 dirimitur
1370 4498 1428 4541 nec
1449 4480 1613 4558 Hilarium,
1636 4480 1697 4557 vel,
1718 4486 1753 4541 ut
1772 4481 1823 4541 isti
1844 4488 1937 4561 puta-
2051 4516 2052 4539 t

347 4589 413 4631 non
427 4576 533 4631 autem
554 4570 725 4631 secundum
747 4570 952 4632 substantiam
977 4570 1120 4648 conjunc·
1168 4572 1254 4651 bant,
1265 4572 1478 4645 Athanasium,
1490 4571 1749 4650 errassejudicat:
1765 4591 1823 4635 nec
1831 4580 1939 4635 tamen

385 4785 407 4824 tt
424 4769 534 4826 Tenon.
552 4764 580 4821 ln
592 4767 628 4823 lll
643 4783 700 4838 par.
714 4769 799 4824 Cone.
813 4763 883 4837 Eph.
903 4759 973 4828 Εἶδες
987 4763 1029 4818 τόν
1043 4765 1118 4835 λόγον
1170 4766 1202 4820 δι’
1225 4768 1366 4842 ἀνθρώπους
1390 4770 1517 4840 ἠθέλησεν,
1537 4768 1566 4825 οὔ
1581 4770 1704 4843 peccioli]
1726 4768 1808 4835 θεῖοιῆς
1832 4766 1936 4838 ᾳόοιως,

348 4853 409 4924 ὑπὲρ
423 4851 550 4921 τὸνλόγον
564 4852 718 4923 τικτόμενον.
728 4852 766 4904 ότι
775 4850 822 4922 γάρ
838 4847 902 4903 ἔστιν
914 4848 928 4902 ό
938 4848 1032 4921 τεχθεὶς
1044 4848 1120 4919 λόγος
1169 4851 1234 4905 ἀλλὰ
1248 4852 1363 4925 turipum,
1378 4855 1418 4907 καθ
1436 4855 1532 4924 θελήσει
1548 4854 1615 4920 θεοῦ,
1630 4854 1665 4916 ὣς
1679 4851 1757 4924 ἀρχὴν
1769 4844 1814 4905 τοῦ
1827 4852 1938 4923 γενέσθαι

349 4938 416 5002 θεοῦ,
429 4936 505 5003 δῆλον
520 4932 544 4996 ἐξ
554 4929 588 4986 ὧν
599 4934 642 5002 τὴν
656 4935 784 5007 παρθενίαν
800 4932 844 4987 οὖκ
867 4932 961 4986 ἔλυσεν.
1169 4936 1438 5007 saepenominatam
1452 4938 1591 5007 ἠσπάσατο.

385 5020 402 5075 b
420 5018 488 5075 thid.
508 5016 619 5071 Τόκτεται
629 5012 697 5070 οθνό
713 5015 904 5089 μονογενὴςνθός
916 5020 959 5068 τοῦ
973 5015 1038 5077 θεοῦ,
1054 5012 1120 5066 daal
1207 5020 1366 5077 cltum,
1385 5027 1454 5077 opat,
1476 5038 1510 5076 tt.
1532 5019 1564 5074 Εἴ
1586 5040 1622 5083 τις
1636 5021 1671 5083 ὡς
1691 5017 1716 5072 t,
1730 5018 1847 5091 Προφγτῃ
1869 5018 1937 5089 up«

348 5104 432 5175 λόγος,
446 5100 604 5173 καλούμενος.
635 5100 679 5154 οὐκ
692 5100 771 5174 ἀρχὴν
794 5094 838 5153 rou
856 5094 917 5151 εἶναι
937 5098 1012 5170 λόγος
1036 5094 1119 5149 ἔκτοῦ
1169 5100 1230 5154 κατὰ
1245 5104 1317 5176 χάριν
1337 5100 1502 5176 ἐνηργηκέναι,
1520 5102 1633 5174 dilapsi
1652 5100 1707 5156 κατ’
1721 5099 1806 5154 obstet
1820 5100 1939 5171 σονῆγθαό

349 5187 423 5239 τόκον
447 5184 540 5248 λαθὼν,
566 5184 632 5237 ἀλλά
645 5179 689 5237 τοῦ
703 5183 813 5255 γενέσθαι
836 5183 962 5253 ἅνθρωπος
977 5179 1055 5253 ἀρχὴν
1076 5179 1118 5232 τόν
1169 5202 1206 5250 τι,
1221 5185 1261 5238 καὶ
1275 5186 1446 5251 συνάπτεσθαι,
1462 5184 1499 5254 εἴη
1515 5185 1583 5248 κενός
1595 5189 1639 5252 τῆς
1651 5185 1789 5257 κρείττονος
1805 5183 1937 5255 ἐνεργείας,

349 5270 421 5323 τόκον
433 5266 587 5338 ποιούμενος.
608 5263 638 5335 ἦν
657 5267 699 5339 μὲν
723 5265 771 5338 γὰρ
784 5265 845 5337 πρός
859 5264 956 5318 αἰώνιον
978 5264 1032 5325 θεός
1045 5264 1120 5332 λόγος
1170 5269 1265 5338 μαλλον
1278 5267 1304 5322 δὲ
1319 5270 1413 5342 πλήρης
1425 5274 1470 5337 τῆς
1481 5267 1599 5331 ἐναντίας,

349 5357 386 5423 τῷ
399 5351 541 5423 γεννήσαντι
554 5345 685 5412 rotaticos.
712 5346 794 5416 ἐπειδὴ
815 5347 841 5401 at
859 5348 985 5421 όθνρωιιος
1008 5345 1118 5418 γενέσθαι

378 5539 389 5584 l
404 5537 468 5582 Rust.
482 5530 583 5582 hibet
597 5528 665 5574 lllll.
681 5527 735 5578 lt-
747 5529 762 5576 θ
773 5528 833 5579 mu.
845 5528 872 5576 ab
882 5541 916 5587 ep.
931 5538 952 5573 ν.
