4072 6164
576 345 949 412 ulimmerianum,
972 346 1047 407 LIB.
1070 347 1107 420 V,
1134 345 1222 408 CAP.
1245 346 1286 405 ll.
1664 339 1724 403 stt

136 525 196 600 ria,
231 538 297 584 non
328 521 423 603 longo
454 515 615 597 innitente
648 517 758 597 spatia,
789 512 906 593 judicis
955 529 1028 573 rum
1042 512 1182 574 libellum
1193 513 1232 574 ad
1246 511 1406 573 dbicanos
1419 509 1591 588 episcopos,
1604 507 1639 569 in
1654 505 1724 585 qui-

135 616 286 678 leccrunt.
956 604 1015 665 bus
1038 610 1105 665 erat
1130 604 1331 683 Fulgentius:
1357 603 1412 680 qui
1433 588 1575 662 omnium
1596 599 1724 663 nomine

7 718 98 782 naun
179 711 219 771 Ut
245 711 352 768 autem
376 701 556 784 quaestionis
582 706 654 763 ante
678 699 784 762 omnia
810 702 906 758 status
955 697 1123 776 respondit,
1139 696 1283 757 missoad
1297 713 1350 756 eos
1363 690 1721 764 libradclnaonatisnc,

7 774 107 871 'liiii'
136 800 357 872 constituatur,
370 803 447 858 ctut
459 813 530 876 qun
544 812 594 856 res
606 795 641 855 in
653 790 906 871 disceptationem
956 796 985 850 et
997 789 1097 868 pretiis
1112 786 1226 850 Christi
1240 807 1247 848 ε
1264 786 1490 848 animadvertes
1509 783 1597 844 nuilla
1610 800 1645 843 ra
1658 799 1724 843 mo·

7 880 97 977 m
136 895 270 956 adducta
280 892 321 954 sit
332 890 554 968 intelligamus,
562 886 638 948 illud
653 885 790 965 primum
803 879 906 941 notari
954 881 1070 941 nachcs
1081 879 1155 940 istos
1165 878 1282 958 justam
1296 877 1502 958 suspicionem
1512 875 1586 935 dara
1598 873 1723 937 numdi

7 990 106 1084 'ml'
135 987 239 1063 debet,
266 983 429 1065 paululum
454 981 522 1042 hec
548 979 682 1039 distare:
716 983 819 1036 utrum
852 970 908 1052 qui
955 972 1040 1032 illius
1053 973 1176 1033 arruns.
1193 972 1344 1038 Quocirca
1356 968 1620 1030 nihilinillorum
1628 965 1722 1039 beto,

25 1074 76 1155 siu
137 1080 308 1141 incenatus
321 1082 373 1150 est,
387 1092 464 1136 unua
477 1072 542 1133 site
559 1068 713 1144 Trinituts,
727 1068 790 1128 sive
803 1061 906 1124 umde
955 1073 1048 1143 etque
1061 1064 1181 1143 scriptis
1195 1063 1280 1127 aliud
1299 1062 1416 1141 culpes,
1437 1059 1498 1121 nisi
1516 1057 1722 1121 insomnitam

7 1150 112 1243 mis
135 1168 231 1233 tribio
241 1186 365 1252 perrona
380 1186 392 1229 .·
406 1166 455 1226 vel
467 1164 571 1237 etiam,
583 1169 683 1223 utrem
697 1176 774 1220 unus
785 1155 820 1218 de
836 1154 904 1217 Tri·
954 1157 1161 1232 rabonem,ac
1170 1155 1361 1234 precipitem
1374 1153 1517 1214 ardorem
1531 1149 1722 1211 incuiloundse

134 1264 233 1326 nitate
246 1262 285 1323 ait
298 1262 491 1331 incarnatus3
507 1257 546 1317 ab
559 1254 626 1314 istis
639 1271 651 1313 .·
666 1260 767 1312 utrum
782 1266 859 1309 unes
871 1245 906 1308 de
954 1247 1110 1323 novitatis,
1134 1246 1361 1325 intempestiva
1387 1244 1503 1324 potins,
1532 1241 1722 1319 minimeque

31 1378 34 1382 ⁸
138 1356 298 1432 Trinitate,
314 1369 408 1414 unaue
420 1366 542 1430 persono
560 1344 595 1407 ds
619 1340 713 1404 tritus
727 1358 854 1413 crucem
876 1343 904 1398 et
955 1339 1145 1413 necessaria,
1156 1355 1253 1416 quam
1264 1343 1319 1398 aut
1332 1337 1460 1410 callide,
1472 1339 1640 1397 anteriore
1651 1349 1724 1395 eon·

132 1456 261 1510 martem
275 1444 410 1507 redimit.
435 1442 516 1503 Nam
535 1438 654 1519 priores
675 1432 905 1496 enuntiationes
953 1432 1122 1492 taminatus.
1139 1432 1217 1491 Nam
1232 1434 1264 1490 at
1278 1428 1442 1490 Hormisda
1450 1429 1533 1507 Papa
1545 1427 1579 1487 in
1594 1424 1724 1505 epistola

132 1556 189 1622 pro
218 1538 364 1618 subjectis
389 1534 506 1596 hahent
538 1527 721 1608 simplicem,
750 1531 781 1586 et
812 1521 905 1583 unica
953 1522 993 1585 cd
1006 1522 1198 1586 Pouessorcm
1212 1521 1390 1601 Africanum
1409 1519 1583 1601 episcopum,
1603 1516 1723 1579 nubam

133 1638 248 1696 natura
262 1632 454 1693 constantem
477 1620 691 1703 hypostasim:
708 1623 740 1679 et
759 1632 831 1677 cum
851 1612 905 1673 ills
954 1617 1046 1677 aliam
1067 1620 1175 1676 notam
1202 1614 1261 1675 illis
1285 1612 1459 1682 subscribit,
1480 1616 1592 1691 preter
1614 1609 1718 1683 istam,

132 1723 327 1788 conveniunt
345 1721 380 1781 in
402 1714 568 1795 Evangelio
591 1708 722 1773 ioannis
747 1723 901 1785 expressa,
954 1707 1128 1770 temerariae
1147 1705 1305 1780 novitatis,
1330 1704 1591 1777 contumacibuac
1613 1719 1722 1779 super-

138 1814 265 1879 Verbum
276 1831 345 1875 curo
358 1812 531 1892 factumest.
540 1807 581 1868 Ut
594 1804 678 1866 enim
691 1799 905 1862 Verbinomen
954 1800 1025 1860 hia.
1058 1799 1339 1877 «Contemptores,
1368 1797 1412 1857 ait
1445 1793 1468 1871 ⁸,
1504 1793 1724 1855 auctoritatum

131 1909 165 1971 in
176 1909 251 1981 hac,
265 1901 444 1967 uniusmodi
460 1905 525 1961 tam
539 1903 695 1967 naturam,
718 1908 814 1973 quam
835 1906 904 1969 per·
953 1897 1104 1963 veterum,
1114 1906 1266 1950 nouarum
1281 1888 1385 1967 cupidi
1393 1887 1614 1966 quaestionum,
1625 1884 1724 1947 solam

131 2018 245 2063 sonam
258 1997 407 2077 significat
421 1992 489 2054 Filii
507 1990 565 2050 Dei
581 2009 589 2050 ε
612 1988 655 2049 sic
676 1987 712 2047 in
732 1984 803 2055 illis,
821 1999 903 2042 nnius
952 1990 1097 2062 putantes
1110 1981 1247 2042 scientia
1260 1986 1376 2041 recum
1385 1979 1480 2053 uiam,
1496 1976 1635 2056 qualibet
1650 1994 1723 2036 eon-

130 2096 208 2174 ipse,
233 2091 287 2170 qui
307 2090 487 2149 incarnatus
508 2088 565 2156 est,
589 2078 717 2140 nonnisi
736 2076 791 2137 Dei
811 2072 905 2134 Filius
952 2082 1072 2153 ceptum
1085 2072 1230 2133 facilitate
1244 2071 1439 2135 sentemiam.
1456 2071 1600 2148 &usque
1612 2075 1722 2129 tumo-

131 2182 341 2249 estmecdum
354 2179 483 2240 homine
497 2179 664 2252 assumpto,
677 2167 905 2247 cujusdemum
953 2167 997 2226 ris
1016 2165 1099 2232 elati,
1123 2170 1158 2225 ut
1185 2164 1224 2223 ud
1251 2163 1415 2224 arbitrium
1442 2179 1534 2222 suum
1559 2160 1722 2240 utriusque

131 2277 343 2341 secessionem
367 2288 432 2332 esse
454 2268 567 2329 lamam
593 2261 804 2336 intelligimus,
831 2273 903 2318 cum
955 2257 1039 2317 orbis
1050 2263 1160 2335 putant
1170 2255 1385 2316 inclinandum
1399 2272 1464 2314 esse
1476 2253 1631 2332 judicium
1644 2273 1651 2313 :
1666 2271 1724 2313 nec

131 2365 357 2435 enuntiationis
367 2362 480 2425 veritas
493 2364 540 2419 est
550 2355 688 2435 impleta.
704 2353 781 2414 Cum
798 2354 904 2409 autem
954 2349 989 2408 in
1015 2365 1146 2408 numero
1178 2347 1318 2407 fidelium
1351 2347 1534 2425 deputantes
1561 2362 1724 2423 sequacem

130 2462 294 2544 loquimur
316 2457 384 2518 sic:
413 2451 493 2515 Unus
509 2448 544 2509 de
569 2446 719 2508 Triuitute
738 2459 850 2523 possus,
871 2455 906 2498 cc
953 2439 1130 2501 traditionis
1144 2444 1289 2517 paternae,
1312 2438 1337 2497 si
1356 2456 1419 2498 sua
1443 2437 1577 2498 viderint
1599 2437 1724 2497 credere

130 2564 266 2618 mortuus
279 2558 332 2623 est,
348 2564 413 2608 non
427 2542 559 2621 simplex
576 2545 622 2600 est
643 2536 733 2606 ratio,
754 2535 905 2609 notioque
956 2532 1038 2592 nolle
1052 2531 1223 2592 sentemiae.
1239 2530 1325 2590 Docti
1343 2529 1475 2589 crimina
1485 2546 1597 2602 serere,
1608 2527 1725 2588 obtrec-

131 2644 288 2726 subJecti:
326 2640 380 2702 sed
413 2642 535 2697 naturae
570 2626 743 2691 necessario
776 2621 906 2702 (triplicis
957 2624 1237 2685 lationumvenena
1247 2639 1446 2700 componere,
1456 2621 1613 2696 integrum
1625 2620 1726 2681 Eccle-

130 2732 391 2817 significationem
405 2725 509 2785 habet.
534 2722 604 2781 Non
622 2717 707 2778 enim
730 2712 904 2790 Densum,
956 2716 1009 2776 sias
1030 2733 1142 2794 corpus
1165 2714 1276 2787 odisse
1304 2711 1470 2772 seditiones
1495 2718 1625 2786 struere,
1644 2711 1724 2771 invi·

131 2827 284 2901 etunica,
305 2819 491 2902 propriaque
514 2811 677 2873 divinitate
699 2808 906 2878 concinnant
956 2807 1040 2869 diem
1063 2806 1234 2879 concitam
1258 2810 1290 2865 et
1309 2822 1367 2883 pro
1392 2804 1576 2877 obedientia,
1600 2820 1671 2881 quse
1691 2803 1725 2864 in

130 2922 326 2996 assumptum
346 2916 490 2972 naturam
508 2902 656 2967 bominis,
680 2899 723 2959 sie
737 2894 907 2975 perpessio·
955 2900 1103 2961 aanoldis
1118 2897 1326 2978 principatum
1339 2894 1492 2973 regularis
1506 2896 1625 2955 oblinat
1638 2894 1726 2956 disci·

130 3031 222 3079 nem,
236 3027 272 3071 aa
285 3009 419 3067 mortem
433 2998 573 3076 excepit3
595 3008 706 3054 uenum
728 2990 823 3050 homo
840 2987 907 3064 jam
956 2991 1068 3070 plina3
1097 2989 1337 3051 obstinationem
1363 2987 1529 3066 pertinacis
1549 3004 1653 3048 amare
1669 3004 1725 3047 ιη.

130 3106 247 3175 hctus,
274 3100 309 3159 in
332 3099 392 3158 hac
409 3095 485 3174 ipsa,
513 3105 608 3169 quiam
633 3083 747 3158 induit,
770 3082 908 3140 humana
955 3083 1081 3162 perbire.
1109 3106 1121 3139 s
1147 3083 1234 3142 Certe
1253 3098 1325 3141 cum
1347 3079 1434 3139 brevi
1459 3084 1575 3158 postea
1598 3079 1658 3139 hoc
1680 3086 1728 3140 est

132 3188 341 3258 nasmacruct
358 3193 403 3248 cst
416 3185 567 3246 affixisset
580 3182 733 3239 mortuus.
759 3171 907 3244 Quocirca
956 3174 1046 3235 annis
1060 3192 1124 3233 non
1138 3172 1210 3251 plus
1227 3171 1407 3250 quindecim
1421 3171 1599 3249 interjectis,
1625 3171 1725 3233 incre.

132 3285 281 3350 nonnihil
294 3275 497 3342 dubitationis
510 3271 623 3334 hahuit
644 3266 734 3328 initio
756 3263 909 3344 posterius
957 3265 1044 3328 dibili
1058 3264 1199 3324 omnium
1223 3281 1377 3323 consensu
1401 3264 1588 3340 probata,.et
1605 3270 1728 3343 recepta

132 3379 192 3443 boc
206 3392 308 3458 genus
322 3367 507 3433 enuntiandi
520 3384 528 3425 ι
541 3361 677 3424 maxime
690 3357 775 3437 quod
783 3370 908 3415 movere
957 3357 1060 3432 luerit,
1074 3374 1144 3433 quae
1156 3360 1225 3414 tum
1241 3353 1405 3433 displicuit,
1423 3353 1547 3414 illorum
1560 3354 1724 3432 proiessio:

133 3470 214 3533 illud
228 3470 362 3549 poterat,
384 3454 649 3540 quemadmodum
662 3466 745 3510 unus
759 3447 798 3507 de
810 3447 835 3506 Τ
836 3443 909 3506 rini-
959 3447 1106 3528 atqucilli
1121 3445 1192 3526 ipsi,
1208 3446 1264 3524 qui
1277 3444 1367 3506 initio
1386 3445 1587 3506 vehementer
1600 3445 1726 3507 obstite-

136 3568 197 3624 tate
234 3572 342 3639 passus
368 3556 571 3626 mortuusque
597 3545 655 3605 dict
687 3544 800 3620 posset,
836 3552 908 3598 eum
960 3546 1041 3611 rant,
1064 3556 1133 3599 eam
1161 3537 1253 3605 ultro,
1276 3554 1313 3597 sc
1337 3536 1469 3597 libenter
1492 3536 1627 3615 amplexi
1653 3542 1725 3608 sint,

134 3653 253 3726 catari,
268 3648 323 3731 qui
337 3646 375 3706 de
388 3643 541 3704 'trinitate
561 3636 668 3698 itidem
684 3638 784 3705 erant,
805 3643 907 3707 neque
960 3639 1111 3711 tanquam
1137 3648 1202 3690 non
1227 3629 1320 3690 modo
1348 3628 1541 3703 catholicum,
1559 3629 1613 3690 sed
1633 3632 1728 3692 etiam

134 3746 214 3826 pati,
228 3758 331 3821 neque
348 3736 429 3799 mori
441 3734 589 3813 possent:
610 3744 645 3787 ac
664 3722 805 3802 simplici,
821 3737 907 3780 com·
957 3722 1160 3786 necessariam
1176 3740 1183 3782 ι
1199 3728 1234 3782 ut
1247 3721 1329 3781 inter
1350 3720 1439 3793 alios,
1464 3737 1590 3799 presque
1612 3724 1729 3784 caeteris

133 3836 290 3914 munique
297 3824 550 3902 substantia,sine
564 3818 689 3881 alerius
698 3822 728 3876 et
737 3813 908 3894 peregrinio
958 3814 1153 3876 iustinianus
1165 3813 1348 3892 imperator:
1362 3830 1398 3872 ac
1413 3813 1576 3872 &manus
1590 3814 1729 3893 pontifex

135 3925 335 3993 commercio.
364 3920 550 3981 constarent.
575 3911 635 3973 Sed
661 3909 700 3968 de
724 3904 824 3967 cauus
843 3902 910 3963 istis
959 3909 1096 3969 ioannes
1117 3905 1280 3979 secundus,
1301 3903 1414 3982 aliique
1434 3909 1504 3982 post
1523 3905 1649 3983 ipsum:
1673 3925 1731 3969 nac

136 4017 305 4084 dubitandi
313 4010 494 4095 paulopost,
509 4022 596 4068 nunc
609 4002 647 4063 de
661 3997 838 4079 questionis
849 3995 910 4056 iru-
959 4017 1024 4059 non
1038 3997 1196 4077 generales
1218 3995 1331 4074 synodi
1345 4012 1353 4069 ;
1378 4001 1411 4056 et
1433 3996 1582 4056 catholica
1595 3997 1729 4059 Ecclesia

134 4087 910 4195 jmauctoribus,acdeiliiussensu,etconcepiione
959 4096 1024 4151 tota
1045 4089 1211 4150 formulam
1232 4086 1351 4147 illama
1374 4086 1533 4146 monachis
1555 4088 1680 4162 editam,
1695 4090 1730 4151 in

138 4190 681 4280 nonnullapriusexplicaudasunt.
960 4198 1052 4244 usum
1074 4178 1255 4260 profitendae
1281 4178 1355 4238 fidei
1374 4177 1516 4256 deinceps
1544 4180 1727 4257 asciverint;

12 4300 93 4349 sucat
182 4297 226 4358 li.
242 4272 912 4361 MonachosillosScytbas,dequibuscapite
960 4292 1024 4334 non
1039 4279 1085 4334 est
1094 4270 1255 4346 credibile,
1271 4268 1471 4349 Eutychiana
1484 4269 1623 4348 perfidie
1636 4290 1729 4334 vene·

7 4353 106 4457 effi.
141 4386 393 4451 decimo-octavo
407 4377 479 4438 libri
502 4373 594 4454 primi
615 4369 763 4439 diximus,
786 4381 912 4445 prorsus
961 4382 1039 4426 num
1065 4365 1123 4424 sub
1150 4382 1187 4425 ea
1213 4361 1363 4423 latuisse:
1384 4362 1648 4440 quemadmodum
1672 4365 1730 4426 sub

7 4471 106 4568 ffl‘ss'ss„
143 4477 343 4559 Eutychiana
351 4471 488 4533 imbutos
498 4464 610 4528 haeresi
623 4462 726 4533 fuisse,
741 4458 834 4536 vulgo
846 4474 913 4516 sen·
962 4456 1130 4537 appendice
1151 4453 1204 4513 illa
1228 4451 1381 4529 Trisagii3
1407 4471 1477 4531 quae
1501 4454 1558 4513 etsi
1579 4455 1731 4532 probabili

18 4576 91 4619 parur.
142 4572 242 4645 finnt,
255 4569 415 4648 pecunie
428 4576 543 4635 magno
556 4551 720 4616 Arcadium
734 4546 910 4628 scriptore¹.
962 4554 1132 4625 utcumque
1157 4561 1249 4605 sensu
1276 4543 1401 4605 tolerari
1427 4550 1540 4623 posset,
1568 4564 1731 4626 nunquam

143 4663 208 4727 sed
227 4660 283 4740 qui
302 4651 507 4737 professiones
526 4646 602 4709 fidei
615 4644 654 4706 ab
673 4642 733 4703 illis
755 4641 862 4714 editas,
878 4657 914 4698 ac
962 4644 1067 4700 tamen
1081 4633 1479 4711 catholicorum,ueltotius
1493 4636 1639 4699 Ecclesia
1657 4660 1730 4704 ano

143 4747 451 4818 eaeterueornmdem
464 4741 587 4820 scripta,
611 4753 680 4816 quse
693 4736 824 4807 exstem,
839 4730 913 4791 dili-
961 4731 1130 4805 toritatem,
1154 4732 1185 4789 et
1207 4743 1392 4789 consensum
1418 4727 1585 4807 impetrare
1618 4735 1729 4811 potuit.

143 4850 256 4931 genter
283 4835 482 4921 expenderit3
518 4830 642 4894 nullum
674 4825 718 4886 ibi
751 4823 914 4902 uestigium
964 4822 1042 4896 Quid
1063 4826 1169 4881 autem
1182 4816 1227 4879 illi
1247 4818 1472 4879 monachorum
1494 4821 1672 4884 addimento
1692 4825 1732 4886 ad

144 4932 359 5021 deprehendet
375 4925 501 4989 haeresis
530 4923 630 4983 istius.
651 4916 731 4979 vide
758 4913 852 4975 unius
876 4929 915 4974 ex
963 4910 1242 4975 chalcedonensem
1252 4908 1464 4971 definitionem
1474 4910 1550 4972 uitio
1564 4913 1671 4978 datum
1679 4916 1729 4989 sit,

143 5028 184 5093 iis
196 5023 328 5091 loannis
343 5017 490 5084 Maxentii
511 5013 731 5097 prolessionem
752 5007 832 5068 bene
846 5004 914 5065 lon·
963 5011 1069 5085 postea
1083 5002 1234 5064 constabit
1251 5021 1258 5062 :
1273 5000 1329 5061 ubi
1342 5001 1605 5083 quemadmodum
1619 5004 1733 5069 abillis

145 5137 220 5198 gam
230 5114 255 5193 ¹,
270 5116 361 5194 eique
375 5108 528 5189 subjectos
541 5100 813 5169 anathematismos
827 5118 834 5159 :
846 5103 916 5161 tum
965 5101 1149 5175 conceptum
1162 5093 1255 5156 luerit
1265 5093 1510 5172 exposuerimus.

144 5212 207 5273 ulia
225 5208 366 5289 ejusdem
383 5199 532 5282 opuscula
552 5217 559 5257 :
585 5214 643 5256 nec
664 5211 728 5252 non
752 5190 836 5251 Petri
854 5188 917 5248 dia·
1006 5188 1064 5249 111.
1083 5187 1147 5248 Hoc
1161 5186 1239 5247 adeo
1251 5202 1291 5246 en
1313 5185 1452 5264 ipsorum
1469 5183 1570 5245 uerbis
1588 5185 1675 5251 facila
1688 5194 1735 5253 est

145 5303 217 5365 coni
230 5300 254 5378 ³,
269 5298 305 5361 ic
318 5297 512 5375 reliquorum
520 5290 559 5351 de
569 5289 624 5348 illo
639 5301 732 5366 grege
746 5281 915 5343 monacho·
966 5279 1122 5358 colligere.
1145 5278 1161 5339 ι1
1166 5294 1281 5338 oannes
1304 5275 1476 5338 Maxentius
1497 5276 1530 5336 in
1548 5275 1734 5358 Prosesu'oce

175 5497 187 5542 i
202 5496 234 5542 sd
244 5496 307 5541 Aac.
321 5491 370 5543 ssa,
382 5500 431 5548 par.
444 5484 532 5534 ec.-s
545 5484 607 5530 non.
622 5482 650 5525 lt
661 5478 718 5525 siti.
730 5479 792 5525 Patr.
805 5488 853 5533 par.
865 5486 909 5522 n·
920 5475 934 5521 ³
947 5474 1008 5520 luter
1021 5484 1087 5530 opera
1097 5471 1210 5528 futu-t
1224 5468 1334 5516 suem.
1346 5480 1382 5525 ap.
1393 5469 1422 5514 sd
1432 5469 1529 5516 mss.
1545 5477 1560 5516 t.
1574 5472 1600 5517 iv
1613 5474 1669 5520 nur,
