4122 6248
607 304 659 365 DE
680 302 978 380 mclnnurlcnn,
1001 303 1074 365 LlB.
1097 303 1140 372 V,
1163 304 1246 365 (ΜΡ.
1270 303 1352 364 XIV.
1714 308 1774 367 cla

227 471 376 551 Sequitur
388 471 525 550 lgnatias
533 470 769 549 martyr,cujus
779 468 954 548 exepistola
1006 475 1112 531 xerat:
1138 469 1181 531 sie
1203 469 1267 549 ipse
1290 469 1355 530 sola
1378 488 1416 530 ex
1439 469 1566 548 Virgine
1589 489 1701 550 corpas
1718 472 1777 532 sibi

187 561 227 623 cd
249 563 396 625 Romanos
425 563 519 624 relert
537 562 595 623 ista
615 562 826 624 Theodoretus
839 562 873 621 iu
887 561 954 621 dia·
1005 561 1165 637 formaret,
1185 583 1200 618 a
1215 562 1261 622 lta
1274 562 1480 641 recapitulans
1492 563 1525 622 in
1545 580 1578 622 se
1596 563 1695 623 Adam
1711 564 1777 643 ipsc

186 654 258 733 logo
272 656 396 734 primo:
418 676 432 712 a
451 655 616 716 l‘ersaasos
634 655 758 734 penitus
771 655 809 714 de
824 652 955 713 Domino
1006 654 1144 714 Verbum
1160 654 1249 735 (puto
1272 654 1333 734 epse
1353 653 1474 715 latum
1497 673 1554 735 pro
1578 660 1674 734 ipsam
1689 673 1778 716 usar-

186 752 306 823 nostro,
333 748 388 827 qui
412 752 458 808 est
475 764 493 807 e
512 762 624 821 genere
642 746 766 807 Daridis
785 744 955 805 meandum
1006 764 1094 825 passe
1112 747 1314 825 interpretem
1338 765 1425 808 more
1446 765 1503 807 sita
1521 747 1773 824 soloecissantem‚

186 856 323 916 cantem,
352 839 435 899 illius
462 838 516 899 Dei
544 838 716 913 secuudum
743 837 952 902 divinitatem.
1007 856 1079 899 cam
1094 845 1171 899 essct
1185 839 1218 898 ia
1239 841 1344 900 Graeco
1358 847 1431 909 αὐτὸς
1447 847 1461 900 t
1475 838 1570 919 λόγος.)
1588 838 1723 899 existens
1737 858 1776 900 ex

186 948 260 991 vere
287 930 410 1008 genitas
436 948 475 991 ex
499 929 664 1008 Virgiue⁶.
695 949 710 986 ν)
745 929 817 989 llaec
845 926 956 1006 lgnatii
1005 931 1111 1007 Maria,
1126 949 1196 1011 quae
1209 931 1311 992 adhuc
1323 936 1389 991 erat
1401 931 1500 1008 virgo,
1512 937 1595 991 recte
1609 930 1777 1009 accipiebat

184 1022 280 1083 verba
302 1023 336 1083 in
357 1022 485 1102 epistola
506 1022 573 1099 ejas
592 1020 633 1082 od
652 1021 796 1083 Romanos
817 1038 882 1080 non
909 1018 954 1079 le·
1005 1024 1237 1102 generationem
1251 1023 1326 1083 Adae
1344 1022 1617 1102 recapitulationis.
1634 1022 1667 1082 Si
1681 1021 1777 1099 igitur

184 1120 305 1194 gantur
320 1135 328 1175 z
342 1115 397 1175 sed
414 1115 449 1175 in
466 1132 514 1186 ea,
535 1132 606 1194 quse
627 1125 674 1174 est
694 1112 734 1174 ad
751 1112 952 1193 Smyrnaeus,
1004 1116 1126 1194 primus
1140 1114 1239 1175 Adam
1252 1113 1678 1190 habuitPatremhominem,
1694 1119 1725 1173 et
1738 1133 1777 1174 ex

125 1282 128 1287 Α
182 1205 218 1266 iu
236 1207 414 1286 apographo
430 1206 600 1267 Florentiui
615 1205 726 1266 codicis
741 1205 854 1283 reperi,
870 1203 953 1283 quod
1004 1206 1120 1266 semine
1145 1207 1205 1265 viri
1226 1212 1318 1267 natus
1339 1212 1403 1281 est;
1430 1207 1541 1267 merito
1568 1205 1717 1280 dicerent,
1746 1211 1777 1267 ct

183 1298 410 1359 eruditissimas
433 1298 609 1359 adolescens
635 1297 762 1358 Vossius
788 1313 826 1356 ex
850 1294 953 1374 Magni
1003 1297 1177 1358 secundum
1191 1298 1291 1358 Adam
1307 1316 1345 1357 ex
1363 1298 1479 1377 loseph
1500 1315 1565 1358 esse
1578 1303 1774 1376 generatum.

183 1390 277 1453 Dacis
290 1388 477 1451 bibliotheca
490 1389 660 1469 descripsit,
679 1406 715 1448 ac
734 1387 858 1466 legendi
875 1386 954 1447 mihi
1005 1389 1038 1450 si
1052 1395 1156 1450 uatem
1169 1389 1221 1451 ille
1234 1390 1273 1451 de
1287 1397 1370 1451 terra
1382 1391 1508 1469 quidem
1520 1394 1662 1468 sumptas
1675 1394 1730 1456 est,
1746 1395 1777 1449 ct

181 1482 304 1562 copiam
318 1482 401 1557 iecit,
416 1501 479 1562 quo
492 1484 526 1542 in
541 1481 621 1542 libro
636 1481 741 1542 deerat
768 1479 896 1559 epistola
914 1477 954 1539 ad
1003 1481 1105 1541 Verbo
1120 1481 1174 1541 Dei
1187 1481 1357 1560 plasmatus
1379 1487 1438 1558 est,
1460 1481 1622 1561 oportebat
1640 1482 1776 1559 idipsam

181 1573 339 1635 Romanos.
361 1574 422 1634 Sed
439 1575 473 1634 in
491 1573 555 1648 illa,
578 1590 673 1652 quam
687 1572 763 1643 dixi,
782 1570 822 1631 acl
844 1570 954 1648 smyr—
1006 1572 1142 1633 Verbum
1152 1574 1440 1652 recapitulationem
1448 1573 1523 1634 Adae
1535 1574 1568 1633 in
1577 1573 1776 1652 semetipsum

180 1683 305 1741 nenses,
328 1665 520 1744 paucisdmis
542 1664 698 1743 exceptis,
726 1663 835 1723 eadem
858 1666 894 1721 ut
914 1661 953 1721 ab
1002 1663 1127 1737 taciens,
1144 1665 1282 1743 ejusdem
1305 1666 1515 1743 generationis
1532 1664 1648 1726 habere
1667 1665 1778 1725 simili·

179 1757 375 1820 'llrecdoreto
398 1758 491 1819 citata
514 1762 602 1833 sant,
629 1754 953 1833 nonnumquam
1003 1755 1156 1817 tudinem.
1176 1758 1277 1830 Quare
1300 1759 1395 1836 igitar
1420 1776 1485 1818 non
1508 1757 1623 1817 iterum
1646 1756 1777 1836 sumpsit

180 1850 262 1913 casis
276 1850 375 1911 multo
390 1850 479 1911 aliter
493 1851 589 1927 legas.
1003 1848 1117 1909 limum
1131 1850 1222 1921 Deus,
1238 1850 1292 1911 sed
1307 1868 1346 1911 cx
1366 1850 1463 1911 Maria
1481 1855 1626 1929 operatus
1646 1855 1692 1909 est
1709 1849 1775 1927 pla·

220 1939 698 2021 ldeminepistolaadEpltcsics,
711 1938 951 2017 alteusinquit,
1003 1940 1210 2002 smationem?
1224 1943 1265 2003 Ut
1291 1961 1356 2003 non
1387 1942 1447 2003 alia
1473 1941 1637 2021 plasmatio
1663 1940 1774 2016 fieret3

179 2040 286 2095 noster
298 2035 390 2095 Jesas
403 2033 542 2095 Christus
555 2052 573 2093 a
587 2032 683 2093 Maria
696 2033 730 2092 in
744 2036 834 2092 atero
853 2037 954 2110 gesta·
1003 2051 1106 2112 neque
1125 2033 1186 2094 alia
1210 2040 1288 2095 esset
1310 2035 1484 2114 plasmatio,
1500 2052 1571 2113 quae
1593 2034 1774 2107 salvaretur,

178 2131 241 2202 tas,
256 2131 315 2186 etc.
329 2126 384 2205 qai
398 2139 429 2186 et
441 2125 565 2204 genitus
584 2130 640 2196 est,
658 2128 689 2184 et
710 2122 883 2202 baptizatas
895 2121 917 2180 ⁶.
933 2142 949 2178 ν

69 2259 76 2276 .
179 2219 218 2279 Et
238 2218 273 2278 in
292 2219 403 2278 eadem
424 2216 573 2297 epistola:
600 2238 616 2274 a
641 2217 729 2277 Unus
751 2220 809 2288 est,
836 2213 949 2291 inquit,

179 2310 318 2371 medicus
335 2309 479 2384 carnalis,
495 2314 526 2369 et
539 2307 718 2388 spiritualis,
733 2305 832 2366 factas
845 2310 876 2365 et
887 2322 952 2364 non

177 2402 288 2478 factus,
302 2404 357 2483 qai
371 2403 405 2462 in
418 2420 511 2463 carne
523 2399 592 2461 init.
614 2402 696 2461 lleus
715 2399 749 2458 in
770 2397 950 2473 immortali,

177 2511 314 2573 veraque
326 2495 403 2569 rita,
424 2499 455 2554 et
472 2509 511 2553 ex
524 2493 631 2565 Maria,
655 2497 686 2552 et
698 2509 737 2552 ex
751 2492 817 2550 Deo
827 2498 850 2551 ⁰.
866 2511 882 2547 u
902 2489 953 2550 Sic

177 2591 245 2647 erat
258 2586 292 2646 in
305 2586 483 2646 Florentino
500 2585 614 2645 codice.
630 2581 730 2643 Paulo
744 2581 833 2641 aliter
851 2581 951 2641 Theo·

178 2677 316 2749 doretus,
341 2695 400 2741 nec
422 2695 488 2737 non
509 2675 656 2737 Gelasias.
688 2673 745 2733 llic
770 2672 855 2732 enim
882 2676 952 2751 post

177 2768 247 2844 ista,
262 2769 373 2847 sanus,
392 2773 424 2831 et
440 2787 499 2829 eron
515 2768 623 2848 foetae,
642 2767 710 2826 huc
729 2764 862 2843 subjicit,
882 2765 950 2824 alu

177 2861 306 2922 homine
320 2862 421 2935 Deus3
436 2860 471 2919 in
482 2865 581 2920 morte
593 2858 659 2918 vita
672 2854 824 2918 eternae.
844 2876 855 2910 ν
873 2855 949 2929 Quas

178 2970 285 3013 veram
298 2954 354 3013 Dei
367 2951 599 3031 generationem
623 2949 721 3023 magis
740 2947 945 3009 confirmant:

1004 2125 1058 2185 sed
1071 2125 1180 2186 cadem
1194 2126 1260 2204 ipsa
1271 2127 1528 2206 recapitularetur
1540 2131 1660 2186 semna
1671 2125 1777 2185 simili-

1003 2217 1122 2279 tudine.
1138 2237 1154 2275 ν
1170 2218 1239 2278 Nou
1252 2224 1298 2279 est
1311 2219 1444 2279 inomni
1458 2219 1630 2279 Christiana
1644 2218 1777 2298 antiqui·

1004 2314 1065 2369 tate
1078 2308 1238 2383 illustrius,
1253 2312 1488 2389 expressiusque
1502 2310 1719 2371 testimoniam
1737 2310 1777 2371 acl

1004 2400 1178 2461 elidendam
1197 2402 1329 2462 Nestorii
1350 2402 1524 2481 perfidiam,
1553 2407 1583 2461 ct
1603 2402 1642 2462 ud
1668 2402 1711 2475 id,
1738 2403 1776 2463 de

1002 2511 1064 2572 quo
1079 2493 1191 2570 agitur,
1208 2494 1448 2554 asseverandum
1466 2494 1539 2554 fidei
1554 2494 1678 2572 dogma.
1705 2496 1775 2555 Pri·

1001 2584 1777 2665 mumenimdemonstratVerbumipsamecrtitioe

1002 2693 1042 2738 ex
1062 2678 1162 2737 Maria
1183 2678 1310 2757 Virgine
1334 2699 1342 2739 ε
1365 2697 1435 2758 quae
1454 2679 1605 2739 exstantia
1626 2696 1691 2738 non
1713 2680 1775 2740 alia

1002 2769 1103 2849 potuit
1120 2787 1196 2845 esse,
1213 2788 1307 2848 quam
1322 2770 1409 2831 atde
1428 2771 1512 2831 illias
1526 2770 1697 2830 substantia
1708 2770 1772 2831 ior-

1002 2867 1154 2935 maretur;
1171 2862 1435 2940 quemadmodum
1445 2862 1483 2922 de
1496 2868 1590 2922 terrae
1603 2861 1775 2924 substantia

1001 2951 1091 3012 lictus
1110 2958 1155 3012 est
1173 2954 1329 3014 Adamas:
1350 2954 1410 3013 hac
1432 2955 1516 3013 enim
1530 2953 1648 3013 ratione
1664 2954 1775 3036 recapi-

178 3063 241 3124 qaa
255 3045 338 3105 idem
349 3044 412 3120 ille,
427 3043 482 3123 qai
495 3044 576 3104 usas
587 3041 723 3121 genitus,
736 3045 767 3100 et
779 3043 871 3100 natus
883 3045 949 3100 erat
1002 3043 1133 3118 tutatur,
1153 3045 1185 3103 id
1206 3050 1251 3105 est
1272 3046 1464 3106 instauratur
1479 3064 1515 3106 ac
1532 3046 1670 3106 reficitur
1689 3047 1774 3125 prior

178 3138 219 3198 ab
233 3143 362 3211 emano,
377 3142 409 3197 et
422 3154 487 3196 non
500 3135 611 3212 factas,
627 3134 738 3194 iterato
753 3131 877 3211 genitas
890 3135 948 3206 cst,
1000 3134 1053 3195 illo
1081 3137 1113 3195 in
1139 3135 1252 3197 vitium
1279 3137 1422 3216 prolapsa
1449 3139 1620 3215 generatio.
1655 3138 1774 3200 Deinde

178 3235 211 3291 et
222 3230 330 3304 factus,
346 3236 383 3290 at
400 3229 496 3289 homo
510 3232 599 3301 esset,
622 3232 653 3288 et
667 3227 700 3287 in
714 3225 841 3286 homine
854 3224 947 3283 Deus.

179 3321 447 3397 Quemadmodum
469 3337 543 3380 vero
561 3326 676 3398 γεννητὸς
699 3315 812 3397 sactum
827 3321 949 3376 eterca·

180 3423 258 3490 tum,
269 3421 399 3493 ὀγνννητος
408 3430 465 3472 noo
476 3411 601 3491 saetam,
611 3410 694 3488 apud
705 3410 848 3487 antiquos
857 3407 952 3485 signi·

180 3505 328 3580 licaverit,
342 3505 406 3564 diri
420 3504 454 3563 in
473 3503 581 3582 quinto
600 3501 680 3562 libro
700 3497 929 3561 alriniunt

222 3598 276 3658 VI.
294 3597 429 3656 lreueus
440 3595 474 3654 in
486 3594 567 3654 libro
579 3595 670 3653 tertio
682 3590 819 3652 aduersus
832 3589 952 3653 tereres
1002 3612 1098 3674 quam
1118 3613 1157 3655 eu
1178 3596 1276 3656 hamo
1294 3601 1330 3655 ut
1349 3595 1422 3656 olim
1441 3597 1565 3674 lecerat,
1587 3598 1772 3660 instituere:

182 3690 282 3770 capite
309 3705 401 3762 xxxi,
431 3686 604 3747 luculenter
631 3684 767 3763 idipsum
794 3682 951 3758 declarat,
1003 3686 1035 3747 id
1055 3704 1093 3746 eo
1113 3686 1229 3747 factum
1251 3688 1358 3748 asserit
1377 3689 1521 3764 lrenaus,
1537 3691 1620 3769 quod
1635 3692 1777 3752 eamdem

182 3798 308 3843 causam
321 3778 465 3851 afferens,
479 3781 715 3857 propterquam
729 3793 746 3835 e
760 3773 954 3835 aclalemina
1001 3777 1238 3858 plasmationem,
1264 3780 1296 3840 id
1318 3785 1364 3840 est
1388 3798 1525 3856 massam,
1548 3799 1642 3861 quam
1659 3785 1777 3862 peccati

183 3873 311 3951 Virgine
324 3870 448 3949 genitus
461 3870 501 3929 ⁸st
522 3868 604 3928 filius
621 3867 687 3939 Dei,
708 3883 774 3926 nou
790 3871 895 3926 &sstem
916 3883 954 3925 ex
1005 3868 1133 3932 morbus
1156 3870 1278 3931 lethalis
1291 3871 1451 3949 infecerat,
1477 3873 1593 3949 curari,
1609 3894 1645 3934 ac
1667 3893 1776 3936 recon-

183 3965 265 4027 virili
288 3969 358 4023 satu
380 3966 555 4040 conceptas.
580 3960 659 4021 Cam
682 3959 767 4019 enim
791 3958 885 4036 primi
902 3976 957 4037 pa·
1006 3962 1565 4042 cinnarioportuit.Nonessetantem
1574 3968 1775 4045 carneadem,

184 4057 282 4118 rentis
308 4053 554 4134 procreationem
586 4056 694 4130 suapte
726 4049 838 4129 perditi
865 4050 956 4128 culpa
1006 4053 1065 4114 hoc
1079 4059 1125 4113 est
1141 4061 1263 4132 natura,
1288 4075 1357 4134 qaae
1380 4058 1561 4137 aegrotabat,
1584 4067 1775 4140 recuperata,

184 4148 377 4223 instaurare,
404 4144 488 4224 quod
515 4149 561 4204 08²
588 4150 835 4221 dimensuratur,
864 4142 898 4202 in
924 4159 956 4202 se
1006 4152 1037 4208 et
1052 4152 1168 4218 sanam,
1190 4148 1306 4209 nisiex
1326 4152 1504 4228 posteritate
1525 4152 1778 4229 Adami‚etejas

185 4239 300 4302 velleii
314 4247 401 4318 λόγος,
424 4236 458 4297 id
480 4241 526 4297 est
554 4233 689 4307 Verbum,
716 4252 772 4313 per
796 4234 879 4313 quod
893 4234 955 4295 lor·
1006 4237 1124 4299 semine
1138 4240 1311 4316 exstitisset,
1331 4259 1368 4302 ac
1388 4242 1530 4321 genitam
1545 4249 1624 4304 essct
1636 4243 1777 4305 Verbum

185 4339 289 4393 matus
308 4329 360 4389 ille
377 4328 496 4404 fuerat3
517 4329 585 4405 eJ'as
604 4333 710 4387 ortam
729 4324 761 4385 in
777 4343 833 4387 sua
847 4326 956 4387 nativi-
1006 4329 1190 4409 illud‚aquc
1201 4331 1440 4412 idipsam,qaod
1450 4353 1488 4395 ex
1497 4341 1579 4396 terra
1588 4342 1775 4415 procrearat,

187 4430 249 4486 tate
266 4422 370 4502 opifex
392 4421 458 4500 ipss
480 4419 607 4499 paribus
628 4418 825 4479 lineamentis
840 4419 958 4479 imitari
1007 4420 1041 4481 in
1050 4422 1207 4500 integrum
1219 4424 1442 4487 restitueretur.
1454 4427 1526 4487 Utsi
1533 4428 1602 4506 qais
1612 4428 1778 4508 collapsam

187 4514 304 4578 voluit:
320 4518 356 4574 at
369 4511 635 4591 quemadmodum
648 4509 804 4570 adamum
822 4528 861 4571 ex
873 4510 955 4583 rudi,
1008 4512 1138 4573 domum
1157 4514 1329 4575 instaurare
1351 4517 1470 4591 volens,
1495 4536 1558 4577 non
1580 4537 1619 4579 ex
1636 4520 1696 4580 alio
1719 4539 1778 4582 no·

187 4607 323 4669 necdum
340 4604 479 4679 oharata,
495 4602 678 4680 excultaque
691 4607 775 4662 terra
790 4601 881 4661 initio
900 4601 958 4662 fiu-
1009 4621 1111 4682 voque
1124 4605 1244 4684 lapide,
1261 4625 1297 4668 ac
1309 4609 1451 4683 materia,
1466 4610 1520 4669 sed
1533 4628 1572 4671 ex
1585 4611 1730 4673 redivivis
1743 4631 1779 4673 ac

1001 3227 1274 3288 animadvertenda
1288 3234 1334 3288 est
1347 3227 1516 3288 similitudo
1530 3236 1585 3291 κατ’
1599 3238 1734 3303 ἀντίθεσιν,
1744 3235 1775 3292 et
1808 3252 1933 3306 seam

1001 3336 1103 3394 masa,
1120 3324 1354 3398 propterquam
1368 3321 1450 3381 Deus
1468 3320 1501 3379 in
1520 3339 1612 3400 opere
1626 3339 1683 3382 sao
1697 3325 1773 3383 rell·
1800 3313 1931 3361 ‘'Vm''-

1001 3411 1123 3486 ciendo,
1144 3429 1182 3471 ex
1204 3411 1310 3471 vitiata
1328 3412 1395 3490 ipsa
1414 3430 1526 3486 massa,
1549 3414 1643 3474 idest
1663 3415 1775 3475 Adami

1002 3503 1107 3582 stirpe,
1141 3521 1260 3563 uorum
1283 3504 1446 3565 homiuem
1473 3505 1632 3567 elaborare
1652 3507 1773 3576 maluit,

189 4787 297 4860 ρωθῆναι
310 4785 344 4846 ὡς
365 4782 446 4850 tutele
469 4782 564 4836 rottae
588 4780 726 4853 carpito,
747 4779 803 4832 ἀλλ’
828 4779 889 4851 ὑπὲρ
915 4784 959 4833 τοῦ
1009 4783 1115 4854 Χριστὸς
1135 4782 1283 4857 ἐκυοφορήθη
1304 4785 1352 4838 ὑπὸ
1374 4787 1482 4859 Μαρίας,
1506 4795 1560 4844 ete,
1584 4789 1633 4851 Ὃς
1654 4790 1778 4862 ἐγεννήθη,

189 4871 276 4943 γένους
288 4872 332 4922 τοῦ
345 4874 395 4922 τῶν
410 4866 553 4938 ἀνθρώπων.
1008 4866 1050 4918 καὶ
1062 4864 1201 4936 terminia.

227 4953 244 5008 b
263 4952 356 5007 lantr-
371 4949 444 5021 apud
459 4947 566 5004 Thead.
586 4946 854 5019 Πεπληραφορημένανς
863 4945 960 5014 ἀληθῶς
1044 4947 1066 5003 d
1085 4949 1125 5003 ld.
1146 4942 1190 5011 Εἷς
1205 4949 1286 5022 ἰατρός
1300 4949 1364 5005 ἐστιν
1376 4956 1488 5025 caperat<
1503 4973 1538 5017 τε,
1553 4956 1593 5007 καὶ
1607 4957 1778 5027 πνευματικὸς,

190 5036 224 5100 εἰς
237 5037 280 5089 τὸν
294 5033 375 5106 νόριον
390 5032 460 5104 ἡμῶν
475 5032 535 5085 ὄντα
554 5028 580 5083 itt
597 5030 683 5102 γένους
706 5030 780 5084 tatto
796 5029 859 5083 κατὰ
872 5031 959 5101 σάρκα,
1009 5034 1123 5102 γεννητός
1137 5051 1173 5098 τε,
1187 5032 1228 5084 καὶ
1243 5032 1383 5105 dricturae,
1407 5034 1431 5088 tv
1452 5036 1523 5107 σαρκὶ
1543 5038 1674 5108 γενόμενος
1688 5039 1739 5100 θεὸς
1754 5037 1778 5092 ἔν

189 5118 243 5172 υἱὸν
252 5118 307 5171 θεοῦ
320 5115 383 5170 κατὰ
401 5116 513 5183 (νεότητα,
527 5114 568 5167 καὶ
582 5112 694 5185 δύναμιν,
710 5113 883 5184 γεγεννημένον
898 5112 959 5181 ἅλη-
1010 5112 1123 5187 ἀθανάτῳ
1137 5119 1189 5188 ζωῇ
1203 5115 1316 5189 ἀληθινῇ,
1330 5118 1371 5170 καὶ
1385 5115 1411 5169 ἔκ
1420 5119 1526 5190 Μαρίας,
1539 5120 1580 5171 καὶ
1594 5118 1619 5172 ἔκ
1628 5116 1693 5175 θεοῦ.

189 5199 423 5272 θῶςὲκπαρθίνοα.
1046 5198 1276 5254 elurouoarras
1291 5198 1355 5253 dial.
1381 5199 1391 5253 l
1415 5215 1478 5271 pag.
1495 5199 1555 5260 cad.
1590 5201 1635 5256 Ἐν
1659 5203 1780 5277 ἀνθρώπῳ

228 5284 300 5339 ald.
316 5281 392 5352 apud
405 5280 542 5338 laudor.
567 5277 601 5333 ‘0
623 5279 671 5351 γὰρ
691 5278 744 5340 θὼς
765 5277 837 5349 ἡμῶν
862 5277 961 5347 Ἰηααΰς
1010 5279 1074 5345 θεὸς,
1090 5279 1114 5334 ἐν
1128 5282 1225 5353 θανάτῳ
1239 5283 1290 5349 ζωὴ
1306 5281 1417 5350 ἀληθινή.

218 5444 404 5500 tenplum.
1346 5486 1359 5539 λ
