4122 6248
304 283 365 345 658
815 277 1142 341 ruuotoutcottutt
1163 275 1384 343 DOGMA‘I'UM

307 452 413 527 per-,at
421 464 486 508 esec
495 443 910 525 Deum‚quisitVarbum,et
919 442 1076 523 splendor,
1128 442 1322 506 benefaciens
1349 457 1546 521 nequaquam
1568 439 1603 501 in
1629 443 1719 503 utero
1736 438 1895 513 inducere,

308 556 345 599 cc
359 538 510 617 sapientia
523 538 637 599 Patris:
662 542 731 597 turn
755 542 860 616 postea
883 539 1008 615 propter
1021 551 1079 595 nos
1128 530 1896 614 quemcredidistiDeum.nEanoilludapparet,

309 629 553 691 eamdemillum
563 635 720 708 assumpta
733 647 826 690 carne
837 628 875 689 dc
885 627 1012 707 Virgine
1022 626 1077 688 liei
1129 644 1329 689 communem
1350 624 1572 687 ottralatitiam
1599 623 1685 703 apud
1707 621 1900 685 Christianos

309 721 458 798 genitrice
482 723 592 796 Maria,
619 722 779 783 hominem
809 738 874 781 esse
900 719 1042 781 sactum.
1058 738 1073 774 ν
1127 737 1235 781 vocem
1249 719 1526 783 illamexstitisse'.

310 816 390 876 Sunt
403 828 435 875 at
446 814 508 875 alia
521 815 591 876 loca
605 811 788 890 Athanasii,
800 813 834 874 in
843 811 957 892 quibus
963 820 1077 873 νεοτόκον
1170 813 1242 874 Post
1260 811 1449 891 Ephesinam
1471 809 1639 890 synodum,
1653 808 1900 887 damnatumque

308 914 398 968 vocat
412 907 446 968 Β.
462 907 634 986 Virginem.
1129 905 1315 980 Nestorium,
1332 904 1444 984 synodi
1455 920 1574 976 omnes,
1591 908 1623 969 ct
1636 901 1790 981 imprimis
1802 900 1902 962 OEou·

349 1000 392 1061 X.
414 999 550 1060 Basilius
583 999 616 1059 in
641 997 771 1060 homilia
797 1013 854 1058 xxv
886 994 921 1058 dc
949 995 1078 1057 humanu
1129 997 1269 1071 manicae,
1284 1002 1487 1059 tumescere
1504 994 1578 1064 iere,
1602 994 1636 1057 in
1657 993 1772 1073 quibus
1785 993 1824 1053 de
1837 993 1901 1057 fide

268 1141 274 1153 .
313 1090 427 1155 eterra·
440 1097 623 1172 quaeratione
635 1100 748 1153 νεοτόκον
772 1090 913 1151 similiter
938 1089 1080 1150 eamdem
1130 1089 1247 1168 aliquid
1273 1095 1319 1151 est
1345 1089 1514 1165 sancitum,
1546 1088 1630 1151 idem
1655 1085 1714 1149 uer·
1743 1085 1902 1167 patrarit

311 1183 474 1266 appellat².
492 1185 538 1244 Ita
552 1190 584 1245 et
606 1182 773 1258 Gregorius
785 1183 1004 1256 Nazianzenus,
1026 1179 1080 1261 qui
1129 1182 1316 1244 vocabulum
1355 1199 1470 1261 magno
1507 1179 1610 1243 studio
1648 1178 1900 1259 frequentarunt.

311 1283 343 1338 at
363 1277 516 1357 duplicem
537 1275 594 1336 filii
614 1274 669 1336 liei
692 1274 925 1354 generationem
950 1272 1081 1335 adstruit
1131 1275 1287 1354 Imprimis
1311 1279 1417 1337 aarum
1438 1271 1701 1346 Chalcedonensis,
1716 1272 1750 1333 in
1763 1290 1801 1335 eo
1816 1271 1901 1350 quod

309 1370 456 1432 adversus
479 1369 625 1443 Atianos,
656 1373 847 1448 opponentes
874 1366 986 1441 idcirco
1013 1383 1077 1427 non
1131 1364 1900 1446 condiditiideidecreto,comprohavit;etquinta,

309 1462 394 1542 gigni
414 1461 526 1523 Filium
548 1481 568 1522 a
590 1463 690 1537 Patre,
709 1459 793 1539 quod
805 1459 964 1539 generatio
978 1458 1078 1519 omnis
1131 1466 1224 1538 atque
1238 1465 1334 1521 sexta.
1351 1460 1397 1523 Ex
1414 1458 1652 1539 particularibus
1664 1457 1790 1537 synodis
1804 1474 1903 1519 unam

309 1555 487 1633 adjunctam
506 1552 619 1615 habeat
637 1552 823 1633 passionem.
847 1553 889 1614 At
905 1551 1080 1612 hosredar-
1131 1552 1346 1615 tantummodo
1377 1551 1427 1615 hic
1459 1550 1593 1615 referam
1623 1550 1903 1628 Carthaginensem

309 1646 378 1727 guit
392 1644 570 1725 Gregorius,
587 1645 668 1724 aqui
680 1645 853 1706 discernere
868 1643 951 1707 istud
968 1642 1078 1722 nequi·
1132 1649 1293 1725 quarum,
1322 1663 1393 1723 quac
1417 1642 1452 1705 in
1473 1642 1607 1722 capitulo
1630 1642 1732 1723 primo
1758 1642 1798 1707 dc
1826 1641 1904 1707 Filio

308 1737 421 1814 verint,
436 1755 521 1813 eum,
547 1736 637 1816 cttjus
649 1737 770 1798 diversa
782 1736 824 1798 sit
843 1735 972 1799 earnalis
984 1754 1079 1815 gene·
1131 1737 1271 1817 loquens,
1282 1736 1346 1799 vim
1360 1735 1497 1797 nominis
1509 1735 1669 1815 expressit,
1679 1756 1694 1791 a
1704 1736 1786 1797 Deus
1795 1752 1900 1809 varan,

310 1830 401 1907 ratio,
438 1831 502 1911 (ubi
529 1830 618 1893 enim
635 1828 711 1891 alias
746 1828 830 1911 apud
855 1828 997 1892 homines
1024 1827 1079 1890 Dei
1131 1829 1248 1908 inqiut,
1266 1846 1305 1890 ex
1317 1834 1421 1911 patre,
1436 1828 1637 1891 homoverus
1654 1845 1693 1889 ex
1706 1832 1818 1904 matre,
1833 1846 1902 1891 aar·

307 1922 492 2003 genitricem
506 1921 589 1983 nosti
602 1919 802 2002 Virgincm‘t)
818 1921 913 2000 hujus
926 1920 1079 1983 diversam
1131 1939 1205 1986 nem
1218 1939 1256 1983 cx
1268 1919 1375 1983 matris
1393 1920 1562 1985 visceribus
1575 1918 1704 1992 habens,
1719 1923 1752 1980 et
1763 1919 1903 1983 animam

308 2034 433 2095 quoque
460 2014 500 2076 sb
522 2013 592 2076 aliis
615 2030 681 2075 esse
704 2011 964 2093 generationeml.
993 2034 1009 2073 r
1040 2016 1080 2076 Et
1130 2014 1303 2077 humanam
1335 2012 1530 2086 rationalem,
1555 2012 1650 2075 simul
1674 2013 1708 2074 in
1733 2030 1772 2075 eo
1799 2012 1902 2077 ambre

196 2176 199 2185 ,
307 2106 547 2188 epistolspriore
562 2107 604 2168 ad
619 2104 801 2179 thdcnr'um,
822 2106 941 2170 aetiam
954 2105 1079 2167 abdiri-
1133 2112 1265 2182 naturas,
1280 2106 1314 2167 id
1331 2110 1387 2176 est,
1412 2106 1511 2182 Deris,
1526 2105 1664 2169 ethome
1678 2123 1742 2167 una
1755 2123 1901 2185 persona,

307 2200 403 2262 nitate
413 2206 537 2281 separat
547 2198 681 2278 eos,qui
691 2198 746 2260 lici
755 2199 937 2278 genitricem
949 2199 1079 2261 Mariam
1135 2218 1217 2263 unus
1234 2200 1332 2272 filius,
1355 2215 1438 2259 unus
1455 2197 1630 2275 Christus»
1643 2203 1701 2259 etc.
1717 2199 1808 2263 Nunc
1819 2198 1903 2261 illius

307 2309 372 2354 esse
399 2310 463 2353 non
492 2291 697 2353 excurrente
726 2311 742 2349 a
770 2291 823 2353 Sic
843 2290 1079 2370 Amphilochius
1133 2292 1274 2354 vocabuli
1288 2289 1446 2354 reddenda
1459 2289 1538 2353 ratio
1552 2296 1609 2368 cst,
1624 2296 1656 2351 et
1669 2309 1740 2370 quae
1753 2292 1904 2355 adrem

307 2382 448 2447 oratione
462 2388 572 2462 quarta
586 2382 733 2445 eumdem
759 2382 886 2446 titulum
904 2383 1023 2445 confert
1045 2382 1079 2447 in
1132 2384 1215 2447 istud
1227 2382 1709 2462 abhaereticisopponisolerent,
1720 2383 1905 2464 explicanda

306 2476 533 2539 sanctissimam
542 2476 717 2556 Virginem.
1132 2477 1289 2539 breviter:
1306 2478 1400 2557 idque
1415 2475 1448 2535 in
1467 2481 1560 2555 caput
1573 2494 1721 2557 sequens,
1736 2494 1777 2539 nc
1790 2476 1904 2539 sithoc

349 2568 476 2630 Procius
494 2569 570 2630 item
592 2570 732 2631 oratione
758 2567 873 2647 prima,
897 2586 967 2647 quae
989 2568 1079 2631 initio
1131 2569 1255 2650 longius
1268 2568 1476 2633 differendum
1488 2569 1620 2637 ridetur.

309 2659 476 2738 Ephesinae
490 2659 601 2740 synodi
614 2660 796 2740 praefigitur,
807 2660 865 2720 snb
872 2660 976 2740 ipsum
989 2679 1080 2723 exor-

308 2750 396 2813 dium
427 2759 541 2813 θιοτόιιον
575 2756 674 2813 vocat.
712 2751 766 2813 His
800 2751 877 2813 adde
901 2752 1080 2814 laudatosa

308 2843 434 2923 Cyrillo,
450 2848 486 2904 ut
498 2843 594 2922 paulo
609 2847 680 2905 ante
694 2841 769 2919 dixi,
785 2842 864 2907 duos
878 2843 1077 2921 Antiochum,

308 2937 551 2999 etAmmonem.

350 3028 409 3090 Sed
425 3028 544 3091 illustre
564 3026 746 3105 cumprimis
764 3032 810 3087 est
829 3027 895 3105 ejus
914 3027 961 3089 rai
985 3046 1078 3108 argu·

1334 2846 1519 2929 CAPUT»
1569 2846 1690 2929 XVI.

308 3118 754 3199 mentum,quamorebrovox
767 3118 819 3179 illa
833 3119 1080 3185 Christianorum
1133 3122 1317 3187 Declaratur
1335 3124 1473 3187 vocabuli
1493 3133 1607 3189 tantae
1625 3125 1728 3201 ratio,
1750 3126 1786 3187 ob
1814 3143 1905 3206 quam

309 3211 343 3273 in
356 3229 416 3274 usu
439 3217 561 3273 versata
583 3210 632 3284 sit,
652 3210 736 3291 quod
750 3228 789 3273 ex
802 3211 895 3291 impii
907 3212 1034 3289 Juliani,
1049 3219 1081 3276 et

307 3309 456 3384 apostatae
469 3303 646 3367 testimonio
656 3303 787 3382 capitur.
800 3304 877 3365 Nam
888 3305 970 3383 apud
980 3306 1078 3383 Gyril·

308 3394 375 3458 lum
400 3395 659 3470 Alexandrinum,
685 3401 793 3456 octavo
814 3396 849 3456 in
870 3395 951 3459 libro
973 3402 1081 3463 contra

307 3486 423 3566 ipsum,
432 3486 794 3567 ejusverhareieruntur,
802 3487 915 3567 quihus
923 3488 1080 3551 Christum

308 3585 403 3657 rregat
415 3596 480 3641 esse
494 3580 604 3652 Deum,
615 3584 647 3640 ct
660 3578 848 3641 Christianos
860 3579 980 3655 undet,
996 3580 1080 3659 quod

307 3671 391 3735 illius
414 3677 548 3733 matrem
572 3669 686 3749 passim
709 3670 767 3733 Dei
784 3670 966 3749 genitricem
980 3674 1081 3737 nomi·

307 3770 394 3829 nent.
411 3764 530 3843 «Atqui
541 3780 608 3831 vos,
620 3762 734 3841 inquit,
746 3763 949 3825 Mariamnon
959 3764 1081 3827 cessatis

307 3870 416 3917 roone
428 3864 553 3930 νεοτόκον,
568 3854 600 3915 id
616 3860 662 3915 est
675 3852 734 3915 Dei
749 3853 948 3932 penteruemc.
964 3878 979 3913 n
997 3858 1033 3917 Et
1047 3856 1081 3917 in

308 3945 438 4027 epistola
470 3944 509 4009 ad
547 3944 708 4009 Plotinum
747 3945 941 4022 decreticum,
985 3964 1081 4027 quam

308 4038 473 4101 Facundus
486 4038 566 4099 libro
580 4042 704 4118 quarto,
719 4038 817 4118 capite
831 4040 966 4101 secundo
975 4040 1079 4118 refert,

309 4129 352 4191 ita
366 4131 481 4210 impius
495 4130 546 4191 ille
559 4130 715 4209 loquitur:
732 4132 802 4192 aTu
816 4131 953 4210 quidem,
969 4133 1081 4194 oPho

1172 3217 1212 3278 B.
1235 3216 1345 3279 Moriar
1372 3217 1493 3297 Virps'ni
1518 3217 1800 3298 proprieconuettit.
1819 3220 1850 3278 l.
1865 3218 1907 3279 Ar

1171 3309 1305 3389 primam
1319 3308 1491 3386 ostenditur,
1505 3308 1657 3372 Christum
1667 3328 1705 3373 ea
1719 3310 1827 3373 matra
1842 3308 1909 3372 sud

1173 3404 1283 3463 stantia
1296 3401 1416 3483 aliquid
1430 3404 1567 3476 traciae,
1581 3410 1684 3465 actura
1695 3411 1909 3483 anomaeus-es

1173 3492 1311 3555 heretici
1328 3493 1446 3574 opinati
1463 3501 1542 3555 sunt.
1565 3494 1596 3556 2.
1621 3493 1681 3570 Qui
1699 3513 1714 3554 s
1734 3493 1910 3578 Scripturas

1173 3585 1315 3658 conuicti,
1330 3594 1393 3647 tum
1405 3604 1444 3649 en
1463 3585 1680 3667 antiquioribus
1699 3584 1854 3659 Patribus,
1876 3593 1908 3646 at

1174 3677 1303 3757 Iyuatto,
1315 3680 1345 3738 3.
1357 3677 1482 3751 Irenaeo,
1494 3677 1905 3755 tractemundum.

1172 3768 1263 3832 Lucae
1272 3769 1351 3832 loacas
1361 3769 1548 3848 illustratum
1561 3773 1592 3835 a
1602 3772 1787 3852 argumentis
1801 3769 1907 3833 itaitent

1171 3861 1370 3942 approbatum
1398 3863 1471 3943 quta
1497 3882 1554 3925 uca
1580 3870 1651 3925 emet
1674 3863 1794 3945 alioqui
1822 3861 1909 3943 filiae

1173 3953 1299 4016 dominis
1307 3975 1315 4031 3
1328 3956 1357 4019 8.
1372 3973 1425 4017 nen
1437 3954 1472 4019 de
1485 3956 1595 4019 emine
1609 3954 1744 4021 moute.

1173 4138 1199 4197 Ι.
1218 4137 1264 4198 Ad
1284 4138 1417 4201 Nestorii
1442 4139 1685 4201 convincendam
1712 4137 1849 4219 penitus,
1877 4146 1910 4201 et

311 4223 388 4303 tine,
401 4221 576 4285 verisimilis
589 4222 714 4303 videris,
734 4228 765 4287 et
778 4224 937 4303 proximus
950 4224 1079 4302 salvare,
1134 4232 1375 4311 expugnandam
1397 4232 1553 4312 haeresim,
1580 4239 1611 4294 et
1635 4240 1672 4294 ut
1697 4232 1909 4313 inngentme

346 4416 368 4459 a
386 4401 491 4459 Arnas.
506 4404 614 4459 oratu
625 4398 955 4473 cit.aCyrilloinep.ad
969 4407 1082 4461 Monac.
1169 4407 1187 4462 d
1207 4408 1331 4465 Gascor.
1350 4411 1476 4468 Narrant.
1496 4417 1566 4467 orat.
1586 4427 1670 4467 uxr.
1690 4412 1738 4466 lici
1756 4411 1810 4467 οὐδ’
1828 4413 1908 4473 ἐκεῖνο

311 4480 406 4546 Σκοπὸς
419 4484 500 4538 τοίνυν
517 4476 598 4544 οὗτος.
614 4484 655 4536 καὶ
669 4484 795 4556 χαρακτὴρ
805 4488 848 4555 τῆς
861 4490 964 4558 γραφῆς,
980 4487 1085 4549 denod-
1134 4490 1235 4544 δύνασαι
1250 4495 1365 4559 συνιδεῖν,
1380 4494 1418 4547 ὅτι
1432 4489 1453 4565 ᾧ
1468 4493 1608 4566 διάσοροςὴ
1626 4494 1690 4551 κατὰ
1703 4496 1783 4568 σάρκα
1796 4500 1909 4570 γέννησις

310 4569 381 4630 Adnue
391 4567 502 4640 sinopes,
514 4567 602 4635 διπλῆν
618 4559 681 4621 εἶναι
695 4566 739 4635 τὴν
754 4568 865 4640 περὶτοῦ
879 4574 990 4643 σωτῆρος
1004 4570 1083 4643 ἀπαγ-
1134 4569 1324 4648 liniter-nouae,
1348 4576 1444 4648 μᾶλλον
1458 4576 1485 4630 δὲ
1503 4571 1567 4649 dard
1585 4570 1694 4650 εἷναιμὴ
1710 4579 1811 4645 ταυτὸν,
1826 4583 1906 4654 τώτῳ

310 4648 395 4725 ysitius
411 4648 436 4705 fs
451 4649 523 4723 αὐτῇ.
535 4652 573 4705 ὅτι
582 4668 609 4707 τι
620 4647 657 4703 ἀεὶ
670 4649 723 4716 θεὸς
730 4647 771 4718 ἦν,
782 4650 824 4705 eal
837 4650 904 4706 furtu
918 4652 933 4705 d
946 4653 998 4717 υἱὸς
1010 4655 1085 4726 λόγος
1133 4657 1174 4711 eal
1186 4658 1215 4711 ro
1229 4662 1316 4730 ysruqiv
1331 4661 1460 4733 διάφορον.

310 4736 357 4805 ὢν,
372 4732 636 4806 disrumperet
651 4727 725 4807 copta
736 4727 780 4789 τοῦ
793 4735 895 4806 πατρὸς,
906 4737 947 4790 καὶ
962 4737 1000 4793 ὅτι
1014 4737 1084 4791 iore·
1169 4741 1243 4797 clu.
1259 4748 1329 4799 ortt.
1341 4759 1376 4801 tt.
1398 4741 1430 4798 ul
1446 4762 1481 4807 τις
1497 4741 1526 4797 cd
1540 4743 1654 4801 dmrteou
1668 4744 1713 4815 τὴν
1726 4745 1828 4819 uacua
1844 4746 1906 4805 hn-

310 4836 355 4891 pns
369 4816 403 4873 δι’
422 4815 488 4889 ἡμᾶς
501 4817 579 4889 σάρκα
601 4812 731 4869 nausa
757 4818 874 4888 παρθένον
902 4820 945 4889 τῆς
967 4819 1083 4877 iterduca
1132 4821 1263 4895 λαμὸάνει,
1279 4824 1356 4899 χωρίς
1368 4822 1420 4883 ἐστι
1434 4831 1476 4894 τῆς
1489 4825 1614 4894 θεότητος.

311 4899 417 4973 Μαρίας,
432 4898 558 4971 ἅνθρωπος
575 4898 670 4969 γέγονε.
686 4898 793 4957 citatur
812 4899 888 4957 eleb
902 4900 1035 4973 Euthym.
1051 4902 1085 4961 ta
1168 4908 1318 4963 dCrattt.
1352 4908 1474 4963 θοοτόκον
1495 4908 1522 4963 st
1541 4908 1610 4981 ὑμεῖς
1635 4909 1664 4964 od
1691 4911 1905 4987 παῦοσθσΜφίιν

311 4984 426 5057 Panop.
443 4982 486 5039 lit.
502 4980 536 5047 ΙΙ,
549 4995 584 5039 ex
598 4978 648 5037 lib.
665 4980 701 5037 tlt
716 4988 822 5041 cestra
835 4985 943 5041 Arion.
1131 4987 1273 5055 καλοῦντος.

344 5131 394 5186 'lc
409 5135 488 5187 eaden
507 5134 576 5201 injus
591 5132 654 5184 racis
668 5132 799 5199 antiquitate
817 5135 991 5191 demonstranda
1009 5135 1081 5191 desu-
1131 5142 1753 5211 eymtola'apostolictnttoh.&teutdradusuma
1763 5148 1900 5207 ultimam

310 5211 393 5264 darunt
406 5225 434 5262 cr
449 5211 562 5263 herodeis
575 5208 647 5261 nostrl
656 5211 764 5275 temporis
775 5212 837 5264 docti
850 5217 897 5264 tres
910 5212 961 5274 viri,
974 5212 1083 5264 Saieerus
1132 5220 1303 5287 interpretum.
1738 5222 1766 5277 F.
1783 5227 1813 5277 t.
1828 5226 1854 5278 z.

311 5286 335 5337 in
363 5287 486 5339 linum
499 5286 568 5339 verbo
590 5285 712 5349 θεοτόκος,
737 5287 873 5340 Petronius
886 5288 910 5339 lu
924 5288 1086 5356 depositione
1156 5302 1158 5305 ·

341 5428 352 5468 1
368 5424 398 5470 Ut
407 5431 465 5477 oret.
476 5432 519 5471 tat
528 5425 569 5471 nt.
583 5426 720 5474 delae-i
733 5426 799 5472 nect
814 5428 846 5473 tt
