4078 6162
261 335 320 396 412
762 335 1092 399 THEOLOGICORUM
1113 334 1336 399 DOGMATUM

262 501 325 563 Deo
349 500 438 561 Patre
464 507 627 576 generatus
653 506 708 564 est.
739 503 777 562 In
796 502 930 562 meranda
953 520 1028 563 vero
1081 502 1161 563 Tum
1175 502 1282 563 ambas
1301 502 1337 564 in
1361 502 1470 565 eodem
1490 509 1616 566 naturas
1637 504 1841 569 demonstrare

92 628 146 671 sq„
162 624 237 670 Pam,
263 591 381 654 carnali
394 600 496 673 ἀπάτωρ
509 592 587 667 fuit;
604 594 753 672 qnoniam
767 593 834 655 sine
848 593 944 673 patris
957 593 1028 655 offl-
1080 595 1182 674 pergit
1195 612 1234 656 ex
1245 594 1408 674 utriusque
1417 596 1669 676 proprietatibus.

263 686 321 760 cio,
335 684 479 764 virginali
492 691 833 765 uleroprocreatusest3
847 692 882 746 ut
895 686 1030 748 mediam
1122 682 1208 744 Idem
1222 687 1351 763 postea:
1381 704 1397 742 ι
1418 684 1539 745 Scimus
1557 686 1642 746 enim
1660 685 1741 748 nibil
1761 686 1844 766 spiri·

263 778 345 837 inter
359 777 1028 857 Deum,ethominemsnbstantiamgereus,
1080 779 1148 836 turn
1175 775 1230 838 bei
1258 793 1394 855 passum,
1429 776 1580 838 duntaxat
1612 795 1669 838 suo
1701 778 1840 854 nomine,

263 872 400 930 nostram
418 868 500 929 hane
513 868 655 947 fragilem
670 869 919 949 imbecillemque
937 876 1029 931 natu·
1081 868 1154 948 quia
1186 868 1385 947 impossibilis
1411 870 1503 944 Deus,
1538 870 1612 949 quin
1644 872 1726 932 Deus
1759 871 1845 950 spiri-

262 978 330 1022 rem
354 959 443 1040 quasi
465 979 563 1022 manu
587 961 626 1022 ad
644 961 909 1024 immortalitatem
929 970 1031 1041 posset
1081 967 1143 1022 tus.
1166 962 1287 1022 Scimus
1309 961 1394 1040 quod
1427 962 1529 1023 omnis
1557 962 1611 1023 illa
1640 963 1742 1042 passio
1775 982 1846 1043 pro-

263 1052 437 1114 edueere.»
1082 1053 1149 1133 prie
1171 1053 1274 1114 earnis
1299 1060 1331 1114 et
1345 1053 1469 1132 anime,
1498 1054 1530 1115 id
1555 1061 1602 1116 est
1622 1054 1784 1117 hominis:
1813 1056 1848 1118 in

301 1145 342 1205 ut
374 1144 505 1206 subinde
542 1145 654 1207 Milesii
687 1146 839 1224 Apollinis
871 1147 1030 1210 oraculum
1083 1165 1145 1226 quo
1158 1146 1284 1226 quidem
1301 1145 1440 1222 homine,
1463 1164 1535 1207 eum
1554 1152 1723 1226 pateretur,
1741 1153 1850 1210 eratet

263 1236 420 1316 quoddam
431 1255 589 1305 enarrans,
605 1237 769 1314 «Videtur,
779 1238 892 1317 inquit,
904 1257 1031 1318 negasse
1083 1238 1167 1299 filius
1188 1238 1252 1312 Dei,
1277 1236 1436 1299 cohaerens
1449 1237 1495 1298 illi
1514 1256 1570 1318 per
1584 1243 1741 1312 naturam,
1756 1256 1849 1318 aquo

263 1328 353 1390 illum
369 1330 478 1404 Deum,
499 1329 553 1390 sed
568 1348 640 1391 oum
652 1329 766 1390 latetur
783 1331 953 1390 seeundum
963 1348 1030 1392 ear-
1083 1335 1221 1406 venerat,
1236 1329 1348 1403 Patris,
1364 1335 1394 1390 el
1411 1330 1538 1391 unitatis
1550 1330 1710 1391 rinculm
1724 1347 1850 1392 servans

264 1421 442 1483 neminisse
456 1421 632 1498 mortalem,
649 1422 840 1502 quodetiam
854 1423 1033 1503 nospreedi·
1081 1423 1116 1484 in
1140 1422 1231 1484 terris
1258 1421 1418 1483 hominem
1440 1421 1590 1501 gestabat,
1618 1440 1676 1484 nee
1704 1422 1849 1484 aberata

263 1531 380 1590 camus,
393 1518 691 1592 consequensestut
704 1514 874 1575 seeundum
887 1516 1032 1595 spiritum
1082 1513 1178 1576 coelis.
1204 1514 1255 1576 Sic
1288 1514 1441 1575 mediator
1474 1514 1583 1589 dietus,
1619 1514 1663 1576 sie
1694 1519 1851 1593 sequester

263 1606 347 1665 Deus
356 1604 449 1665 luerit
465 1624 472 1665 :
489 1606 572 1684 quod
587 1623 644 1667 nos
658 1605 860 1669 mamus.
874 1627 890 1664 u
1082 1607 1244 1686 utriusque
1258 1606 1448 1681 substantie,
1461 1626 1477 1664 o
1490 1610 1548 1667 etc.

304 1698 357 1758 lV.
372 1697 506 1757 Hilarius
516 1696 595 1758 libro
617 1716 713 1771 nono,
725 1697 782 1758 sub
796 1698 933 1773 initium,
949 1717 1032 1761 eam·
1122 1700 1241 1759 Marius
1283 1697 1460 1759 Victorinus
1491 1696 1571 1758 libro
1605 1697 1708 1776 primo
1748 1706 1853 1761 rocoa
1948 1731 1953 1739 ·

263 1788 334 1849 dem
346 1788 568 1869 professionem
578 1790 690 1851 diserte
701 1791 745 1850 sic
755 1790 902 1870 exprimit
916 1811 946 1851 :a
959 1792 1032 1854 Nes·
1082 1787 1241 1850 Arium⁸t
1268 1789 1344 1849 «Εἰ
1365 1788 1478 1851 idcireo
1504 1788 1542 1849 de
1562 1788 1639 1850 Filio
1655 1788 1780 1864 dicitur,
1795 1791 1851 1868 ait,
1950 1783 1955 1793 ’

263 1881 304 1942 cit
327 1882 419 1960 plane
445 1881 542 1942 vitam
565 1890 665 1954 suam,
696 1882 803 1957 nescit,
841 1882 896 1961 qui
923 1883 1031 1946 lesum
1083 1881 1166 1960 quod
1180 1888 1211 1941 et
1224 1880 1432 1961 impassibilis,
1443 1880 1650 1958 etpassibilis3
1667 1880 1721 1941 sed
1734 1881 1770 1941 in
1778 1900 1852 1962 pre-

262 1973 417 2034 Christum
429 1978 466 2033 ut
481 1989 589 2034 verum
615 1975 725 2049 Deum,
744 1973 787 2034 ita
803 1981 835 2035 et
848 1992 957 2035 verum
977 1975 1032 2036 ho·
1083 1990 1191 2052 gressu
1217 1973 1341 2052 passio:
1372 1973 1507 2033 mamme
1528 1978 1633 2032 autem
1656 1972 1690 2031 in
1712 1979 1853 2037 extremo

262 2065 380 2126 minem
401 2066 525 2144 ignorat
541 2085 548 2126 t
570 2071 602 2127 et
615 2066 753 2145 ejusdem
767 2066 896 2146 periculi
910 2084 959 2128 res
973 2073 1029 2142 est,
1083 2065 1315 2145 progressionis,
1331 2063 1391 2125 hoc
1404 2069 1449 2125 est
1462 2081 1535 2125 cum
1547 2063 1607 2124 fuit
1619 2063 1652 2124 in
1665 2081 1770 2125 carne.
1785 2086 1801 2123 ο
1816 2067 1855 2127 Et

263 2158 419 2218 Christum
431 2159 448 2219 J
452 2176 539 2219 esum
550 2157 601 2219 vel
619 2158 764 2236 spiritum
778 2161 888 2234 Deum,
903 2159 954 2220 vel
964 2177 1032 2220 ear-
1083 2161 1187 2237 postea
1200 2153 1211 2189 ⁸
1224 2176 1232 2218 ι
1247 2177 1262 2214 ιι
1276 2157 1338 2218 Nos
1351 2161 1457 2217 tamen
1477 2154 1699 2236 impassibilem
1708 2161 1740 2217 et
1751 2156 1855 2219 filium

262 2267 336 2311 nem
361 2251 460 2309 nostri
487 2250 623 2329 eorporis
651 2250 844 2329 denegares
872 2250 925 2330 qui
946 2252 1032 2313 locus
1083 2249 1225 2324 dicimus,
1241 2248 1332 2327 juxta
1349 2248 1433 2327 quod
1453 2256 1552 2328 λόγοςε
1574 2245 1630 2329 (ut)
1652 2252 1757 2310 autem
1779 2265 1854 2311 caro

261 2340 880 2423 aTheodoretocitatur‘.Pergitdeinceps
886 2343 1028 2406 Hilarius,
1082 2340 1179 2403 iactus
1193 2346 1249 2416 est,
1260 2340 1449 2420 passibilem.
1463 2360 1479 2399 ν

265 2433 455 2505 «Mediator,
485 2433 597 2512 inquit,
627 2433 691 2513 ipse
721 2434 755 2494 in
782 2453 814 2495 se
840 2435 879 2496 ad
901 2435 1032 2497 salutem
1122 2434 1163 2494 V.
1179 2434 1327 2494 Damasus
1341 2433 1424 2511 Papa
1437 2433 1471 2492 in
1485 2431 1616 2508 epistola
1635 2433 1677 2492 od
1691 2431 1856 2495 dentata

261 2524 401 2586 Ecclesiae
414 2524 610 2600 constitutus,
625 2525 719 2586 etillo
741 2525 808 2605 ipso
826 2527 908 2587 inter
920 2528 1029 2605 Deum,
1082 2524 1237 2606 episcopos,
1259 2543 1321 2604 qua
1340 2523 1538 2603 Apollinaris,
1557 2522 1686 2603 ejusque
1709 2524 1856 2603 discipuli
1961 2526 1966 2537 '

261 2623 293 2679 et
315 2616 475 2678 hominem
496 2617 675 2678 mediatoris
692 2623 883 2679 sacramento
908 2625 1033 2680 utrum·
1083 2616 1240 2679 Timothei
1269 2616 1428 2677 damnavit
1462 2615 1618 2691 heresim,
1646 2615 1685 2676 de
1716 2615 1856 2677 duarum

261 2728 322 2789 que
348 2726 431 2770 unus
455 2710 598 2779 existens,
624 2710 700 2769 dum
723 2710 789 2789 ipsc
813 2727 852 2770 ex
878 2711 972 2771 unitis
997 2712 1031 2771 in
1082 2715 1267 2770 naturarum
1286 2707 1463 2786 integritate
1483 2707 1525 2768 sie
1539 2707 1671 2768 statuit:
1692 2706 1856 2769 ullunesi

262 2802 397 2882 idipsum
410 2801 530 2861 naturis
550 2807 670 2862 naturae
685 2802 845 2880 utriusque
860 2818 908 2862 res
922 2802 1031 2863 eadem
1082 2801 1151 2880 quis
1178 2801 1212 2860 in
1236 2799 1360 2874 deitate,
1382 2798 1445 2859 sive
1472 2798 1506 2860 in
1530 2798 1727 2860 humanitate
1747 2800 1856 2861 minus

261 2901 319 2971 est,
349 2895 392 2955 ita
413 2899 520 2954 tamen
540 2899 577 2954 ut
600 2899 712 2955 neutro
740 2898 857 2954 careret
883 2895 917 2953 in
944 2899 1030 2955 utro·
1081 2890 1199 2970 aliquid
1210 2890 1604 2968 dixerithabuisse‚plenus
1612 2890 1724 2970 spiritu
1736 2891 1856 2953 diaboli

176 2980 183 2995 ¹
261 3005 334 3065 que,
363 3004 404 3048 ne
426 2985 507 3047 forte
538 2987 619 3047 Deus
651 3003 715 3046 esse
746 2986 842 3047 homo
875 2987 1031 3047 nascendo
1081 2984 1232 3062 gehennae
1243 2982 1379 3061 seipsum
1392 2981 1493 3042 filiurn
1509 2982 1734 3044 demonstravit
1743 2992 1768 3042 ⁶.

261 3078 425 3154 desineret,
451 3083 482 3138 et
503 3077 598 3138 homo
623 3095 748 3138 rursum
776 3079 857 3139 Deus
875 3078 1030 3140 manendo
1122 3075 1205 3135 Etin
1220 3074 1492 3153 Romanasynodo
1505 3074 1648 3135 eamdem
1661 3074 1856 3153 Apollinaris

260 3174 456 3231 sonasset.»
1081 3167 1224 3228 haeresim
1237 3165 1445 3245 proscribens,
1461 3165 1655 3241 notaviteos,
1672 3166 1726 3246 qui
1744 3167 1857 3230 «duos
1965 3225 1978 3249 ‚

300 3260 339 3320 Et
352 3261 391 3321 ad
405 3259 558 3321 Psalmum
572 3261 756 3337 seeundum,
775 3282 790 3319 (ι
805 3260 863 3335 Qui
873 3259 957 3321 filius
969 3261 1029 3322 ho·
1079 3258 1159 3319 filios
1170 3263 1454 3335 assererent‚unum
1465 3263 1537 3318 ante
1548 3257 1773 3334 soecula,alium
1785 3264 1859 3338 post

260 3350 355 3413 minis
366 3357 422 3427 est,
432 3352 516 3413 idem
530 3357 562 3413 et
569 3351 653 3412 filius
665 3352 722 3414 Dei
736 3359 793 3414 est.
808 3353 925 3413 Natura
935 3371 1029 3432 gene·
1081 3350 1183 3412 carnis
1197 3351 1441 3429 assumptionem
1454 3368 1493 3411 ex
1504 3350 1603 3411 Maria
1616 3349 1747 3428 Virgine
1756 3347 1782 3410 l.
1798 3351 1859 3413 »Et

260 3443 393 3503 rositatis
421 3444 455 3503 in
484 3442 540 3503 filii
574 3443 711 3504 hominis
733 3445 942 3522 assumptione
965 3463 1029 3506 non
1081 3442 1115 3503 in
1136 3447 1284 3522 sequente
1306 3441 1575 3515 anathematismo,
1602 3462 1618 3499 ιι
1644 3440 1772 3514 Filium,
1798 3443 1854 3518 ait,

261 3534 391 3613 deperit.
405 3535 483 3595 Nam
497 3553 561 3595 non
576 3535 689 3597 idcirco
701 3554 768 3598 nou
782 3536 836 3597 Dei
849 3536 942 3609 iilius,
958 3536 1031 3615 quia
1081 3534 1221 3596 Verbum
1233 3533 1288 3595 Dei
1301 3552 1365 3595 una
1381 3552 1453 3595 cum
1469 3551 1598 3613 corpore
1609 3533 1812 3609 rationalem,
1826 3538 1858 3595 et

262 3630 293 3687 et
306 3624 442 3687 hominis
461 3634 507 3689 est
525 3626 617 3688 filius.
634 3628 703 3689 Non
724 3628 897 3689 enimcum
917 3626 1029 3688 divini·
1081 3627 1307 3707 intelligibilem
1323 3626 1461 3687 animam
1476 3626 1543 3687 sine
1565 3638 1690 3704 peccato
1709 3643 1858 3706 assump-

261 3717 334 3779 tatis
353 3716 530 3779 decessione
548 3718 585 3780 fit
604 3718 789 3781 humilitatis
806 3719 959 3794 ascanio,
974 3738 1031 3781 nec
1082 3720 1156 3780 sisse
1171 3726 1264 3797 alque
1278 3718 1467 3781 salvassew

261 3827 317 3890 per
349 3810 540 3871 consortium
573 3809 774 3883 infirmitatis,
809 3811 1031 3872 contumeliam
1122 3810 1288 3873 Faustinus
1310 3808 1344 3871 in
1366 3809 1446 3870 libro
1469 3815 1573 3870 contro
1589 3808 1730 3885 Arianos,
1753 3810 1858 3871 Deum
1880 3822 1989 3868 ulma

175 3976 179 3981 ι
261 3901 360 3962 virtus
370 3903 487 3979 excepit
501 3922 508 3962 :
524 3902 641 3983 qnippe
654 3921 726 3965 cum
735 3903 901 3965 infirmitas
911 3902 1031 3964 honore
1081 3903 1304 3982 hominemque
1318 3901 1477 3962 Christum
1488 3918 1554 3963 esse
1567 3900 1635 3962 fuse
1649 3900 1807 3981 approbat
1818 3920 1858 3964 ex

262 3993 301 4057 sit
314 3993 428 4054 donata
436 3993 571 4054 virtutis.
581 4015 597 4053 ν
1083 3996 1251 4076 Scriptura·
1264 3994 1458 4070 testimoniis,
1473 4000 1566 4072 atque
1587 3995 1631 4054 ita
1644 3993 1805 4055 concludit
1818 3994 1830 4029 ⁶
1847 4015 1856 4057 :

303 4085 464 4146 Scebadius
477 4085 664 4164 Aginneusis
674 4087 917 4149 coutraArianos
927 4088 1031 4167 dispu·
1085 4109 1101 4147 o
1112 4088 1146 4149 Si
1159 4105 1232 4165 ergo
1244 4087 1277 4146 in
1290 4090 1481 4147 sacramento
1496 4085 1569 4147 fidei
1580 4085 1640 4147 hoc
1659 4087 1856 4166 accepimus,

260 4182 349 4238 tans:
370 4178 419 4239 «0
434 4176 540 4255 duces,
550 4178 655 4257 inquit
668 4178 692 4255 ²,
707 4179 797 4239 caecil
813 4178 950 4241 osaeeuli
963 4198 1029 4240 am·
1082 4185 1118 4241 ut
1136 4179 1292 4240 Christum
1315 4179 1416 4238 Deum
1443 4178 1607 4239 credamus
1633 4176 1858 4255 ethominem,

261 4266 378 4328 bitione
391 4269 512 4348 decepti
524 4270 531 4329 l
547 4288 613 4330 non
626 4269 850 4348 distinguentes
863 4272 1030 4332 Dominicae
1082 4272 1182 4333 Deum
1196 4270 1324 4349 quidem
1337 4269 1377 4330 de
1390 4270 1453 4330 Deo
1467 4269 1534 4330 sine
1545 4269 1635 4330 initio
1647 4273 1785 4345 tantum,
1802 4271 1860 4333 bo-

260 4359 409 4439 potentiae
423 4360 579 4440 duplicem
586 4362 752 4436 statum,in
761 4380 818 4423 sua
825 4380 1032 4442 unumquem-
1082 4362 1200 4423 minem
1215 4365 1331 4430 antem
1347 4378 1409 4440 qua
1421 4361 1459 4421 de
1471 4360 1599 4439 Virgine
1612 4360 1645 4420 in
1658 4360 1860 4440 temporibus

261 4467 323 4528 que
348 4453 532 4531 proprietate
558 4454 738 4529 distantem3
767 4460 799 4514 et
821 4455 972 4534 quidquid
992 4455 1031 4516 de
1081 4458 1276 4521 natum,non
1290 4451 1518 4513 calumniemur
1530 4451 1685 4513 divinitati
1698 4450 1859 4529 ejus,cum

260 4542 387 4603 homine
407 4543 473 4622 ejus
494 4545 611 4606 dictum
633 4552 690 4623 est,
714 4546 777 4607 Deo
800 4547 971 4625 apph0atis,
995 4553 1032 4608 ut
1081 4563 1138 4624 pro
1152 4551 1258 4606 nostra
1269 4545 1389 4606 medela
1400 4562 1470 4624 quae
1483 4543 1698 4605 sunthominis
1708 4546 1859 4623 exsequi·

105 4631 222 4727 „uss‘ssqun
263 4633 428 4714 ipsabeus
454 4635 591 4697 hominis
612 4637 824 4699 imbecillitate
845 4638 1028 4700 societur.»
1082 4636 1267 4714 tur,habens
1281 4637 1357 4698 inse
1372 4635 1676 4717 acceptamhominis
1687 4640 1857 4700 naturam:

300 4846 321 4885 a
340 4830 453 4885 Dsussc,
470 4828 545 4899 apud
565 4831 588 4887 T
592 4829 673 4888 heod.
688 4829 736 4886 lib.
754 4832 868 4889 viret.
884 4847 945 4903 cup.
961 4848 989 4888 tx
1003 4838 1032 4889 ei
1080 4831 1373 4906 διϊσχοριζοηιένοος,ἰνοι
1385 4831 1434 4903 πρὸ
1447 4836 1497 4884 τῶν
1514 4830 1621 4899 αἰώνων,
1638 4831 1679 4885 sol
1698 4832 1777 4886 ἄλλον
1793 4834 1859 4905 ματα

263 4912 337 4984 apud
353 4911 458 4983 Tripar.
483 4911 530 4968 lib.
550 4913 596 4976 lx,
613 4929 673 4984 cap.
689 4930 735 4969 xv.
755 4915 847 4969 Τοῦτον
872 4914 895 4968 εἴ
920 4934 956 4978 τις
977 4917 1033 4983 ἤτοι
1081 4917 1126 4986 τὴν
1140 4920 1183 4984 τῆς
1197 4915 1285 4988 οαρνιδς
1300 4913 1326 4968 ἔνι
1340 4919 1383 4982 τῆς
1396 4915 1494 4986 Μαρίας
1507 4915 1637 4987 ἀνάληψιν.

264 4996 459 5068 ἀνθρωπότητος,
471 4996 487 5063 ἢ
497 4996 611 5064 θεότητος
624 4996 727 5050 ἔλαττον
743 4995 869 5071 ἐσχηκέναι
878 4996 952 5063 εἴποι,
960 4998 1031 5052 arsi·
1118 5017 1132 5056 e
1154 4999 1221 5056 ibid.
1242 4998 1317 5061 Αὖτδς
1331 5000 1377 5070 γὰρ
1391 4992 1462 5062 οὗτος
1478 4998 1550 5053 deod
1564 4999 1618 5052 θεοῦ
1631 5000 1716 5071 λόγος,
1730 4998 1791 5073 οὐχὶ
1801 5001 1859 5056 ἀντὶ

265 5098 341 5152 ματος
355 5079 478 5133 διαὸόλοο·
490 5080 691 5152 πεπληρωμένος,
711 5085 754 5150 τῆς
768 5082 866 5154 γεέννης
879 5080 931 5135 οἷον
947 5081 1032 5135 ἑαυτὸν
1081 5088 1125 5152 τῆς
1146 5084 1262 5154 λογικῆς,
1284 5082 1326 5134 καὶ
1346 5082 1432 5153 νοερᾶς
1454 5081 1533 5154 ψυχῆς
1557 5079 1581 5135 ἐν
1603 5086 1640 5154 τῷ
1654 5081 1740 5134 ἑαυτοῦ
1756 5084 1858 5156 σώματι

265 5160 442 5216 ἀποδείκνυσιν.
1081 5169 1191 5241 γέγονεν.
1207 5164 1272 5219 ἀλλὰ
1283 5164 1327 5232 τὴν
1344 5164 1476 5236 ἡμετέραν,
1490 5166 1601 5220 τουτέστι
1614 5163 1728 5237 λογικὴν,
1739 5166 1781 5218 καὶ
1796 5186 1857 5220 νοε-

301 5246 317 5301 b
336 5245 413 5316 Apud
429 5246 561 5303 eumdem
576 5247 712 5303 Theodor.
739 5263 799 5318 cap.
827 5264 858 5314 u,
883 5255 911 5303 et
926 5246 1030 5319 Tripar.
1083 5250 1126 5323 ρὰν
1141 5250 1198 5302 ἄνευ
1212 5246 1385 5321 ιῆςᾶμαρτίας
1397 5247 1476 5321 ψυχὴν
1489 5245 1601 5313 iidata,
1615 5247 1655 5301 aot
1667 5246 1771 5302 ἔσωσεν.

264 5344 324 5401 cap.
347 5344 404 5384 xvi.
429 5327 646 5403 Ἀναθεματῐζομεν
664 5330 705 5385 καὶ
731 5332 788 5394 τοὺς
815 5331 859 5385 δύο
888 5324 950 5384 εἶναι
970 5329 1035 5392 υἱοὺς

289 5488 301 5531 t
317 5487 372 5532 llisl.
385 5490 462 5535 usi
474 5491 527 5539 Sub.
537 5498 553 5536 t.
565 5491 593 5535 lV
603 5493 701 5538 bib-8
713 5494 772 5538 lom.
784 5493 811 5537 IV
825 5493 880 5538 sttt
889 5495 932 5538 ool.
943 5491 1044 5537 bib-i
1057 5492 1119 5538 lia-
1132 5493 1145 5536 5
1161 5493 1235 5537 Fami.
1247 5504 1268 5536 ο.
1281 5502 1308 5536 ur
1319 5491 1362 5537 col.
1374 5490 1526 5537 &21¹⁰le
1540 5490 1596 5538 stit.
1606 5489 1668 5535 Patr.
