4122 6248
585 222 635 282 DE
656 222 961 297 INCARNATIONE,
984 227 1066 291 LIB.
1087 227 1126 303 V,
1156 228 1241 291 CAP.
1265 227 1348 288 XVI.
1702 228 1763 289 659

179 377 233 445 Dei
245 380 354 445 matris
363 381 496 462 dignitas
502 385 542 449 sb
551 385 634 451 illius
641 388 764 475 defensa
770 390 944 467 calumniis,
998 409 1036 453 ex
1046 393 1147 471 primo
1161 391 1240 452 libro
1254 391 1347 470 hujus
1361 391 1462 472 operis
1476 396 1612 453 constat:
1623 391 1657 452 in
1670 409 1765 470 quam

179 470 376 549 splendorem
402 493 495 539 sunm
509 478 657 553 obhneat,
674 482 781 561 capitis
801 483 896 561 hujus
915 488 946 549 et
997 490 1158 563 propterea
1185 484 1421 558 confutandam,
1455 483 1762 563 opprimendamque,

179 566 377 643 sequenimm
390 568 509 648 aliquot
525 571 690 650 disputatio
712 575 835 655 proprie
850 576 946 639 susei-
997 576 1136 643 sedulam
1146 595 1271 656 operam
1282 580 1436 638 naverunt
1448 575 1597 656 Apostoli,
1610 576 1765 655 primique

179 654 272 734 pihrr.
304 659 343 721 In
370 678 433 740 quo
455 662 607 743 explicere
632 666 713 727 istud
735 668 944 747 aggredimur,
997 675 1067 747 post
1087 687 1150 743 eos,
1175 676 1206 731 el
1228 669 1369 730 omnium
1387 668 1585 729 vetustissimi
1603 669 1766 749 scriptores

178 750 442 826 quemadmodum
457 754 632 821 beatissime
652 759 765 823 Christi
779 779 901 839 perena,
915 766 947 823 et
997 760 1213 834 Ecclesiastici,
1250 767 1286 822 ut
1319 760 1401 822 inter
1434 760 1596 839 Apostolos
1629 761 1766 821 ioannes

177 840 286 918 Vim,
295 845 508 925 qnoquejure,
521 857 644 925 νεοτόκος,
651 850 683 910 id
694 857 810 915 estnon
822 854 947 931 pericia
997 853 1201 930 Evangeliata,
1217 854 1272 932 qui
1285 853 1318 917 in
1329 853 1506 931 Evangelio,
1522 860 1554 915 et
1566 853 1600 913 in
1613 853 1766 913 aanonieis

176 931 289 1010 solnm,
305 936 398 999 utils
412 938 531 1015 dieam3
554 940 608 1001 sed
621 943 715 1003 etiam
727 943 865 1023 psaitrin
877 944 942 1020 liei,
997 944 1061 1005 suis
1074 945 1217 1023 epistolis,
1235 944 1334 1005 multa
1352 945 1426 1023 jecit
1453 946 1486 1005 ln
1508 943 1577 1005 illos
1599 944 1714 1023 gravia,
1735 951 1767 1006 et

175 1041 241 1087 nnn
255 1024 406 1091 abusione
417 1030 532 1109 aliquo,
550 1033 600 1096 vel
620 1033 752 1109 fipuata
776 1034 942 1111 locutione,
997 1039 1184 1099 sententiosa
1199 1037 1290 1099 diota.
1309 1039 1355 1099 Ex
1369 1036 1511 1099 Patribus
1523 1054 1597 1097 vero
1611 1037 1766 1116 praecipue

175 1116 452 1198 sedveomauvo,
467 1140 504 1185 aa
518 1125 644 1204 proprio
657 1142 799 1193 sermone
813 1129 942 1191 diaeum.
996 1129 1151 1202 iustinus,
1186 1129 1339 1207 Ignatius,
1368 1129 1517 1205 lrenaeus,
1545 1128 1677 1189 haereses
1699 1128 1767 1189 illas

216 1209 283 1273 Hoe
293 1217 329 1273 ut
342 1214 451 1277 ordine
464 1219 645 1290 mactatum,
663 1236 699 1279 ao
713 1219 764 1283 via
782 1220 944 1300 disceptari
997 1226 1155 1282 notarunt.
1184 1220 1324 1283 iristinus
1343 1221 1471 1299 quidem
1494 1220 1587 1281 variis
1612 1220 1646 1280 in
1672 1220 1762 1281 locis:

102 1300 105 1305 ’
174 1301 288 1365 melius
301 1306 501 1385 possit,inde,
516 1309 873 1390 opinor,auspioandum
887 1320 943 1392 est,
997 1314 1132 1377 maxime
1147 1331 1220 1374 vero
1238 1314 1272 1374 in
1285 1312 1418 1391 dialogo,
1438 1312 1597 1374 Christum
1616 1330 1656 1373 ex
1669 1313 1766 1374 Maria

174 1397 211 1459 ui
230 1413 270 1459 ex
292 1403 408 1459 macta
427 1398 510 1463 illius
526 1401 634 1463 matris
648 1407 753 1477 utero,
776 1404 836 1465 hoc
848 1411 891 1465 esi
906 1407 945 1471 de
996 1406 1115 1471 iactum
1122 1405 1283 1471 hominem
1293 1410 1456 1469 asseverat.
1469 1405 1589 1466 Utrum
1603 1404 1656 1464 illa
1669 1405 1764 1466 etiam

174 1485 433 1567 querebamus,
448 1492 576 1555 maxima
589 1494 705 1572 aliquid
720 1495 877 1559 Christum
889 1517 897 1573 ;
910 1516 946 1560 ao
997 1496 1117 1561 Psalmi
1129 1496 1240 1558 verba:
1258 1496 1477 1560 deuteroseis
1490 1496 1668 1575 Luciferum
1677 1495 1765 1577 penui

174 1578 464 1661 mendamccmcm,
480 1583 536 1665 (uti
548 1585 841 1665 Patresloquuntnr,
852 1595 944 1651 natu·
998 1588 1041 1649 tc¹
1047 1606 1061 1665 ,⁹
1075 1594 1188 1669 atquae
1204 1589 1307 1651 statim
1320 1594 1511 1668 sequuntur:
1524 1588 1647 1651 iurauit
1660 1587 1764 1651 Durri-

174 1688 245 1737 rum
260 1673 467 1754 intelligentes
483 1676 629 1757 hominis)
644 1696 716 1741 vere
729 1679 768 1741 ah
785 1679 838 1745 ills
856 1683 944 1762 geni·
998 1699 1068 1754 eus,
1090 1689 1119 1743 et
1139 1700 1197 1743 uon
1217 1680 1371 1761 penitebit
1385 1699 1468 1743 aum:
1487 1688 1521 1741 tu
1538 1698 1566 1740 er
1577 1679 1718 1741 Sacerdos
1732 1680 1766 1741 ιἰι

175 1768 246 1829 turn
260 1784 325 1829 esse
338 1774 554 1835 monstremus.
571 1771 702 1835 Nemeo
720 1773 943 1853 velconcesso,
997 1781 1140 1839 etenum
1177 1774 1335 1837 seeundum
1375 1770 1502 1833 ordinem
1540 1770 1763 1845 Melchisedech,

174 1860 227 1927 ccl
247 1859 397 1938 probato3
420 1862 504 1939 quod
527 1861 641 1924 minori
663 1865 946 1943 annuntiaremus
998 1866 1169 1945 significare
1183 1865 1270 1929 dicit:
1290 1864 1644 1929 «Deumuniversorum
1657 1884 1765 1944 paren·
1789 1873 1931 1917 beronen-

174 1950 333 2032 plerisque
358 1953 600 2033 refragantibus,
626 1955 800 2035 obtinetur;
826 1960 885 2022 erit
910 1961 944 2022 in
998 1966 1061 2025 tem
1076 1978 1115 2021 ex
1128 1964 1245 2020 aterno
1258 1958 1352 2019 etiam
1366 1957 1607 2038 perhumanum
1621 1963 1763 2034 uterum,
1789 1934 1934 2024 ‘merbiiw'

175 2044 736 2117 aiteroviotoriaoartionaeiacilior.
998 2051 1088 2113 illum
1111 2051 1204 2112 fnisse
1231 2057 1483 2129 generaturum⁰.
1508 2070 1524 2107 u
1548 2050 1586 2110 Et
1598 2050 1765 2127 interjectis
1789 2033 1927 2131 ,pmfflss

218 2137 378 2203 Christum
397 2139 502 2218 itaque
524 2158 665 2216 carnem,
681 2141 745 2203 sive
758 2142 862 2222 potius
874 2162 945 2224 per·
997 2143 1193 2222 quibusdam,
1217 2142 1361 2214 affirmat,
1394 2160 1471 2203 aex
1484 2141 1629 2219 Virgine,
1656 2146 1688 2202 et
1710 2159 1766 2220 per
1820 2141 1921 2238 wfssgffl'

60 2227 82 2257 ¹¹¹
175 2227 289 2291 lectam
307 2230 443 2292 bominis
455 2236 616 2300 naturam,
633 2239 774 2297 materno
795 2253 834 2296 ex
856 2242 945 2298 utero
997 2235 1159 2313 Virginem
1170 2235 1310 2314 genitum
1324 2232 1417 2311 asael,
1431 2255 1446 2292 ιι
1463 2233 1558 2312 idque
1570 2233 1765 2295 testificatum
1798 2253 1923 2289 canarno

175 2322 352 2399 sumpsisse,
365 2322 398 2383 in
411 2325 662 2386 antecedentibus
675 2325 824 2406 eapitibue
842 2334 946 2389 oeten-
997 2346 1062 2389 esee
1086 2329 1271 2408 Prophetam
1295 2328 1427 2389 Esaiam
1452 2327 1533 2386 Tum
1556 2344 1661 2388 arere
1674 2325 1761 2387 illum
1797 2307 1924 2408 maiiiibe.

174 2431 248 2473 aum
262 2420 326 2489 eu;
342 2415 478 2478 maxime
491 2416 524 2477 in
538 2434 605 2491 sav,
622 2417 946 2483 ubireveralieumex
996 2421 1089 2482 irrisae
1122 2421 1282 2487 hominem
1313 2421 1367 2492 ait,
1401 2419 1456 2500 qui
1476 2436 1584 2479 revera
1610 2419 1764 2479 amiciatur

174 2506 602 2585 uteroldatrisessegenitum
611 2508 943 2591 adstruximustquod,
996 2530 1088 2576 sensu
1106 2512 1301 2591 perceperitf.
1328 2533 1343 2569 u
1368 2512 1405 2572 Et
1426 2516 1543 2590 postea,
1565 2534 1579 2563 ε
1591 2529 1647 2591 par
1660 2512 1762 2590 Virgi-

174 2603 213 2659 ut
228 2597 303 2675 dixi,
322 2617 386 2659 nou
401 2599 462 2660 alio
473 2618 565 2661 sensu
579 2605 680 2680 potest
692 2603 833 2681 intelligi,
850 2623 946 2683 quam
996 2622 1070 2666 nem
1082 2604 1244 2666 hominem
1257 2621 1322 2664 esse
1343 2603 1501 2682 genitum:
1527 2610 1562 2664 ut
1583 2621 1645 2682 qua
1663 2604 1711 2663 via
1724 2604 1764 2665 ab

174 2690 204 2750 si
236 2708 379 2767 carnem,
413 2691 589 2755 hominisve
627 2694 764 2755 indidem
801 2702 946 2759 naturam
996 2703 1137 2776 serpente
1150 2695 1359 2757 inobedientia
1368 2696 1501 2775 sumpsit
1510 2695 1645 2772 britium,
1655 2697 1765 2757 eadem

174 2781 292 2860 cepisse
319 2783 451 2847 dicatur.
485 2784 523 2844 ln
550 2802 612 2864 quo
640 2785 702 2845 duo
729 2786 947 2851 haeretieorum
996 2790 1091 2853 eliam
1104 2788 1154 2851 vin
1168 2789 1285 2850 exitum
1298 2786 1462 2867 capiuli.»

173 2892 291 2953 genera
305 2875 499 2941 refutantur:
522 2894 657 2956 quorum
680 2877 732 2939 alii
753 2897 816 2940 non
839 2899 947 2943 veram
1037 2880 1176 2961 Ignatius
1189 2899 1263 2941 vem
1276 2879 1383 2940 multia
1395 2879 1429 2939 ia
1443 2879 1517 2941 locis
1530 2896 1604 2940 vere
1618 2897 1657 2940 ex
1670 2880 1764 2941 lilerio

175 2984 318 3044 earnem,
345 2986 513 3048 veramque
537 2968 741 3031 subslantiam
763 2977 946 3035 ceterorum
997 2975 1141 3052 genitum
1155 2990 1219 3034 esse
1243 2972 1300 3032 Dei
1322 2971 1424 3035 filium
1444 2972 1615 3033 sarriendum
1643 2989 1769 3033 earnem

175 3058 342 3123 hominurn
353 3060 485 3123 similem
497 3061 944 3140 assumptamessafinserunt:
998 3066 1120 3126 asserit:
1150 3073 1186 3125 ul
1208 3065 1241 3124 iu
1254 3064 1352 3142 eapite
1375 3080 1429 3124 xlv
1446 3064 1698 3127 memoravimus.
1715 3066 1768 3127 Est

175 3151 233 3217 sud
252 3151 335 3213 illius
348 3151 482 3231 effigiem
495 3153 656 3228 duntaxat,
672 3158 703 3215 et
717 3154 851 3216 larvam:
873 3160 944 3217 tan-
999 3158 1093 3221 etiam
1104 3154 1235 3234 insignis
1249 3174 1313 3234 prae
1326 3156 1444 3215 calaris
1451 3156 1484 3216 in
1493 3157 1620 3234 epistola
1628 3155 1668 3219 ud
1679 3156 1770 3217 Troi-

175 3261 272 3321 quum
285 3250 440 3323 speotrum
454 3244 580 3325 aliquod
596 3245 744 3322 hominis,
766 3265 831 3309 non
850 3247 945 3315 homo
1001 3249 1112 3310 ichnos:
1132 3248 1249 3322 cVere,
1265 3246 1378 3326 inquit,
1400 3247 1496 3309 Maria
1519 3248 1626 3319 genuit
1644 3267 1767 3327 corpus,

178 3335 319 3399 Christus
333 3341 421 3409 asset,
436 3343 472 3397 ut
485 3356 563 3416 quos
585 3346 700 3415 δοιητις,
722 3344 753 3401 et
766 3348 946 3420 percenseri,
1000 3342 1083 3421 quod
1097 3339 1289 3405 habitantem
1307 3339 1340 3399 in
1356 3356 1389 3399 se
1408 3340 1506 3399 ileum
1520 3338 1632 3401 hahet:
1648 3357 1684 3399 ae
1698 3358 1770 3399 rere

178 3433 342 3491 vorarunt.
357 3428 533 3495 Aliiveram
546 3431 948 3509 quidemcarncmveram·
1000 3434 1142 3513 genitum
1168 3435 1216 3492 est
1241 3431 1380 3491 Verbum
1405 3431 1444 3490 de
1471 3428 1598 3507 Virgine
1624 3431 1770 3493 indutum

177 3538 241 3598 qua
254 3526 398 3583 naturam
416 3519 552 3585 bominis
570 3522 696 3585 ascilam
720 3523 864 3599 fatentes,
883 3542 949 3585 non
1001 3543 1130 3604 corpore
1145 3523 1253 3585 iiuiem
1267 3522 1428 3583 nobiseum
1442 3520 1658 3584 affectionibus
1671 3523 1769 3585 obno-

177 3629 251 3675 asm
263 3621 369 3677 tamen
382 3630 421 3673 ex
435 3613 573 3692 Virginis
587 3620 676 3679 utero
691 3616 885 3695 decerptam,
911 3634 948 3676 ae
1001 3619 1063 3677 xio.
1082 3619 1159 3678 Vere
1172 3616 1205 3677 in
1228 3621 1318 3676 utero
1339 3619 1505 3693 conceptue
1534 3620 1590 3686 est,
1619 3616 1674 3693 qui
1698 3615 1770 3676 uni·

177 3705 303 3784 proprie
316 3704 398 3769 dicte
417 3705 616 3784 generatione
634 3706 799 3771 formatam
818 3715 947 3787 putave-
1001 3728 1105 3771 varsos
1119 3708 1262 3771 homiues
1274 3707 1419 3768 formavit
1436 3706 1470 3766 in
1488 3712 1596 3767 utero:
1620 3707 1771 3786 tinxitque

176 3802 274 3872 ωιτη
289 3796 343 3857 sed
355 3796 406 3863 vel
418 3817 436 3858 e
450 3797 567 3859 coelesti
581 3798 708 3859 materia
720 3798 827 3861 fictum
844 3799 947 3863 elebo-
1001 3802 1060 3863 sibi
1069 3819 1180 3878 corpus
1193 3818 1232 3861 ex
1245 3799 1385 3877 Virginis
1396 3798 1559 3876 sanguine,
1584 3800 1661 3860 citra
1674 3800 1771 3861 uham

177 3896 343 3968 ratumque
357 3889 553 3968 nescioquod
564 3890 740 3951 humanum
753 3910 883 3970 corpus3
898 3891 949 3952 rel
1000 3912 1073 3956 oum
1082 3894 1150 3955 viro
1161 3891 1470 3953 eonsuetudiuem⁶.n
1489 3889 1549 3964 Qui
1562 3890 1650 3952 locus
1661 3891 1773 3970 Ignatii

176 3980 304 4045 aliunde
327 3981 458 4057 saltem,
482 4000 579 4061 quarn
596 4000 636 4043 ex
658 3982 725 4062 ipsa
748 3983 950 4063 parturientis
1001 4003 1042 4049 ne
1056 3985 1130 4063 quid
1144 3982 1772 4062 dissimulem,iuFlorentinecodiae,qui

177 4090 291 4149 massa,
305 4073 536 4149 etsubslautis,
560 4073 647 4135 velut
667 4093 722 4153 par
744 4075 896 4151 maulam,
918 4080 950 4137 at
1001 4074 1145 4143 omnium
1158 4071 1430 4151 prudentissimus
1439 4071 1771 4145 hahetur,nonexstat.

176 4164 290 4231 tubum
301 4164 425 4244 perillo
436 4173 640 4231 saerosauotae
655 4166 791 4245 Virginis
805 4166 950 4232 tremere
1004 4165 1066 4229 Sed
1077 4164 1151 4224 satis
1164 4168 1210 4225 est
1221 4162 1323 4236 nobis,
1339 4163 1423 4242 quod
1438 4181 1503 4223 vere
1511 4163 1645 4244 penitam
1656 4182 1695 4226 er
1714 4162 1775 4223 Vir-

176 4256 297 4321 visere
309 4256 465 4321 (fixerunt.
1001 4254 1234 4337 pineseaandum
1245 4254 1775 4335 cornemidemlgnatiosinepistols

220 4349 259 4411 ll.
282 4348 419 4429 Utraque
441 4350 577 4429 pravitas
599 4348 713 4413 erroris
738 4348 953 4429 antiquissima
1003 4350 1044 4410 ad
1059 4347 1240 4429 scemeca,
1262 4365 1332 4426 quae
1355 4345 1457 4425 prima
1471 4353 1517 4408 est
1538 4346 1592 4407 illo
1612 4347 1645 4408 in
1660 4349 1775 4423 codiee,

179 4446 236 4518 nsi,
253 4442 286 4502 et
297 4439 372 4519 ipsis
381 4446 455 4503 nata
465 4440 657 4521 temporibus
669 4440 905 4518 Apostolorum:
920 4445 956 4502 ut
1002 4446 1134 4503 testatur
1146 4440 1247 4503 fillum
1263 4439 1328 4513 Dei,
1345 4457 1380 4499 ac
1398 4457 1473 4505 vere
1495 4457 1622 4503 carnem
1648 4440 1773 4503 habere.

217 4632 239 4673 α
256 4617 363 4672 iusum.
378 4614 460 4671 Dici.
481 4614 516 4670 Oi
530 4616 644 4687 sqpeiver
658 4616 728 4690 ἡμῖν,
746 4617 785 4671 θτι
800 4616 901 4681 ἄνωθεν,
916 4619 957 4670 καὶ
1003 4619 1046 4671 ἵνα
1059 4618 1100 4671 καὶ
1109 4618 1141 4671 δι’
1156 4611 1184 4684 ἧς
1197 4616 1256 4669 diois
1269 4613 1285 4681 ἦ
1300 4613 1349 4669 dub
1365 4608 1409 4667 τοῦ
1425 4617 1504 4687 ὄφεως
1517 4616 1627 4689 παρακοὴ
1643 4618 1687 4687 τὴν
1698 4618 1777 4692 ἀρχὴν

181 4699 223 4754 διὰ
245 4699 351 4772 γαστρθς
375 4698 534 4770 ἀνθρωπείας,
555 4699 570 4754 θ
593 4700 645 4764 θεθς
664 4701 705 4753 καὶ
727 4700 807 4772 πατὴρ
822 4705 871 4753 τῶν
890 4700 955 4752 dhus
1006 4699 1089 4771 ἔλαθε,
1105 4699 1145 4753 διὰ
1159 4697 1246 4766 ταύτης
1260 4702 1303 4765 τῆς
1318 4691 1567 4754 maturauerat
1580 4700 1655 4774 λάθῃ.

182 4783 312 4861 γεννᾶσθαι
326 4780 398 4835 αθτθν
412 4779 532 4855 ipsiius,
1043 4798 1058 4839 e
1077 4783 1168 4837 leuen.
1194 4779 1303 4848 Ἀληθῶς
1316 4780 1398 4835 τοίνυν
1410 4779 1521 4855 ἐγέννησε
1535 4783 1621 4855 Μαρία
1632 4790 1706 4857 σῶμα
1721 4785 1777 4838 iris

219 4865 236 4921 b
255 4864 285 4921 lb
295 4864 323 4920 d.
343 4862 400 4921 'Car
423 4859 580 4935 θαπαρθθνου
596 4866 719 4938 γεννητὸς,
729 4866 770 4919 acl
786 4864 827 4917 act
838 4864 957 4937 παρθένου
1007 4865 1100 4919 iratior
1115 4864 1185 4937 ἔχον,
1208 4864 1249 4917 sui
1270 4862 1366 4932 ἀληθῶς
1387 4861 1499 4939 ἐγεννήθη
1514 4865 1529 4919 θ
1544 4866 1597 4928 θεὸς
1611 4866 1684 4939 λόγος
1698 4860 1724 4919 θα
1738 4870 1781 4934 τῆς

182 4948 330 5023 γεννηθῆναι
345 4945 418 5000 attic
432 4944 473 4999 ud
488 4942 596 5000 Ἡσαΐου
607 4945 810 5023 ἔπεπροηητευτο.
1008 4948 1139 5019 παρθένου,
1154 4954 1229 5019 σῶμα
1250 4946 1399 5019 ὁμοιοπαθὲς
1414 4948 1474 5020 ἡμθ
1495 4947 1668 5021 ἠμφιεσμένος.
1684 4950 1782 5018 ἀληθῶς

230 5046 245 5086 0
263 5029 334 5086 ibid.
355 5028 412 5084 Ὀτι
427 5029 523 5101 ἀληθῶς
537 5030 769 5103 γθγονενᾶνθρωπος
783 5030 961 5098 ἀντιληπτιιιῶς
1008 5030 1107 5104 γέγονεν
1124 5028 1148 5082 ἐν
1164 5030 1263 5103 μέτρᾳθ
1277 5032 1370 5093 πάντας
1385 5030 1556 5103 nummulo
1573 5034 1653 5104 μήτρᾳ
1664 5032 1782 5087 ucetic-

191 5113 286 5167 παθών.
1009 5106 1070 5175 τιον,
1085 5111 1126 5164 sai
1148 5110 1261 5182 ἐποίησεν
1281 5113 1360 5186 ἐαυτῷ
1381 5119 1453 5184 σῶμα
1480 5112 1506 5167 is
1531 5109 1581 5168 τῶν
1602 5118 1645 5185 τῆς
1664 5115 1784 5188 παρθένον

219 5196 241 5252 d
262 5194 334 5252 lbid.
354 5195 401 5249 hat
415 5194 455 5249 sd
475 5198 518 5263 τῆς
539 5196 658 5268 saphires
686 5196 811 5269 ἅνθρωπος
825 5197 959 5270 γεγονέναι·
1012 5195 1134 5267 αἱμάτων,
1147 5194 1214 5267 πλὴν
1227 5199 1286 5252 θεον
1302 5197 1358 5251 ἄνευ
1373 5196 1471 5269 ὁμιλίας
1484 5196 1580 5269 ἀνδρός.

205 5363 215 5407 l
230 5365 267 5409 Ρι.
279 5373 336 5408 sun
