4072 6164
364 318 424 379 516
868 320 1194 385 THEOLOGIGORUM
1215 320 1434 383 DOGMATUM

363 488 475 544 natura
508 486 619 561 carnis,
656 504 718 565 qua
750 493 920 568 assumpta,
954 488 1007 549 Dei
1032 484 1131 548 Verbi
1180 485 1471 548 haereticisomnem
1484 481 1648 547 cavillandi
1661 476 1939 558 ooeasionempra·

362 581 475 637 natura
488 577 647 639 incarnata
668 584 724 655 est,
753 584 784 641 et
806 580 1074 641 inhumanatam>
1091 579 1131 639 Et
1179 578 1328 641 cidamus.

362 684 437 728 mor
463 690 478 726 ιι
491 687 555 730 non
579 675 733 745 mutatus,
761 671 815 733 sed
840 690 964 734 carnem
991 688 1128 747 sumens,
1219 671 1400 733 Theodorus
1412 668 1574 751 presbyter
1595 663 1815 729 Rhaethuensis
1831 663 1863 723 ι’νι
1879 662 1938 725 Ias·
1971 672 2024 773 ὧν

361 759 542 822 incarnatus
556 760 666 824 estas
1178 763 1279 844 ρορὶοο
1293 770 1427 825 tractatu
1444 763 1483 824 de
1507 759 1725 823 Incarnatione
1740 756 1938 835 Dominipln·
1968 781 2024 838 aa,

401 852 437 914 X.
467 853 616 934 Eulogius
643 856 871 919 Alexandrinus
899 855 1072 918 accuratius
1096 854 1132 915 in
1179 851 1669 936 ribusagitdeillacyrilliroce¹,
1683 849 1938 926 etadditamento,

361 943 439 1005 illud
462 948 650 1009 vocabulum
672 948 843 1029 inquirens,
859 949 1009 1010 trifariam
1031 947 1131 1028 expli·
1180 948 1265 1027 quod
1286 947 1495 1014 necessarium
1514 949 1605 1026 putat
1627 943 1799 1023 Eulogius:
1821 960 1860 1003 ex
1884 960 1940 1022 qrro

189 1046 331 1146 maim
360 1037 423 1098 cari
440 1049 626 1120 οεοαρυυρέυηυ
640 1047 711 1119 ρίου
731 1042 791 1104 ait:
811 1043 896 1104 adut
912 1041 997 1104 enim
1013 1039 1130 1120 signifi·
1179 1039 1369 1117 singularem
1382 1039 1533 1102 unitionis
1544 1038 1622 1117 ejus,
1638 1035 1814 1117 οοιεουιίο
1827 1034 1941 1096 Christo

247 1111 320 1145 omna
361 1149 433 1193 care
445 1132 540 1209 idem,
565 1143 659 1211 atque
684 1152 775 1196 carne
799 1135 979 1215 figuratam,
996 1152 1032 1194 ac
1046 1132 1133 1194 velut
1180 1130 1270 1203 facta,
1300 1132 1538 1213 praerogativam
1572 1129 1711 1209 colligit:
1746 1127 1832 1208 quod
1863 1126 1943 1188 nulls

220 1249 302 1295 aaron
359 1225 524 1286 formatam
540 1243 630 1297 essse,
656 1225 737 1287 sieut
757 1245 800 1288 aas
823 1226 981 1288 simulacri
1005 1225 1130 1287 forma:
1180 1224 1330 1302 confusio,
1345 1225 1396 1287 vel
1408 1222 1610 1287 commutatio
1626 1227 1814 1284 naturarum
1832 1218 1941 1280 incon·

188 1306 335 1401 ’θ’ὲξξίοίίίοθί
361 1322 414 1378 ant
427 1318 462 1378 in
481 1335 608 1379 earnem
631 1324 821 1380 commutata
843 1317 937 1380 Verbi
958 1324 1080 1393 natura,
1101 1322 1134 1378 et
1176 1316 1455 1396 junctionemutua
1469 1315 1647 1396 contigerit,
1662 1331 1734 1394 qna
1751 1315 1786 1374 in
1801 1312 1942 1374 allisera-

187 1357 336 1455 srasuiino
361 1415 511 1489 tanquam
521 1428 631 1471 carnea
640 1410 730 1487 beta,
753 1429 850 1472 unam
874 1410 1023 1490 prodiisse
1036 1415 1132 1470 natu·
1181 1409 1250 1471 nire
1273 1410 1362 1471 solet.
1391 1410 1514 1472 Etenim
1541 1425 1614 1471 cum
1641 1406 1788 1482 dicimus,
1817 1403 1943 1483 manipli

188 1460 326 1509 mormius.
360 1520 430 1564 ram
447 1522 454 1563 ε
471 1508 525 1562 aut
536 1507 693 1583 postremo
713 1521 811 1565 unam
831 1503 917 1563 illam
933 1502 1029 1564 Verbi
1041 1508 1132 1563 natu·
1181 1519 1284 1577 musa,
1310 1511 1451 1564 naturam
1470 1519 1558 1584 oque
1576 1498 1750 1581 σοοροίαιοτ,
1766 1515 1835 1559 non
1847 1495 1942 1576 adiici·

360 1613 427 1657 ram
441 1595 475 1656 in
487 1594 705 1657 incarnatione
721 1614 787 1658 uon
806 1614 903 1657 unam
914 1595 1049 1675 amplius
1069 1612 1134 1656 esse
1181 1612 1252 1657 mus
1263 1595 1393 1658 alteram
1407 1600 1565 1664 naturam,
1581 1593 1667 1655 velut
1688 1591 1755 1673 palu
1775 1588 1941 1671 αοιιρσίοιυτ,

360 1688 475 1764 solam;
509 1688 564 1749 sed
589 1706 661 1749 cum
688 1707 781 1750 carne
809 1688 1006 1762 considerari,
1028 1687 1071 1748 ita
1097 1692 1134 1748 ut
1181 1693 1331 1768 tanquam
1356 1688 1478 1750 diversa
1496 1692 1607 1749 natura
1634 1686 1673 1746 sit
1689 1700 1783 1749 :oum
1812 1701 1850 1745 eo
1871 1683 1939 1763 ipso,

359 1779 579 1858 conversionis,
601 1800 637 1843 ac
656 1783 839 1844 mutationis
864 1786 1023 1862 expertem
1050 1780 1131 1860 seip-
1181 1781 1266 1861 quod
1287 1781 1434 1856 dicimus,
1465 1796 1580 1860 aqrmrn
1604 1777 1795 1858 congelasse,
1820 1774 1890 1838 sads
1910 1775 1943 1835 sit

359 1891 438 1948 sam,
456 1879 487 1934 et
507 1880 699 1953 assumptam
719 1892 845 1936 carnem
870 1874 987 1954 pariter
1006 1890 1131 1934 conser-
1179 1872 1263 1935 istud
1287 1888 1492 1954 expressum:
1520 1871 1605 1952 quod
1631 1888 1669 1932 eo
1691 1869 1737 1947 fit,
1762 1870 1841 1950 quia
1863 1885 1941 1949 οουο

358 1973 411 2026 vet
424 1975 447 2025 ⁶.
462 1985 478 2023 υ
496 1968 543 2027 Ex
570 1966 619 2027 his
643 1967 743 2030 tribus
770 1965 882 2042 modis,
906 1966 1025 2047 priores
1052 1965 1131 2027 duos
1179 1966 1338 2027 naturain
1350 1960 1942 2046 gelaconverttanntdicimusngsm

358 2058 545 2138 Apollinaris
555 2064 586 2120 et
600 2060 748 2139 Eutychis
763 2077 827 2120 esse
841 2059 914 2120 dicit
930 2078 937 2119 :
952 2057 1130 2120 tertiumsi)
1179 2076 1256 2119 auro
1278 2060 1464 2120 deauratum
1487 2075 1569 2134 esse;
1585 2057 1736 2137 quoniam
1757 2060 1883 2116 nature
1905 2051 1942 2113 ibi

358 2149 513 2229 apostolis
537 2152 700 2229 accepisse,
726 2170 762 2213 ac
787 2150 939 2230 professos
960 2167 1026 2212 esse
1043 2155 1129 2211 vete·
1178 2151 1308 2213 minime
1322 2150 1556 2213 contunduntur
1580 2169 1588 2209 τ
1608 2148 1741 2224 etduas,
1761 2165 1802 2208 ae
1819 2148 1942 2208 ᾶίνοιτοι

358 2259 408 2302 res
421 2243 535 2303 Patres.
1178 2259 1325 2320 manere,
1350 2262 1388 2315 ex,
1421 2243 1475 2304 illa
1489 2241 1699 2322 geminatione
1722 2241 1939 2319 cognoscimus.

398 2334 468 2393 Non
481 2332 582 2393 solum
597 2336 703 2393 autern
716 2338 844 2395 nonnas
854 2334 933 2395 duas
946 2339 1055 2396 contra
1064 2335 1128 2394 Eu·
1179 2336 1338 2414 sicigitur
1353 2341 1524 2396 «naturam
1535 2352 1633 2395 unam
1644 2332 1738 2394 Verbi
1756 2332 1941 2394 incarnatam

357 2422 458 2503 tychis
476 2426 643 2485 amentiam
666 2425 776 2504 cyrilli
797 2426 952 2486 sententia
967 2426 1022 2486 illa
1043 2441 1127 2486 com·
1178 2425 1313 2486 dicentes
1326 2424 1517 2503 subjicimus,
1533 2441 1627 2485 carne
1640 2423 1779 2485 animata
1793 2418 1939 2493 rausum,

357 2515 516 2594 plectitur:
533 2516 585 2576 sed
595 2516 719 2577 easdem
728 2518 900 2578 arctissimo
912 2517 992 2578 inter
1004 2536 1129 2580 senexu
1177 2523 1210 2578 ct
1219 2516 1412 2592 intelligente
1426 2517 1570 2577 anima.»
1588 2515 1661 2577 Hac
1674 2515 1867 2577 Theodorus

356 2609 533 2687 copulatas3
549 2614 591 2685 et,
612 2609 694 2687 quod
720 2615 864 2671 accurate
883 2627 976 2689 supra
998 2610 1127 2671 demon·
1217 2610 1276 2670 XI.
1293 2610 1385 2670 Recte
1398 2609 1504 2688 igitur,
1521 2614 1552 2669 et
1566 2606 1692 2687 cyrillo,
1705 2612 1801 2686 utque
1822 2604 1941 2684 Enlogio
1969 2616 2024 2662 tw

356 2700 533 2776 stravimus,
547 2703 586 2761 ab
602 2701 738 2779 antiquis
751 2701 904 2779 theologis
914 2702 1129 2763 commendari
1178 2707 1383 2763 consentanee
1413 2700 1589 2762 Maxentius
1623 2701 1658 2760 in
1689 2699 1941 2761 anathemat'mo
1961 2680 2024 2780 ,ἔξ

356 2792 462 2853 solitas
483 2810 560 2869 case,
589 2792 674 2853 salva
699 2792 866 2853 ambarum
886 2792 1072 2870 differentia,
1097 2799 1130 2855 et
1178 2793 1278 2872 primo
1291 2798 1457 2873 utramque
1476 2791 1643 2853 formulam
1662 2792 1868 2872 conjungens,
1885 2788 1942 2851 adi

356 2903 500 2961 numero,
527 2885 710 2964 neutiquam
738 2884 868 2958 divisas,
904 2903 940 2946 ac
973 2890 1129 2965 separatas
1177 2887 1258 2965 quis,
1273 2886 1376 2966 inquit
1389 2885 1412 2962 ¹,
1427 2904 1493 2946 non
1507 2885 1714 2947 conflteturin
1728 2886 1863 2946 Domino
1875 2901 1940 2945 nos·

356 2978 505 3052 ostendit;
536 2984 628 3056 atque
655 2977 699 3039 ita
731 2977 951 3038 Nestorianum
965 2978 1127 3057 perfidiam
1176 2983 1226 3039 tro
1240 2979 1315 3039 lesu
1332 2978 1456 3039 Christo
1471 2978 1548 3040 duas
1562 2983 1690 3039 naturas
1703 2977 1820 3051 unitas,
1833 2979 1943 3040 horest
2023 3042 2024 3053 ,

355 3070 451 3130 elidit.
470 3071 640 3149 Propterea
654 3070 828 3149 complures
847 3069 890 3130 ita
910 3069 1029 3130 dictum
1051 3069 1128 3131 illud
1177 3069 1636 3143 divinitatisethumanitatis,ac
1649 3069 1797 3132 sicunam
1805 3076 1942 3133 naturam

356 3161 552 3240 interpretati
579 3165 661 3234 sunt,
689 3166 725 3221 ut
748 3179 838 3222 unam
859 3162 962 3223 dicere
985 3176 1127 3223 notarem
1177 3161 1233 3223 Dei
1245 3162 1341 3223 Verbi
1351 3162 1831 3236 inramatam,sicutduasunitas
1843 3164 1942 3223 inum

355 3252 548 3314 lacerantum
561 3251 620 3313 Dei
639 3252 733 3331 Verbi,
750 3254 955 3333 perindeesse
968 3255 1126 3332 docerent,
1177 3253 1468 3333 substantiamque
1498 3271 1640 3333 persona,
1664 3255 1840 3316 secundum
1865 3251 1942 3333 qaod

354 3363 391 3405 ac
408 3345 514 3405 «duas
525 3362 660 3406 asserere
671 3354 799 3406 naturas
814 3346 970 3419 indivisas,
987 3347 1128 3409 minime
1176 3346 1943 3428 nobisaeoliditvenerandasynodustlhalcodonen

355 3456 416 3517 que
428 3438 582 3513 contusas,
598 3438 641 3498 ait
656 3438 815 3515 Eulogius,
834 3439 869 3499 in
882 3456 957 3513 uno,
972 3445 1004 3500 et
1017 3440 1128 3501 eodem
1176 3439 1471 3515 sis,anathemasit.o
1482 3440 1569 3513 Quod
1578 3439 1822 3502 bustravellicat
1831 3437 1943 3518 ille‚qui

354 3529 475 3591 Christo
489 3528 503 3565 ί
515 3549 547 3604 υ,
571 3530 621 3590 vel
645 3551 661 3589 ο
681 3535 809 3592 naturas
831 3531 909 3592 duas
930 3531 963 3592 in
984 3532 1127 3594 rmitione
1176 3532 1411 3595 annotationem
1424 3532 1557 3612 praefixit
1571 3533 1839 3595 anathematismis
1869 3532 1939 3593 istis

354 3621 527 3683 secundnm
540 3621 744 3702 hypostasim,
761 3644 776 3681 n
792 3624 836 3683 ita
849 3628 885 3684 ut
903 3624 1035 3684 addatur
1053 3640 1124 3699 vox,
1178 3625 1449 3698 Quemadmodum
1469 3630 1500 3687 et
1523 3626 1607 3706 qnod
1625 3625 1710 3687 idem
1723 3626 1897 3687 Maxentius
1912 3625 1942 3683 in

355 3721 520 3794 ἀσυγχύτους,
551 3714 611 3776 hoc
636 3719 683 3775 est
706 3715 884 3795 inconfusas,
910 3715 950 3776 ad
965 3714 1129 3777 uitandum
1178 3718 1271 3778 tertio
1284 3717 1523 3797 protassnsest:
1543 3718 1608 3779 «si
1621 3719 1691 3798 quis
1705 3736 1771 3780 non
1785 3718 1943 3780 coalitam

354 3805 502 3885 Eutychis
516 3823 666 3867 errorem.
684 3807 776 3868 Addit
797 3807 945 3883 Eulogius
958 3826 1024 3868 non
1042 3808 1127 3869 suffi-
1178 3810 1436 3885 substantialem,
1467 3811 1533 3871 siue
1565 3810 1740 3871 bannalem
1773 3812 1940 3878 unitatem.

354 3916 424 3959 cere
443 3898 695 3978 «professionem
720 3905 842 3961 natura
867 3900 962 3960 unius
980 3900 1124 3962 incarna-
1174 3903 1345 3964 secundum
1359 3902 1391 3963 id
1405 3903 1631 3982 quodmanens
1647 3908 1761 3964 namra
1778 3901 1941 3965 DensVer-
2021 3902 2022 3923 ¹

353 3995 463 4066 ους»
486 3989 546 4051 nisi
569 3996 600 4051 et
626 3991 686 4053 hoc
710 3991 874 4070 adjungas,
903 3992 985 4071 quod
1014 3992 1125 4055 crebro
1175 3995 1575 4072 bum,naturoeestunitus
1594 3994 1751 4075 humanae,
1766 3992 1943 4058 anaunia

354 4080 490 4161 Cyrillus
525 4081 658 4160 subjicit,
689 4103 705 4140 ο
739 4083 885 4144 animatas
918 4083 1063 4145 rationali
1096 4090 1128 4146 et
1176 4086 1349 4163 tantidem,
1373 4086 1436 4149 sive
1464 4088 1658 4167 personalem
1683 4087 1760 4149 dicit
1784 4086 1940 4160 unitatem,

354 4172 548 4250 intelligente
572 4174 688 4248 anima,
707 4174 785 4235 citra
803 4174 1016 4237 confusionem
1032 4196 1041 4237 :
1055 4201 1070 4232 υ
1092 4182 1129 4238 ut
1178 4184 1234 4240 aut
1247 4181 1418 4242 secundum
1432 4179 1683 4256 illustrationem,
1693 4180 1760 4242 sive
1777 4179 1941 4242 seeundum

389 4393 410 4434 a
428 4377 533 4433 Tuscu.
552 4373 632 4445 ’λλλη
648 4375 690 4450 μὲν
711 4373 727 4443 ἡ
745 4376 898 4448 captabatur
912 4381 956 4431 τοῦ
979 4376 1034 4431 θεοῦ
1051 4379 1127 4452 λόγου
1176 4380 1312 4454 θεωρεῖται,
1327 4383 1357 4437 rb
1371 4383 1501 4456 (lapsuros,
1517 4385 1558 4438 καί
1577 4381 1745 4439 ἀναλλοίωτον
1760 4381 1835 4458 lucan
1847 4402 1882 4449 τε,
1904 4379 1941 4435 rai

352 4462 432 4532 φύσις,
448 4461 513 4530 ἄλλη
529 4459 555 4513 δὲ
569 4459 584 4528 ἡ
598 4463 642 4528 τῆς
656 4459 755 4532 σαρκός,
767 4462 797 4528 ἣν
812 4460 969 4514 ἀναλαίοῦσα
980 4460 997 4529 ἡ
1008 4468 1052 4517 τοῦ
1062 4462 1126 4517 θείου
1176 4470 1208 4538 τῇ
1220 4466 1401 4540 προαληφδιίσρ]
1415 4467 1486 4539 σαρκί
1497 4468 1662 4530 διασώζουσαι.

351 4543 428 4616 λόγου
443 4542 512 4615 piore
527 4542 663 4616 ἔοαραιίυθη,
678 4544 720 4597 ιιαί
735 4541 928 4616 ἔνηνδρώπησιν.
1210 4548 1329 4620 άΑρυᾱ
1349 4548 1429 4606 Phot.
1456 4548 1518 4606 eod.
1539 4566 1635 4607 cem.
1661 4550 1710 4604 Ιίαὶ
1729 4551 1804 4619 δῆλον
1824 4549 1874 4614 ὣς,
1887 4546 1940 4609 airu
2019 4608 2020 4619 ρ

389 4627 530 4683 ίιΤινιοοο.
551 4626 619 4683 ibid.
639 4624 670 4681 Εί
684 4627 766 4681 τοίνυν
789 4626 817 4679 οὗ
841 4627 951 4701 τραπείς,
967 4625 1033 4682 ἀλλὰ
1046 4629 1127 4702 σάρκα
1175 4630 1281 4687 υδσιόιῖν
1295 4631 1454 4707 ίθίλιιίντῷ
1467 4634 1547 4705 λόγοιν
1561 4634 1621 4707 μίαν
1635 4628 1939 4706 &seinamma
2019 4650 2020 4675 ί

351 4709 434 4763 λαόὼν
450 4708 585 4781 ίααριιόυθη.
1173 4717 1296 4789 αωρίνην,
1308 4716 1338 4772 τδ
1351 4715 1412 4771 abab
1426 4723 1523 4791 ρρονιῖν
1534 4717 1564 4772 όν
1581 4718 1728 4792 χαριτονίυίιρ
1740 4722 1794 4783 τοῖς
1805 4717 1851 4772 δίο
1864 4716 1938 4788 plats

388 4794 521 4849 οΕοιοο.
537 4790 615 4864 apud
639 4789 718 4847 Phot.
744 4792 807 4849 cod.
837 4809 933 4849 ccxxx.
952 4794 1000 4847 Est
1023 4793 1071 4867 γὰρ
1085 4794 1123 4860 ab,
1174 4798 1334 4872 ἀδιαιρέτους,
1362 4801 1404 4855 καί
1426 4798 1616 4874 dmg-giroardi
1632 4807 1669 4875 τῷ
1692 4786 1740 4870 ivl,
1753 4803 1794 4856 asi
1815 4806 1854 4873 τῷ
1874 4796 1939 4867 aas

350 4877 534 4948 αεοαριιωρίνη,
562 4876 577 4942 ᾖ
604 4873 657 4928 ἀντὶ
680 4879 744 4940 τοῦ,
767 4877 839 4949 σαρκί
858 4874 1068 4950 ίαχηρατιορίνη,
1082 4879 1125 4932 sal
1173 4882 1275 4955 Χριστῷ
1288 4884 1403 4956 despoton
1421 4903 1460 4951 τι,
1472 4885 1513 4937 καί
1528 4882 1681 4948 δοξάζουσιν.

352 4954 407 5013 οἷον
437 4957 629 5027 είδοτοιηθεῖσα,
658 4958 741 5030 ὥσπερ
767 4958 894 5031 όχοιλιιδς
917 4963 948 5033 τῇ
974 4965 1056 5033 μορφῇ
1080 4965 1124 5015 τοῦ
1208 4965 1283 5022 old.
1302 4964 1380 5022 Ὥστε
1393 4965 1541 5041 οδχᾶττλῶς
1555 4966 1631 5036 αὐτὴν
1646 4967 1818 5041 maestos,
1834 4962 1892 5018 ἄλλ’
1905 4961 1938 5022 ὃς

350 5043 503 5115 ἀνδριάντος,
516 5036 643 5111 ίαληφθείη
660 5041 700 5093 όν·
714 5042 730 5109 ἢ
742 5043 780 5095 ότι
795 5040 829 5104 εἰς
842 5043 921 5115 adpre
935 5046 978 5110 τῆς
992 5044 1123 5116 τοῦλόγου
1173 5046 1232 5103 tad
1246 5050 1301 5103 θιῖα
1321 5051 1398 5121 σορὸς
1416 5050 1554 5123 ίίόριλλος,
1582 5053 1710 5118 torcian,
1724 5052 1788 5124 ψυχῇ
1800 5050 1890 5122 λογιιῇ
1903 5063 1936 5108 1⁸2

350 5126 443 5198 ρίστως
457 5124 597 5198 τραπείσης,
607 5125 648 5177 καί
663 5117 717 5178 οίον
733 5123 956 5197 ότιοσαριιιυδείσης,
972 5126 1017 5198 μία
1029 5127 1124 5199 apodi-
1171 5131 1212 5185 καί
1234 5135 1308 5206 νοιρᾷ
1331 5133 1484 5188 συνάπτοντα
1507 5132 1652 5208 ίίυχιυμίνῃ
1675 5138 1746 5204 (cor.
1766 5130 1936 5205 ίᾷνχυμίψ)

349 5208 415 5276 Vovit
429 5209 508 5280 φύσις·
529 5209 545 5275 ἢ
567 5208 605 5262 ὅτι
629 5208 674 5281 μία
694 5200 756 5262 olas
771 5207 787 5276 ἡ
804 5212 848 5262 τοῦ
866 5209 944 5280 λόγου
958 5210 1036 5281 piata,
1059 5210 1123 5265 κατὰ
1171 5215 1212 5270 καὶ
1226 5222 1276 5272 τῶν
1288 5217 1453 5274 συνελθόντων
1467 5214 1729 5293 συνιπιθιωροῦντιιτδ
1739 5213 1886 5288 ἂυίτχντνν

349 5291 394 5361 τόν
409 5290 552 5364 οἰκονομίαν
567 5290 648 5344 obsta
665 5290 711 5363 μία
733 5292 807 5364 ρόνη,
823 5289 943 5345 ἀλλὰκαὶ
957 5291 1020 5365 μετὰ
1033 5293 1123 5366 σαραδς

377 5484 387 5531 t
402 5478 466 5527 lon.
478 5477 640 5537 rigans-2
652 5480 714 5528 lom.
729 5479 758 5526 lt
769 5481 827 5529 ant.
837 5482 881 5529 ΡΡ.
