3994 6164
527 270 577 331 DE
597 268 899 350 INGARNATIONE,
923 275 994 337 tta.
1017 279 1042 346 1,
1066 279 1149 342 crte.
1172 280 1237 341 Xll.
1616 288 1672 350 sti

99 427 238 507 dissipem
252 428 376 491 Domini
388 447 509 511 rocem,
524 452 594 513 quse
612 433 682 511 est,
697 453 765 496 cero
781 435 864 497 uitii
913 438 1057 502 ideonon
1071 443 1240 504 iustiniani
1252 444 1435 508 auctoritate
1450 447 1601 510 Diodorus
1618 450 1680 513 illie

95 517 260 598 mers.»
910 530 1074 610 adjunctus
1087 541 1144 612 est,
1170 535 1223 596 sed
1242 536 1362 616 privata
1374 555 1479 600 manu.
1498 541 1586 614 Quod
1597 542 1680 603 idem

128 612 863 700 cyrillusinepistelaeddeeeiumMelitenesEpt's-
911 623 1005 685 etiam
1028 625 1068 688 de
1094 627 1191 687 alteru
1217 629 1374 690 sanctione
1396 630 1602 709 judicandum
1622 640 1678 707 est,

97 720 193 782 copam
199 705 358 784 scripsit,T
359 706 644 789 beodorum‚quem
653 711 795 790 perbrevi
800 710 863 772 ele·
911 731 981 791 quae
993 717 1088 797 priori
1100 717 1146 779 illi
1160 720 1358 799 subjungitur
1366 720 1399 781 in
1412 722 1521 801 quintu
1540 726 1678 804 syuodo:

98 795 530 878 ueusmsernatviuutibuu
550 801 727 877 «habuisse,
744 803 859 879 dicens,
910 823 981 883 quae
993 808 1132 877 Diodori,
1148 811 1312 888 Theodori,
1326 816 1357 872 et
1370 813 1555 875 Theodoreti
1568 816 1681 896 scriptu

98 886 178 948 ilum
197 887 341 966 iingrrum
358 889 584 971 blasphemum,
608 899 640 954 et
657 893 730 955 huic
755 895 862 955 minis
910 899 1003 973 tradi,
1017 901 1202 981 incendique
1212 903 1360 982 precipit,
1376 905 1428 965 sed
1442 905 1481 967 de
1496 907 1594 967 tribus
1614 908 1681 968 istis

97 982 223 1042 beatem
248 981 436 1043 ealemumt.
459 1004 476 1041 s
503 985 594 1046 Hunc
619 1003 693 1065 ergo
720 986 861 1066 queritur
910 989 1034 1052 nullum
1045 999 1117 1054 ante
1131 994 1272 1073 quintam
1281 997 1437 1075 synodum
1448 998 1606 1060 decretum
1617 1000 1681 1061 fae-

98 1072 168 1132 tanti
179 1071 219 1133 ab
233 1073 444 1136 Orientalibus
461 1076 620 1154 susurrari,
633 1098 649 1135 e
662 1083 698 1138 ut
710 1079 861 1139 ecema-
909 1086 979 1143 tum
993 1089 1039 1145 est
1051 1091 1160 1146 eontra
1171 1086 1353 1165 Diodorum,
1368 1106 1404 1148 ae
1417 1107 1457 1150 ne
1471 1090 1539 1151 hoee
1552 1092 1679 1170 quidem

98 1162 186 1225 tiones
200 1180 219 1224 a
232 1166 352 1245 populo
364 1167 440 1229 tales
453 1166 492 1229 de
503 1186 540 1229 eo
564 1169 653 1231 taetre
671 1170 734 1230 sint
754 1171 788 1230 in
803 1173 860 1232 Ec·
910 1173 1026 1254 aliquid
1060 1177 1177 1238 statuit.
1215 1178 1400 1240 'theodoreti
1430 1200 1503 1243 rere
1538 1183 1603 1245 sole
1627 1184 1681 1244 ills

99 1254 189 1316 denis
205 1275 213 1316 :
229 1258 392 1337 Angeutur
419 1259 495 1321 fides
523 1260 677 1323 Theodori
702 1281 709 1321 :
731 1264 787 1331 Ita,
804 1279 862 1323 nos
908 1267 1020 1346 scripte
1043 1268 1191 1331 damnata
1214 1276 1298 1348 suut,
1315 1272 1428 1350 quibus
1451 1275 1603 1353 cyrillum
1626 1295 1680 1355 op-

98 1348 240 1409 tsedimus
273 1350 539 1429 quemadmodum
561 1353 767 1414 Theodorus:
789 1372 861 1415 eum
909 1365 1074 1437 pugnaret.
1091 1363 1134 1422 De
1145 1363 1259 1441 quibus
1272 1370 1378 1443 postea
1399 1364 1486 1442 plura
1499 1366 1615 1428 dicturi
1629 1386 1680 1429 su-

98 1442 350 1502 tameneumdem
363 1460 474 1503 susum
492 1442 568 1504 alias
588 1443 622 1504 in
647 1446 782 1507 Ecclesia
796 1446 861 1507 cxi·
910 1468 989 1512 mus.
1007 1454 1052 1512 De
1066 1454 1229 1515 Theodoro
1242 1474 1314 1518 vero
1321 1458 1427 1517 multa
1440 1461 1599 1521 memoriae
1614 1479 1682 1539 pro-

98 1548 184 1608 guum
210 1533 364 1612 quiddam
390 1552 553 1616 perperam
573 1533 679 1615 loqui,
708 1537 862 1618 lapidibus
909 1541 988 1602 didit
1007 1545 1152 1606 Leontius
1169 1547 1358 1626 Byzantinus
1379 1548 1460 1610 libro
1475 1551 1567 1611 tertio
1581 1560 1682 1616 contre

98 1624 284 1702 appetierint.
312 1627 432 1686 Verum
457 1626 535 1687 sieru
561 1628 678 1706 pastori
705 1628 790 1703 libet,
818 1629 862 1689 its
911 1633 1081 1697 deuterium
1094 1645 1124 1699 et
1137 1637 1325 1720 Butyrum.

98 1716 179 1776 ertit
188 1733 281 1795 grex,
297 1736 314 1773 r
331 1717 418 1778 addit
437 1717 585 1798 (tyrillm,
600 1719 758 1781 Joanuem
770 1721 860 1782 tacite

98 1806 246 1870 ventum.

131 1899 196 1962 iili.
220 1902 315 1963 Hanc
333 1904 409 1980 pute
423 1901 614 1983 censionem,
630 1909 663 1966 et
675 1920 748 1966 eum
761 1905 861 1967 Theo·

97 1990 156 2052 dori
179 2009 360 2054 sermonem
386 1992 526 2069 indicari,
550 1995 588 2057 de
608 2014 670 2077 quo
702 2014 796 2078 supra
822 2015 861 2058 cx
1116 1994 1318 2082 CAPUT
1374 1999 1478 2084 ΧΗ,

97 2082 215 2145 ioannis
229 2086 271 2146 ad
282 2086 457 2146 Nestorium
466 2087 596 2167 epistola
608 2089 833 2151 meminimus’
851 2109 859 2151 z

98 2175 146 2236 ubi
157 2184 187 2237 et
197 2177 384 2239 Theodorus
397 2178 449 2239 illu
466 2178 545 2259 ipsa,
559 2198 631 2260 quse
644 2180 861 2261 imprudenter

97 2267 359 2348 dixerar‚pub1100
384 2271 559 2350 damnum,
573 2290 610 2333 (ω
627 2280 800 2335 remmam
813 2272 861 2333 di.
912 2263 956 2322 De
969 2262 1161 2344 Petcpienis;
1175 2283 1209 2326 cr
1228 2265 1263 2327 de
1276 2268 1405 2350 Leporis
1417 2271 1561 2334 Moeeelro
1580 2293 1619 2336 ee
1631 2294 1680 2336 ee-

98 2358 183 2419 etur,
200 2361 264 2434 0110
277 2366 405 2442 insuper
431 2362 570 2424 allusisse
589 2364 681 2425 credo
710 2368 860 2426 ermeno.
951 2354 1015 2417 άεηι
1041 2365 1129 2433 secte,
1156 2367 1300 2438 quatenus
1334 2362 1516 2425 Nesterseeoe
1552 2367 1679 2429 similem

97 2468 173 2525 rum,
196 2470 233 2514 ac
258 2454 422 2516 Persarum
446 2455 564 2535 legatos
577 2455 610 2515 in
624 2456 740 2533 libello,
766 2474 861 2536 quem
951 2447 1085 2509 ltoerett'm
1105 2449 1197 2529 paulo
1226 2458 1293 2513 artie
1310 2454 1437 2534 profesti
1462 2464 1529 2517 sttui
1554 2477 1567 2519 .·
1589 2457 1680 2540 deque

98 2542 195 2605 Proeto
220 2544 426 2607 obtuderunt:
444 2546 483 2608 de
517 2565 581 2627 quo
606 2552 724 2626 postes,
748 2549 804 2627 qui
833 2554 864 2610 et
950 2539 1289 2621 Leporiiemmdatt'one·

97 2636 240 2698 sermonis
265 2637 468 2717 particulam,
498 2643 529 2700 et
556 2638 761 2701 offensionem
788 2639 861 2702 inde
1791 2710 1797 2719 ‚

98 2735 283 2791 messenium
297 2729 448 2790 referunt.
951 2726 978 2785 Ι.
993 2726 1144 2787 Haeresim
1150 2726 1365 2788 Nestoriunsm
1379 2730 1522 2808 quasdem
1532 2732 1566 2791 in
1574 2733 1679 2794 Galliis
1726 2775 1823 2819 stmuem

2 2840 64 2885 hut
131 2819 222 2882 Plura
241 2828 316 2882 sunt
340 2822 401 2882 elia
425 2821 551 2883 netariae
572 2822 728 2903 opinionis
750 2824 860 2903 capita,
911 2816 1019 2877 similis
1033 2819 1204 2887 antecessit,
1221 2824 1252 2879 et
1270 2819 1396 2899 utrique
1410 2821 1575 2900 Pelagiena
1594 2842 1678 2904 prae.
1704 2828 1851 2872 reuertente

2 2894 63 3003 ff„
98 2928 159 2989 qen
172 2931 216 2974 ex
241 2913 398 2974 Theodori
420 2913 540 2994 seriptis
553 2914 587 2974 in
610 2915 719 2993 quinta
741 2916 862 2995 synode
911 2908 994 2983 lusit,
1020 2910 1060 2970 ab
1084 2911 1181 2990 iisque
1206 2911 1339 2972 vicissim
1370 2913 1609 2992 incrementum,
1644 2936 1680 2978 ae
1704 2892 1851 2997 mpeffln

2 3000 70 3055 tque
98 3010 315 3078 immorentur,
331 3005 373 3066 ob
386 3023 456 3085 quae
469 3005 611 3066 damnari
632 3006 665 3067 in
675 3007 785 3068 eadem
799 3024 864 3068 me·
911 3002 1008 3062 robur
1034 3004 1160 3083 aceepit.
1187 3004 1284 3064 Testis
1307 3004 1373 3082 eJ'us
1392 3004 1438 3065 rei
1459 3011 1506 3066 est
1528 3006 1680 3086 imprimis
1705 2988 1853 3043 ⁹‘⁰¹²⁸⁵'‘¹¹¹¹²

3 3059 55 3109 Μ’
98 3096 166 3171 ruit3
181 3102 222 3158 ut
234 3096 368 3158 subinde
376 3098 525 3158 dicemus.
534 3100 640 3158 Exstat
653 3099 804 3160 inesdem
814 3117 863 3179 sy·
912 3094 1091 3170 dordunum
1127 3095 1181 3175 qui
1214 3096 1248 3156 in
1282 3096 1384 3175 primo
1414 3096 1450 3157 de
1471 3096 1680 3162 incarnatione

99 3189 319 3270 sedequinta¹‚
335 3189 477 3269 imperet.
486 3190 660 3263 Theodosii,
677 3195 708 3252 et
720 3191 862 3253 Valenti·
914 3186 1029 3249 Christi
1050 3196 1153 3248 eostre
1178 3186 1368 3261 Nestorium,
1397 3190 1496 3269 eapite
1522 3193 1677 3269 secundo,

99 3280 172 3342 niani
182 3282 318 3348 sanctio,
334 3300 395 3360 que
409 3282 545 3355 Diodori,
559 3282 725 3358 Theodori,
745 3288 776 3344 et
790 3284 863 3344 Nes·
912 3279 1015 3353 refert,
1032 3286 1199 3359 antequam
1215 3280 1398 3341 Nestorians
1410 3281 1477 3342 lues
1490 3290 1677 3364 erumperet,

98 3373 160 3433 terii
184 3375 287 3454 impia
308 3376 455 3453 dogmate
478 3375 680 3449 damnantur,
695 3392 731 3435 ue
756 3374 861 3436 decer·
918 3372 1107 3432 «emersisse
1123 3371 1267 3432 haeresim
1281 3390 1469 3435 venenosam
1483 3393 1522 3435 ex
1544 3379 1681 3439 munima

99 3464 182 3543 uitur,
196 3472 237 3527 ut
260 3487 277 3524 e
300 3466 443 3543 Nestorii,
467 3470 500 3527 et
522 3466 679 3528 Theodori
705 3468 862 3547 preposito
914 3464 1175 3544 Belguumurbu
1189 3463 1397 3542 eertierroris‚
1412 3466 1521 3527 incerti
1531 3471 1678 3546 nominis,

100 3559 330 3635 eonsentientes,
347 3559 519 3620 Simoniani
540 3558 684 3639 deinceps
697 3561 864 3621 neminen·
913 3574 985 3636 quae
998 3573 1037 3616 ex
1053 3556 1183 3635 antique
1195 3554 1414 3617 Ebionitsrum
1428 3558 1521 3638 stirpe
1535 3577 1676 3641 surgens,

100 3654 188 3709 turn
209 3655 280 3711 turn
293 3656 331 3710 ut
352 3669 462 3712 eorum
483 3651 556 3712 iibri
580 3653 815 3731 conquiruntur,
833 3659 865 3714 et
913 3649 1086 3710 solitarium
1123 3647 1285 3709 bominem
1326 3648 1497 3710 Dominum
1538 3659 1680 3715 nostrum

100 3741 214 3818 publice
227 3742 371 3804 incendio
393 3742 566 3819 trudentur,
581 3761 674 3823 poeuu
687 3744 721 3803 in
736 3761 789 3804 eos
801 3744 865 3823 glu-
912 3743 1019 3803 Jesum
1047 3741 1203 3801 Christum
1229 3746 1339 3802 natum
1363 3759 1428 3803 esse
1451 3741 1679 3822 blasphemans,

101 3830 177 3896 dise
190 3835 352 3895 bonorum
366 3836 598 3915 promriptionis
610 3836 786 3911 constitute,
811 3834 866 3914 qui
914 3833 974 3895 boe
1000 3833 1084 3913 quod
1106 3833 1146 3894 ad
1166 3833 1220 3893 Dei
1238 3839 1344 3913 postes
1361 3833 1525 3913 bonorem,
1547 3841 1680 3913 potestu-

101 3925 187 3989 edicte
203 3945 272 3989 non
286 3927 456 4007 paruerint.
472 3929 549 3994 Ques
565 3928 616 3989 lex
636 3931 755 3999 Graece‚
780 3928 864 3987 Luti-
914 3933 1038 4005 temque
1049 3926 1236 4005 pervenerit,
1251 3926 1381 3986 humani
1401 3925 1512 3998 meriti,
1525 3944 1590 3988 nou
1603 3927 1683 3989 diui-

101 4034 192 4098 neque
219 4020 319 4099 posits
337 4025 385 4081 est
404 4020 438 4081 iu
456 4020 618 4101 Ephesinse
640 4020 752 4100 synodi
777 4022 865 4098 parte
914 4037 966 4080 11ae
986 4018 1117 4079 asseruit
1136 4017 1229 4078 tuisse
1249 4022 1390 4078 naturae:
1406 4035 1442 4078 ae
1460 4035 1516 4097 per
1538 4018 1597 4079 hoe
1610 4037 1683 4081 eum

101 4112 190 4172 tutia.
211 4111 276 4172 Sed
288 4111 333 4171 ibi
346 4111 440 4172 solius
459 4112 593 4173 Nestorii
611 4128 728 4173 nomen
739 4111 863 4190 legitur.
915 4110 1109 4171 divinitatem
1127 4108 1228 4189 ipsam
1244 4127 1309 4170 nen
1323 4126 1362 4170 ex
1381 4109 1570 4189 proprietate
1586 4112 1683 4174 unitre

103 4200 298 4265 seruentur
311 4204 344 4263 in
371 4220 441 4265 earn
465 4204 723 4265 Constitutionem
750 4204 866 4265 inserte
915 4202 974 4262 sibi
995 4201 1165 4263 divinitatis
1185 4208 1306 4279 semper
1324 4200 1480 4276 babuisse,
1502 4202 1556 4263 sed
1577 4210 1685 4282 postea

101 4292 228 4359 duorum
238 4296 373 4356 aliorum
386 4296 513 4356 nemina
525 4301 596 4375 pest
613 4296 754 4374 quintam
767 4312 861 4375 syno-
916 4292 1240 4375 propraemiolcboris,
1251 4292 1504 4373 passionibusque
1517 4295 1681 4371 meruisse3

103 4385 178 4465 tum,
193 4389 231 4449 iu
243 4407 307 4467 qua
320 4387 669 4449 ‘ibeodorusdamuatus
687 4393 743 4449 est.
762 4388 865 4454 Quen·
914 4403 986 4447 cum
998 4385 1109 4465 utique
1130 4384 1313 4457 Dominum,
1338 4384 1593 4466 salvatoremque
1607 4404 1682 4449 nos·

102 4495 187 4557 quem
200 4480 242 4541 de
255 4479 389 4540 Diodoro
401 4479 482 4540 nibil
497 4479 635 4559 synodus
648 4480 706 4541 isto
718 4478 863 4541 decrevit.
915 4483 1011 4550 trum,
1031 4495 1096 4538 nen
1111 4477 1209 4539 Mum
1222 4482 1332 4537 nutum
1345 4521 1353 4554 ,
1372 4477 1424 4537 sed
1435 4495 1454 4537 a
1467 4479 1531 4540 beo
1545 4478 1684 4560 blasphe-

134 4694 152 4735 o
168 4682 329 4752 Dtsstpues
340 4678 422 4747 dixit,
438 4694 487 4752 pro
501 4694 533 4736 eo
545 4678 619 4750 quod
636 4685 689 4746 est,
701 4679 864 4752 διαφημέζων,
915 4675 1154 4750 ἔιὸοήσειςγινέσθαι
1163 4674 1187 4730 b
1196 4673 1333 4746 ἐκκλησίαις
1339 4677 1407 4750 παρὰ
1416 4682 1465 4733 τῶν
1474 4680 1569 4753 δήμων·
1581 4681 1684 4747 «testes,

106 4761 356 4837 quousurpans.
913 4761 1166 4832 ἠπίστιςθεοῶρου·
1183 4761 1249 4815 οὕτω
1258 4762 1594 4837 πιστιΰομινῶςθιόδωρος·
1609 4768 1686 4832 λίθοις

136 4844 234 4903 icus,
258 4846 333 4918 epist
354 4844 398 4902 ad
423 4850 513 4901 Acus.
533 4845 662 4919 (istiusce
682 4845 809 4917 ὃόοφημον
823 4843 866 4917 μῦν
915 4845 988 4900 atriis
1001 4845 1118 4916 βαλόντες
1125 4844 1184 4900 sort
1196 4842 1266 4918 torp
1286 4844 1344 4917 παρ’
1357 4844 1442 4910 αὐτοῖς
1455 4845 1582 4920 ἐκκλησίᾳ,
1595 4852 1685 4923 τολμή.

106 4924 203 4999 tepent
215 4932 344 5003 γλῶσσαν,
359 4929 519 5000 misticum
532 4928 697 5001 ὑπηρετοῦντα
711 4929 798 5002 ταύτῃ,
811 4934 866 4984 ete.
915 4929 994 4983 σαντά
1013 4948 1037 4983 τι
1058 4927 1268 5000 παραφθίγξαοθαι
1291 4929 1378 5002 βραχύ·
1392 4928 1449 4983 ἀλλ’
1463 4931 1498 4993 ὣς
1511 4931 1526 4985 ὁ
1539 4933 1685 4995 διδάσκαλος

106 5010 212 5081 mutar
233 5012 262 5067 u
286 5012 355 5085 eirqs
377 5013 435 5075 soie
456 5011 506 5066 set
531 5015 575 5080 τῆς
596 5011 806 5084 ἀνατολῆς.[ὥστε
828 5012 869 5064 sei
917 5012 1041 5083 βούλεται,
1057 5012 1123 5067 οὕτω
1134 5013 1223 5085 φρονεῖ
1234 5012 1264 5067 sb
1276 5012 1399 5086 ποίμνιον.

136 5187 321 5241 'beibecdoro
333 5188 501 5254 itopsuesteuo,
517 5187 610 5253 eiusque
622 5186 712 5254 scriptis
726 5187 792 5254 plura
806 5186 869 5238 debit
915 5187 1048 5250 ettonem,
1070 5191 1093 5238 et
1114 5187 1231 5239 Fabricius
1256 5187 1371 5238 Bibliett.
1394 5185 1485 5239 Groeee
1505 5191 1523 5237 t.
1538 5188 1578 5252 tx,
1594 5204 1617 5254 p.
1634 5188 1683 5239 153

3 5286 5 5323 4
111 5259 455 5320 tumtuucommeetertu
468 5262 500 5312 ed
513 5263 587 5315 iterii
599 5262 741 5314 ituream
757 5276 868 5315 mmmc-
916 5276 979 5328 seqq.
995 5262 1180 5315 ucauetoreseb
1193 5261 1230 5313 bis
1243 5262 1325 5314 oitstos
1338 5275 1522 5313 oomnemcrem.
1575 5262 1639 5313 us.
1656 5263 1682 5312 Z.

132 5431 144 5470 1
156 5430 215 5476 bes.
228 5430 313 5478 uei
326 5431 379 5488 sep.
388 5440 428 5487 ru,
448 5430 516 5477 8⁹8
531 5428 577 5477 Get.
588 5429 609 5482 t.
621 5427 644 5486 ς.
653 5429 674 5474 ³.
