3994 6164
364 330 426 397 m
873 327 1197 397 runonootcoltdu
1215 328 1432 395 accharon

365 496 519 558 Theodori
558 494 766 574 Mopsuestani
803 494 1131 576 commendationem,
1183 501 1300 557 mntem
1322 514 1342 557 a
1363 494 1582 557 communione
1605 495 1761 577 suspendit
1782 500 1912 562 menibus

365 590 509 669 quodque
518 606 710 667 consequens
721 586 882 667 putabant.
897 587 1003 665 libror,
1018 593 1050 649 et
1059 589 1134 667 dog·
1182 593 1327 668 quatuor.
1343 588 1389 649 Ob
1402 587 1432 649 id
1457 593 1613 649 commoto
1626 589 1912 672 imperatorevigiiim

365 686 450 742 matu
458 680 673 760 comprobasse
687 680 854 741 videretur.
871 680 918 739 Ex
942 698 1004 758 quo
1031 679 1132 761 Ephe·
1182 678 1262 743 iram
1271 681 1338 759 ejus
1350 679 1467 743 veritus
1481 680 1522 742 nd
1534 679 1631 742 altaro
1643 681 1833 761 sunctiScrqii
1848 701 1911 745 mar

365 773 441 835 sina
471 772 582 852 synodi
608 772 809 834 oecumenica
834 771 1036 835 imminutam
1067 789 1133 834 ease
1182 771 1715 852 tyriscontugnanrarcnimgrsvis,
1730 774 1913 855 citheopbs

365 865 580 927 auctoritatem
593 864 803 944 querebantur
821 863 1006 942 Eutychiani
1019 864 1131 944 synodi
1182 883 1248 940 nes,
1264 872 1296 927 et
1308 882 1435 945 procero
1448 881 1586 945 corpora.
1601 874 1641 923 “a

365 957 620 1021 Chalcedonensis
633 958 763 1018 inimici.
1222 957 1315 1019 Addit
1340 957 1424 1020 idem
1461 956 1674 1037 Tbeopbanca,
1703 960 1734 1019 et
1766 961 1829 1036 post
1857 975 1913 1019 arn

403 1052 486 1112 vm.
515 1051 665 1118 Quocirca
691 1067 763 1113 cum
792 1048 940 1112 adversus
961 1047 1134 1128 Acephalos
1180 1050 1382 1130 Nicephorius,
1403 1050 1550 1112 biennem
1575 1048 1708 1111 vicisdm
1732 1047 1765 1110 in
1791 1049 1913 1129 vigilium

363 1144 499 1207 edictum
519 1145 721 1205 meditaretur
747 1143 927 1223 imperator,
949 1160 1005 1223 per
1030 1142 1132 1203 Theo·
1180 1143 1364 1206 sententiam
1377 1141 1497 1206 dixisse.
1513 1142 1632 1203 Verum
1656 1140 1811 1202 Theodora
1828 1142 1914 1204 ambos

362 1236 474 1299 doram
488 1237 627 1316 ejusdem
641 1240 742 1311 aecta,
762 1235 929 1315 conjugem
961 1234 1134 1315 ipsiusegit
1178 1232 1913 1298 mvioemreconciltsvitcannaa.tustinianusnn

361 1328 542 1393 Theodorus
563 1329 776 1405 Caeaareensis,
810 1334 845 1390 ut
864 1327 926 1389 tria
951 1326 1004 1389 illa
1029 1327 1132 1408 potius
1179 1346 1306 1392 omnem
1317 1327 1471 1405 adhibuit,
1485 1333 1521 1389 ut
1534 1327 1574 1389 ab
1587 1326 1913 1407 Vigiliodsrnnctionen

361 1421 496 1501 capitula
504 1422 738 1483 condemnaret:
754 1438 825 1500 qua
842 1419 876 1479 in
891 1418 1132 1481 chalcedonensi
1181 1425 1378 1501 extorqueret
1402 1419 1499 1482 trium
1534 1418 1754 1500 capitulorum.
1777 1417 1831 1481 Sed
1852 1419 1913 1481 nihii

361 1514 481 1592 synodo
507 1513 677 1595 Acephalos
703 1512 888 1593 potissinum
920 1511 1129 1574 offendebant.
1180 1514 1338 1593 promovit

297 1652 300 1659 .
362 1606 428 1668 Hoc
455 1606 540 1669 enim
562 1611 651 1685 pacto
679 1605 783 1666 stadm
798 1604 867 1664 illos
880 1604 1132 1666 adconcordiam
1219 1607 1278 1668 IX.
1292 1608 1385 1668 Anno
1399 1603 1641 1669 dddluatiuiani
1667 1603 1797 1665 secundo
1813 1599 1911 1664 civica

361 1715 427 1759 esse
439 1699 592 1760 redituros
605 1696 770 1759 asserebat.
792 1695 895 1756 Facile
908 1695 941 1757 id
954 1696 1131 1757 Justiniano
1179 1699 1269 1777 simo,
1298 1718 1359 1779 quo
1372 1698 1535 1763 Theodora
1547 1697 1729 1777 imperabis
1749 1695 1819 1757 obiit
1839 1696 1912 1756 lunio

360 1809 543 1870 persuasum
556 1797 604 1852 est
622 1790 662 1851 ad
677 1788 750 1849 talia
765 1788 913 1849 mutanda
926 1788 1089 1868 precipiti,
1100 1793 1131 1850 et
1180 1791 1311 1868 mensc‘,
1320 1809 1446 1855 rursum
1453 1791 1570 1870 majore
1582 1788 1827 1852 violentiainboc
1837 1787 1911 1849 lusd-

360 1884 443 1961 pacis
470 1902 506 1945 ac
529 1882 701 1945 conanda
725 1882 760 1942 in
783 1880 918 1943 Ecclesia
933 1880 1132 1942 restituenda
1179 1885 1293 1946 niunus
1310 1884 1463 1961 incubuit,
1487 1890 1522 1945 ut
1532 1883 1573 1945 ab
1587 1880 1703 1961 vigilio
1726 1880 1849 1962 capitula
1869 1880 1912 1940 tric

360 1974 498 2056 eupido¹.
507 1974 665 2037 Fitabillo
679 1973 784 2035 statim
795 1973 928 2035 edictum
938 1973 1132 2053 contracapi-
1179 1978 1414 2053 damnarentur,
1428 1994 1465 2038 ac
1476 1974 1565 2037 miris
1579 1991 1654 2036 eum
1671 1972 1769 2035 modis
1781 1971 1883 2035 vexavit
1893 1969 1910 2046 ⁸3

360 2067 507 2146 tulatria,
522 2068 672 2130 scribente
693 2066 855 2128 Theodoro
876 2066 1074 2142 Caeaarccnsi,
1099 2070 1130 2127 et
1180 2072 1264 2150 quod
1286 2075 1439 2132 testantm
1461 2067 1558 2130 Italiae
1581 2066 1686 2128 clerici
1711 2066 1744 2127 in
1764 2063 1911 2146 epistolacd

359 2160 576 2222 aPatriarcbis
589 2160 709 2221 aedium
738 2165 883 2238 quatuor,
899 2158 982 2219 Zoilo
996 2158 1129 2219 Alexan·
1179 2162 1296 2241 legatos
1320 2163 1511 2224 Francorum
1533 2158 1822 2238 Constantinopolim
1840 2156 1911 2237 proli·

359 2251 461 2328 drino,
475 2251 650 2332 Ephraemio
663 2251 870 2327 Antiocheno,
880 2250 970 2312 Petro
983 2251 1127 2311 flieroso·
1179 2252 1334 2314 ciacentes.
1349 2251 1489 2313 Pontifex
1501 2247 1512 2282 ⁷
1527 2253 1720 2311 conventum
1732 2247 1832 2308 habuit
1852 2245 1911 2326 ep'a

359 2342 522 2423 lymitano,
561 2362 597 2405 ac
634 2345 750 2405 Manna
788 2342 1128 2421 Constantinopolitano
1179 2362 1328 2426 caporum
1341 2341 1911 2424 rquuorumaententiaacnmrnyarot,

359 2434 515 2514 ingratiis,
528 2454 564 2497 sc
577 2435 672 2497 minis
683 2452 879 2509 consensum,
896 2432 1131 2513 etsubscriptio·
1177 2436 1314 2499 fervente
1341 2436 1498 2511 conssictu,
1512 2451 1763 2514 unemquemquc
1781 2432 1846 2512 quid
1863 2448 1913 2491 san·

359 2545 434 2589 nem
468 2528 626 2609 exprimit.
642 2529 789 2590 Mennam
814 2526 940 2607 quidem
967 2515 1129 2589 Facundus
1177 2532 1259 2605 tiret,
1274 2529 1385 2610 scripto
1399 2528 1556 2591 declarare
1566 2526 1673 2606 jussit.
1699 2525 1911 2587 indedecrstum

358 2618 1127 2701 refert,anteqnamsubscriberet,stipulatumcsse‚
1177 2623 1258 2696 fecit,
1287 2620 1567 2703 quadratianus
1594 2619 1735 2682 vocavit:
1749 2618 1781 2679 in
1805 2614 1912 2697 mobis

359 2711 419 2775 sibi
431 2713 673 2794 chirographum
697 2712 855 2775 redditum
867 2711 918 2787 iri,
944 2711 1049 2772 sibaec
1063 2713 1128 2773 Ro·
1177 2714 1311 2795 capitula
1323 2712 1492 2789 damnavit,
1514 2710 1603 2774 Soloe
1618 2707 1724 2793 synodi
1736 2706 1913 2772 censam

358 2823 471 2867 manus
485 2807 646 2887 episcopus
656 2804 887 2885 nonprobaret,
898 2801 992 2882 idque
1003 2803 1127 2883 jureju-
1176 2810 1217 2866 cic
1236 2806 1514 2884 moerentiumque
1524 2802 1910 2866 bocadblennarndirectun

358 2900 656 2980 randopromiscum
670 2898 830 2960 illiluissc.
851 2896 899 2955 Ita
918 2913 1002 2956 anno
1016 2894 1127 2956 Christi
1176 2897 1304 2959 sabbato
1324 2903 1430 2959 sancto
1449 2893 1614 2978 procidat
1644 2896 1710 2969 Quo
1736 2894 1811 2956 lacto
1833 2890 1910 2964 Aba,

358 2993 418 3053 bdd
431 2992 582 3072 publicata
600 2997 646 3052 est
659 2991 699 3052 ab
720 2991 910 3069 Imperatore
921 2987 1018 3048 trium
1040 2986 1128 3067 Capi·
1177 2989 1308 3069 illyrios,
1324 2996 1356 3052 et
1368 2989 1536 3064 Dalmatas,
1552 2987 1694 3068 aliosque
1707 2987 1798 3049 trium
1822 2984 1913 3064 cantu·

357 3084 498 3146 talorum
534 3084 697 3144 damnatio
736 3080 836 3142 edicto
876 3079 942 3151 illo,
971 3078 1055 3158 quod
1088 3078 1128 3140 ad
1175 3082 1279 3145 lorum
1311 3082 1486 3145 delensores
1529 3080 1689 3157 manavit,
1731 3076 1912 3159 inprimisque

358 3175 537 3237 universam
549 3174 732 3236 catholicam
751 3172 918 3234 Eccledm
945 3171 1128 3251 inscriptum
1176 3176 1359 3237 Facundum
1371 3175 1632 3237 Hermianensem
1659 3173 1827 3235 Africanum
1849 3167 1911 3248 cpia

359 3270 478 3346 Graece,
497 3286 533 3333 ac
555 3267 662 3329 Latine
689 3267 723 3327 in
751 3265 904 3327 Chronico
916 3264 1126 3326 Alexandrino
1175 3268 1533 3349 copum,quiluculcnto
1546 3285 1643 3347 opere
1656 3267 1691 3329 in
1720 3258 1911 3327 librosduoda·

357 3358 480 3440 legitur,
496 3365 527 3421 et
550 3360 586 3421 in
609 3359 778 3440 appendice
791 3357 909 3438 quintae
931 3356 1068 3436 synodi¹,
1090 3374 1127 3418 ac
1175 3361 1353 3441 cimpartito
1363 3360 1489 3423 illorum
1502 3360 1781 3440 propugnationem
1792 3353 1909 3433 suncpitt

356 3453 503 3515 tredecim
517 3452 563 3513 illi
576 3452 849 3514 anathematismos
862 3448 1033 3528 subjunxit.
1174 3454 1280 3517 addito
1293 3453 1388 3515 etium
1401 3452 1550 3528 singtdari
1563 3452 1628 3514 alio
1641 3457 1746 3532 contra
1754 3449 1910 3513 Mochuum.

397 3543 800 3625 Verumquianihilnbsque
815 3541 998 3605 auctoritate
1008 3543 1125 3603 Roma·
1215 3547 1252 3608 X.
1283 3545 1459 3619 Quinetiam
1478 3545 1634 3623 Rusticus,
1673 3551 1705 3608 et
1749 3539 1911 3605 scrutina

358 3657 419 3712 nse,
434 3637 662 3717 etbpostolicao
677 3636 757 3697 sedis
784 3640 939 3714 ageretur,
974 3635 1125 3714 Vigilium
1174 3636 1310 3700 ecclesia
1321 3640 1474 3701 Romana
1487 3638 1610 3700 aaroni
1627 3638 1667 3699 ab
1680 3636 1786 3717 vigilio
1794 3630 1910 3695 deficim-

358 3732 474 3811 Papam
484 3732 582 3792 Roma
595 3726 898 3807 Constantinopolim
911 3725 1021 3787 eodem
1041 3745 1125 3788 anno
1173 3728 1254 3799 tes⁹,
1276 3731 1373 3792 trium
1401 3731 1608 3811 capitulorum
1623 3730 1787 3812 patrocinio
1800 3727 1908 3802 sumno,

357 3824 467 3885 litteris
480 3822 591 3885 accivit
600 3822 781 3902 imperator.
795 3823 898 3899 Atque
907 3819 959 3880 ille
973 3820 1076 3881 statim
1090 3821 1125 3882 in
1174 3821 1344 3905 dedicatum
1378 3829 1574 3903 oppugnant,
1613 3841 1747 3904 eumque
1789 3825 1909 3897 annam

359 3915 496 3978 Siciliam
507 3915 661 3995 proiectus
675 3920 731 3990 est,
754 3912 922 3975 indictione
945 3930 1040 3989 nona,
1056 3920 1126 3992 post
1173 3915 1451 3995 praevaricatorem,
1484 3920 1517 3976 et
1541 3914 1790 3979 Chalcedonensis
1821 3902 1909 3989 tyssffil

358 4008 460 4069 anilii
469 4009 663 4070 consulatum
675 4023 757 4068 anno
772 4006 802 4082 h,
816 4010 852 4066 ut
864 4003 1036 4066 Marcellini
1047 4022 1122 4086 sup·
1172 4008 1355 4069 violatorem
1367 4007 1484 4088 passim
1492 4007 1672 4072 traducunt.
1688 4011 1766 4083 Quos
1775 4004 1836 4067 idco
1847 4000 1909 4059 Post

355 4100 548 4181 plementnm
559 4099 702 4176 adstruit,
714 4100 774 4160 boc
787 4102 833 4160 eat
846 4096 958 4158 Christi
982 4096 1036 4157 illo
1056 4097 1123 4178 ipso
1172 4101 1341 4163 tifexanno
1354 4100 1505 4180 sequenti,
1522 4099 1554 4160 id
1580 4107 1628 4163 est
1651 4100 1759 4163 Christi
1771 4097 1834 4171 550,
1853 4104 1909 4152 cum

356 4195 426 4254 546.
442 4192 589 4272 Idemque
598 4192 712 4272 prodit,
728 4208 811 4251 anno
822 4189 1124 4269 sequenteVigiiium
1172 4194 1241 4257 aliis
1253 4192 1440 4273 quibusdm
1453 4193 1653 4273 depositionis
1668 4191 1811 4256 sententia
1819 4182 1909 4247 multo·

356 4283 822 4363 dhalFebConstantinopolim
831 4282 1006 4361 ingressum
1016 4282 1121 4345 luisse.
1172 4285 1229 4362 vit,
1241 4304 1313 4365 qna
1324 4290 1424 4347 exstat
1442 4286 1477 4347 in
1490 4285 1622 4366 septima
1635 4286 1792 4348 collatione
1814 4278 1909 4359 quim⁸

356 4380 455 4455 Quem
468 4375 858 4458 Theophanecpromissise
877 4375 921 4436 ait
943 4375 1124 4455 imperatori
1173 4377 1296 4457 synodi.
1311 4378 1370 4439 llic
1383 4377 1434 4439 ille
1445 4377 1570 4439 videtur
1582 4397 1648 4441 esse
1671 4377 1815 4451 Ruaticm,
1841 4366 1909 4445 adjut

357 4471 543 4533 scEcclesiae
557 4470 755 4532 mucordiam
768 4469 1126 4549 procuratmum,ettria
1172 4471 1252 4531 liber
1264 4467 1535 4551 coatrodcepltoloc
1549 4471 1652 4533 editus
1676 4461 1909 4542 atumcqmm

357 4561 1126 4643 damnaturumoapitula.Vernmaliaomniamox
1174 4562 1370 4624 Bibliothecae
1384 4565 1528 4624 Petrum.

357 4653 523 4715 instituisse
536 4655 645 4717 fucere.
661 4654 672 4688 ⁸
687 4655 731 4717 Ac
751 4672 870 4716 cumex
880 4654 1126 4716 itinereMennaa
1214 4656 1252 4716 X.
1264 4654 1460 4717 lustinicnus
1482 4655 1610 4717 interim
1621 4656 1724 4736 priore
1742 4647 1836 4730 vrgdii
1853 4658 1909 4706 ⁰⁰¹1·

357 4745 537 4825 scripsisset,
549 4752 585 4807 ut
597 4747 802 4828 capitulorum
823 4747 922 4808 trium
948 4747 1124 4808 damnatio·
1173 4751 1224 4810 tra
1236 4747 1373 4827 capittrla
1385 4747 1448 4809 tria
1466 4748 1590 4811 decreto
1611 4748 1738 4809 minime
1761 4740 1906 4805 coutcclffls

360 4845 624 4916 nemrevooaret;
638 4840 692 4901 ubi
709 4838 1126 4919 Constantinopolimvenit‘,
1176 4840 1261 4920 quod
1293 4838 1464 4902 cinnamum
1496 4840 1579 4902 hanc
1613 4838 1803 4912 adunabat
1833 4823 1909 4891 W

357 4932 504 4995 cumdem
543 4933 633 4994 iilum
669 4932 818 4995 mandata
855 4933 967 5013 exequi
1004 4934 1125 4997 detrec-
1176 4930 1295 5015 Synodi
1308 4931 1546 4996 Chalcedonensis
1559 4922 1908 5008 mauriennam

392 5146 413 5192 a
431 5135 555 5193 Tartaru.
571 5136 651 5208 cete
662 5137 708 5201 ὢν,
723 5136 763 5189 aad
776 5135 852 5208 μέγας
863 5141 900 5191 τῶ
910 5135 1018 5209 σώματι.

381 5323 392 5366 t
405 5323 476 5369 biber.
485 5333 506 5368 c.
516 5334 574 5375 mv,
586 5324 602 5367 1.
612 5322 646 5373 tv,
654 5332 675 5367 c.
687 5320 830 5367 cn-dicm.
845 5322 872 5366 IV
882 5322 997 5367 Cone-³
1009 5322 1060 5368 Fac.
1069 5322 1085 5367 1.
1097 5321 1132 5374 Ν,
1140 5333 1189 5378 cap.
1198 5320 1282 5369 rra-t
1290 5317 1509 5377 Theophdicapbor.
1517 5318 1626 5371 iibiiili,
1636 5328 1685 5375 cup·
1697 5304 1905 5362 nvi.-⁵llt⁸⁰r¹¹¹⁰·

354 5385 404 5430 -θ
415 5387 490 5431 'romi
501 5385 567 5431 Cone.
579 5385 681 5430 dett-7
692 5385 826 5431 Faccootro
837 5385 912 5431 Nocte.
926 5392 948 5429 st
959 5385 982 5430 tn
995 5385 1081 5432 Prarat.
1094 5384 1159 5441 θρα.
1181 5384 1310 5429 totius-8
1324 5384 1395 5438 Epist.
1406 5383 1455 5440 vig.
1476 5388 1554 5428 watra
1566 5385 1628 5431 fluat.
1646 5380 1753 5428 scm
1768 5376 1806 5422 coi.
1815 5373 1827 5416 i
1835 5369 1880 5425 ΕΡ·
1888 5370 1905 5411 ’·

354 5454 416 5561 ἢ
429 5447 658 5563 mazech-dits.
667 5447 732 5504 epist.
743 5451 801 5496 aaut
810 5449 873 5497 noct.
884 5452 905 5494 et
916 5448 1000 5494 Sctnct.
1010 5452 1064 5493 torn.
1080 5445 1107 5491 lt
1119 5446 1185 5496 canc.
1193 5446 1248 5491 Vide
1256 5450 1278 5489 ct
1288 5444 1345 5490 ultas
1358 5443 1439 5491 ibidem
1463 5444 1528 5502 aptat.
1538 5444 1616 5501 dg.-
1626 5445 1653 5491 td
1660 5440 1700 5502 ap.
1709 5441 1763 5491 clar.
1774 5437 1797 5483 tt
1813 5432 1840 5478 cd
1853 5428 1905 5482 W&
