4036 6162
298 280 358 339 336
798 269 1123 336 THEOLOGlGORUM
1148 269 1372 334 DOGMATUM

300 448 345 504 ost
359 441 520 517 Dominus,
542 441 585 501 ait
610 438 762 503 Maenalis
787 438 924 515 auetor¹‚
954 445 1068 501 utnon
1119 440 1279 502 docentem
1289 436 1423 517 respicit,
1443 437 1496 499 sed
1503 435 1677 517 jubentem,
1691 432 1887 507 accedamus,

300 533 409 614 diligat
423 552 547 596 earnem
561 552 660 609 suam,
676 532 818 594 membra
831 551 897 609 sua,
913 537 943 594 et
952 533 1068 593 viscera
1118 534 1217 607 filioli,
1229 553 1292 613 quo
1302 537 1391 594 vocat
1402 531 1544 607 charitas,
1554 529 1649 590 trahit
1661 544 1760 599 amor,
1775 525 1891 586 invitat

301 644 366 687 sua.
382 648 398 684 ιι
419 625 629 688 olitinsolens
650 625 787 705 quidem,
803 630 839 685 ut
852 642 923 686 eum
950 623 1068 685 Hilario
1119 627 1258 688 affectio:
1282 628 1382 688 Deum
1396 626 1519 686 Patrem
1527 623 1645 684 uiscera
1658 619 1808 697 sentiant,
1827 635 1891 678 vox

302 718 426 792 dinami,
440 717 575 779 hicforte
585 719 732 779 humanae
745 717 810 797 spei
825 718 884 779 erit
894 734 1007 792 sermo,
1016 715 1069 775 sed
1119 725 1275 800 personet,
1290 720 1436 798 loquatur
1443 717 1563 797 lingua,
1579 715 1703 794 spiritus
1713 712 1843 784 elamet,
1859 716 1892 770 et

301 828 366 871 non
380 809 440 871 erit
456 809 607 871 infidelis:
624 810 697 890 quia
718 809 858 888 quamvis
872 810 932 870 hoe
946 823 1070 888 sperare
1119 819 1222 874 totum
1233 812 1317 892 quod
1331 816 1378 873 est
1392 810 1424 871 in
1437 809 1543 881 nobis,
1562 805 1747 887 respondeat
1766 801 1889 879 gratiae,

302 901 502 964 temerarium
523 903 574 977 sit,
594 908 700 964 tamen
715 920 778 964 non
793 901 956 963 credidisse
969 898 1071 960 irreli-
1120 923 1185 967 non
1197 904 1313 979 timori,
1332 902 1403 983 quia
1417 903 1470 982 qui
1480 900 1619 980 judicem
1633 897 1764 960 mutavit
1777 895 1814 957 iu
1830 896 1890 956 Pa-

303 992 426 1073 glesum
435 1000 491 1072 est,
503 1000 539 1055 ut
551 994 646 1071 idem,
662 1000 846 1075 atqueunus
860 992 952 1054 nobis
966 990 1071 1071 eispei
1119 1003 1212 1074 hem,
1227 995 1447 1068 ammirabili,
1467 1012 1532 1055 non
1542 991 1657 1054 timeri.
1672 1012 1687 1049 ι
1704 989 1781 1050 Vide
1792 990 1891 1050 Joan-

304 1101 412 1149 auctor
448 1087 505 1157 sit,
535 1093 566 1149 et
589 1087 673 1149 fidei.
700 1109 716 1146 ι
745 1076 864 1166 erippe
895 1107 911 1144 ιι
938 1082 1072 1162 suscepit
1120 1107 1194 1151 nem
1219 1089 1444 1150 Dameseenum
1461 1086 1513 1148 illa
1534 1085 1643 1146 eadem
1665 1078 1893 1143 lnoarnationis

304 1184 449 1254 mortem,
466 1180 508 1241 ait
524 1181 606 1241 Zeno
619 1166 806 1243 Veronensis
818 1176 842 1255 ⁸,
853 1184 889 1238 ut
908 1175 1072 1238 eadericta
1121 1182 1249 1262 premia
1272 1181 1467 1260 colligentem
1485 1179 1518 1240 in
1538 1180 1649 1257 quarto
1662 1174 1741 1237 libro
1755 1170 1792 1234 de
1811 1169 1892 1251 fide,

304 1290 478 1352 resurgens,
496 1272 616 1333 homini
637 1291 693 1353 per
703 1272 864 1334 hominem
880 1285 1071 1350 qrremgcre·
1121 1274 1220 1354 capite
1236 1289 1281 1335 ιι.

304 1363 368 1441 bat,
393 1371 424 1426 et
447 1383 533 1445 spem
556 1364 716 1426 vincendae
745 1363 854 1425 mortis
880 1361 1015 1437 afferret,
1041 1366 1073 1421 et
1161 1366 1243 1426 XVI.
1273 1366 1395 1426 Rursus
1426 1362 1569 1444 perbrevi
1601 1357 1805 1440 compendio,
1840 1354 1895 1417 sed

306 1473 378 1517 eum
392 1455 432 1516 ad
445 1456 575 1536 praemia
594 1454 834 1518 immortalitatis
848 1453 1036 1515 admitteret.
1055 1471 1066 1508 ι
1122 1464 1281 1532 accurato,
1298 1475 1453 1519 summam
1463 1456 1611 1518 doctrinae
1626 1451 1738 1514 Christi
1746 1466 1894 1528 compre·

346 1548 410 1608 XV.
435 1548 568 1610 Accedat
589 1553 621 1609 et
639 1546 814 1608 Richardus
831 1546 1008 1606 Victorinus
1032 1543 1069 1605 ad
1122 1551 1233 1613 hendit
1246 1552 1448 1630 Augustinus,
1464 1548 1552 1609 initio
1566 1544 1703 1628 epistolae
1718 1558 1784 1604 axx.
1804 1562 1820 1597 ιι
1835 1539 1897 1614 Qui

304 1640 465 1720 superiora
487 1639 540 1700 illo
561 1645 685 1719 sumpto
704 1658 742 1701 ex
762 1638 933 1718 Augustino
951 1655 1072 1717 respec-
1123 1649 1284 1725 propterea
1305 1643 1591 1713 hicexhonoratun
1614 1644 1707 1717 atque
1726 1632 1897 1696 crucifixus
2015 1620 2016 1661 ¹

304 1738 393 1793 ifissst
410 1754 425 1790 t
440 1730 513 1806 0⁰3⁸
535 1750 610 1811 &8⁰
632 1731 757 1804 diffidat,
774 1728 905 1811 inquito,
920 1729 984 1790 imo
1003 1727 1073 1808 quis
1123 1744 1180 1813 est,
1197 1735 1308 1815 inquit,
1324 1742 1361 1795 ut
1373 1735 1497 1797 doceret
1509 1751 1566 1795 nos
1583 1731 1665 1792 hona
1678 1728 1774 1806 hujus
1786 1724 1899 1786 saeculi

306 1824 417 1886 melli)
438 1843 501 1885 1¹⁰⁰
526 1828 711 1904 Piaessllmflis
730 1822 892 1884 hominem
905 1841 961 1901 Pir
976 1823 1073 1882 Deum
1123 1829 1455 1907 magiseontemnere,
1483 1843 1577 1906 quam
1597 1822 1744 1901 diligere:
1774 1824 1808 1879 et
1837 1818 1899 1879 hoc

305 1916 488 1996 participem
502 1934 590 1996 posse
600 1921 631 1977 θῐ
644 1915 756 1977 debere
770 1915 838 1975 fieri
852 1913 1030 1989 divinitalis,
1048 1911 1075 1973 Si
1124 1938 1247 1998 amare,
1266 1927 1297 1982 et
1311 1938 1433 2001 sperare
1447 1920 1486 1981 ab
1499 1919 1564 1991 sslt),
1579 1914 1663 1996 quod
1673 1914 1706 1974 in
1718 1930 1776 1974 sua
1789 1928 1899 1972 resur.

305 2009 385 2070 Deus
411 2014 538 2089 propter
559 2007 702 2069 homines
727 2008 824 2068 tactus
847 2011 894 2067 est
921 2006 1074 2086 particeps
1124 2012 1463 2075 rectionemanstravit.
1473 2032 1488 2069 ι
1501 2011 1566 2071 Hoc
1574 2008 1658 2069 enim
1668 2003 1786 2086 duplici
1796 2003 1900 2083 capite

305 2106 419 2162 nostrae
433 2100 680 2162 humanitatisln
694 2102 768 2174 Quae
780 2098 878 2160 rideri
894 2102 1024 2178 possunt
1037 2115 1075 2158 ex
1125 2105 1231 2165 omnia
1250 2104 1459 2178 eontinentur,
1475 2120 1546 2182 quae
1568 2101 1717 2162 haetenus
1732 2097 1765 2158 in
1778 2093 1898 2157 Christi

306 2191 366 2253 illis
379 2192 591 2273 chrysostomi
603 2210 746 2270 expressa
764 2190 866 2252 verbis
884 2189 1013 2250 homilia
1026 2207 1073 2249 se·
1124 2198 1301 2275 magisterio
1312 2197 1505 2271 notavimus;
1517 2211 1649 2274 quaeque
1662 2191 1821 2252 bonorum
1836 2188 1901 2249 line

307 2285 409 2345 cunda
424 2284 455 2343 ιἰι
466 2283 657 2345 Mattdoeum.
677 2305 692 2341 ιι
708 2283 741 2345 Si
756 2283 794 2344 de
807 2282 900 2343 rebus
912 2283 974 2342 tuis
987 2281 1076 2342 dubi·
1124 2289 1248 2365 ultimo,
1263 2308 1299 2350 ee
1315 2306 1438 2351 summo
1449 2334 1457 2364 ,
1470 2294 1501 2349 et
1511 2286 1573 2363 via,
1590 2304 1651 2365 qua
1664 2283 1704 2344 ad
1718 2282 1809 2343 illum
1824 2298 1898 2361 per·

307 2381 362 2450 tas,
375 2375 487 2455 inquit,
497 2375 625 2437 axillius
639 2375 731 2436 rebus
745 2375 840 2436 etiarn
852 2374 1005 2437 credenda
1018 2372 1075 2433 iste
1124 2381 1248 2441 venitur
1260 2379 1479 2460 comprehendi
1493 2378 1668 2440 docuimus.
1683 2376 1721 2435 Et
1728 2374 1763 2435 in
1771 2369 1901 2434 librode

306 2467 456 2548 persuade
465 2466 534 2528 tihi.
548 2467 670 2528 Etenim
684 2467 784 2528 multo
798 2465 951 2527 difficilius
965 2471 1020 2538 est,
1040 2470 1076 2525 ut
1125 2490 1196 2534 aera
1218 2472 1378 2553 relipione,
1393 2472 1491 2552 capite
1502 2487 1566 2532 rur.
1587 2491 1602 2527 ιι
1616 2467 1770 2530 satellites
1784 2466 1900 2545 volup.

304 2560 445 2620 humano
461 2560 554 2620 modo
565 2564 596 2620 et
604 2576 698 2619 sensu
710 2559 792 2619 istud
806 2575 965 2636 usurpem,
977 2559 1075 2617 Deum
1125 2569 1238 2639 tetum,
1249 2564 1361 2644 inquit,
1373 2563 1495 2626 divitias
1505 2561 1676 2641 perniciose
1683 2557 1792 2638 populi
1800 2575 1901 2637 appe-

305 2651 467 2712 hominum
480 2650 567 2727 fieri,
584 2668 679 2730 quum
699 2649 877 2724 huminem,
893 2648 994 2709 filium
1009 2647 1073 2709 Dei·
1126 2655 1254 2717 tebant:
1284 2675 1403 2736 pauper
1424 2673 1488 2716 esse
1514 2653 1622 2714 voluit.
1652 2649 1843 2725 Honoribus,
1872 2654 1904 2710 et

306 2744 384 2804 Cum
406 2742 503 2822 igitur
526 2742 659 2804 audieris
682 2741 783 2802 lilium
806 2741 861 2802 Dei
885 2739 986 2800 filium
1011 2757 1076 2801 esse
1125 2747 1264 2826 imperiis
1284 2747 1461 2821 inhiabant3
1476 2764 1533 2807 rex
1546 2741 1735 2806 fierinoluit.
1751 2740 1903 2802 carnales

307 2835 431 2897 Dividit
445 2840 476 2896 ei
493 2833 677 2907 abrahami,
693 2851 765 2894 istie
779 2833 915 2908 dubiis,
936 2831 1030 2910 quin,
1045 2837 1077 2893 ei
1125 2838 1206 2900 filios
1221 2857 1372 2919 magnum
1384 2839 1504 2900 bonum
1524 2837 1693 2917 putabant:
1708 2833 1771 2895 tale
1785 2834 1902 2912 conju·

306 2928 445 2988 tulllius
471 2928 594 3004 Adami,
616 2927 697 2987 filius
716 2924 770 2986 Dei
784 2925 824 2985 sis
848 2924 981 2985 futurus.
1006 2924 1077 2984 Non
1127 2931 1232 3010 glum,
1259 2932 1441 3011 prolemque
1464 2928 1660 3008 contempsit.
1685 2924 1904 2987 Contumelias

307 3019 393 3080 enim
416 3024 533 3079 temere
558 3037 593 3079 ac
619 3018 733 3078 trustra
755 3021 914 3095 tantopere
942 3015 1077 3096 seipsum
1127 3023 1346 3102 superbissime
1359 3021 1550 3084 horrebant:
1567 3037 1660 3080 omne
1673 3036 1772 3098 genus
1786 3022 1902 3078 contu-

307 3110 479 3188 abjeoisset,
494 3108 554 3170 nisi
565 3127 623 3170 nos
634 3109 669 3168 in
680 3108 779 3169 altum
789 3108 883 3169 vellet
899 3108 1073 3169 educerer.»
1127 3114 1294 3174 melianum
1308 3113 1463 3175 sustinuit.
1477 3112 1609 3191 lnjurias
1617 3128 1682 3172 esse
1690 3108 1904 3170 intolerabiles

347 3202 417 3262 Non
445 3199 595 3261 absimilis
622 3205 668 3261 est
693 3200 777 3259 Petri
801 3199 983 3279 chrysologi
1007 3217 1076 3260 sen·
1127 3205 1381 3268 arbitrabantur:
1418 3223 1488 3284 quae
1516 3202 1615 3283 major
1642 3202 1773 3280 injuria,
1803 3218 1904 3280 quam
2015 3240 2016 3291 ,

307 3293 421 3363 tentia;
438 3311 508 3372 qrrae
518 3292 665 3372 pleraque
674 3292 969 3372 hactenusexposita
977 3293 1079 3352 Inear-
1124 3296 1253 3375 justum,
1286 3298 1547 3376 innocentemque
1578 3291 1739 3355 damnari?
1773 3292 1904 3355 Dolores
2015 3346 2016 3373 ,

310 3385 446 3445 nationis
460 3384 639 3459 commoda,
663 3389 695 3445 et
716 3388 900 3445 ornamenta
919 3383 953 3443 in
966 3383 1077 3444 huma·
1128 3389 1264 3469 corporis
1277 3390 1521 3450 execrabantur:
1534 3386 1906 3464 flagellatusatquecru·
2015 3378 2016 3419 ³

308 3494 389 3537 num
411 3477 548 3538 derivata
574 3493 673 3555 genus
686 3521 694 3550 ,
724 3475 890 3537 acervatim
915 3475 1055 3554 congerit
1069 3494 1076 3536 :
1128 3480 1225 3542 elatus
1236 3487 1291 3541 est.
1307 3480 1388 3542 Mori
1401 3479 1583 3541 metuebant
1593 3482 1719 3558 :mmorte
1732 3477 1904 3538 mulctatus

313 3588 329 3626 (ι
352 3567 431 3641 Quid
454 3573 500 3629 est
523 3567 623 3646 magis
642 3567 850 3635 tremendum,
868 3564 934 3641 aitl,
950 3567 1034 3645 quod
1048 3584 1080 3627 se
1129 3579 1185 3634 est.
1197 3571 1532 3652 Ignominioslssimum
1541 3570 1650 3633 mortis
1661 3587 1761 3650 gensis
1774 3585 1905 3631 crucem
2015 3588 2016 3619 ι

310 3659 395 3721 dedit
416 3660 507 3720 terris
521 3660 614 3733 Deris,
645 3664 700 3719 aut
727 3660 878 3737 quadros
904 3657 956 3717 dat
978 3656 1079 3719 coelo?
1129 3664 1299 3744 putabant:
1325 3664 1488 3727 erucifixus
1502 3669 1557 3725 est.
1575 3662 1687 3726 Omnia
1700 3680 1770 3742 quae
1783 3662 1905 3723 habere

311 3750 396 3831 quod
409 3751 585 3812 societatem
601 3749 701 3810 curnis
714 3750 810 3809 introi
829 3750 911 3828 ipsu,
930 3749 1081 3828 outquod
1130 3756 1288 3836 cupientes
1301 3776 1366 3818 non
1378 3762 1461 3818 recte
1472 3756 1662 3823 vivebamus,
1679 3753 1814 3815 carendo
1829 3753 1906 3814 vilia
2015 3756 2016 3773 l

310 3861 366 3904 vos
379 3843 452 3904 lacit
465 3842 655 3904 consortium
666 3840 834 3903 divinitatis
848 3839 983 3900 intrare?
997 3840 1081 3919 quod
1129 3848 1212 3909 feeit,
1229 3849 1340 3910 Omnia
1360 3868 1430 3928 que
1450 3848 1548 3910 uitare
1572 3847 1730 3926 cupientes
1755 3864 1774 3906 a
1797 3845 1904 3906 studio

311 3941 445 3997 mortem
459 3934 554 3995 sumit
573 3933 651 4013 ipse,
668 3938 722 3993 aut
735 3933 819 4012 quod
832 3949 887 3993 ros
900 3933 1031 3992 resumit
1043 3950 1081 3994 ex
1131 3935 1333 3997 deviabamus
1360 3936 1516 4014 veritatis,
1550 3935 1750 4016 perpetiendo
1777 3933 1903 4012 deJecit.

312 4027 437 4089 morte?
451 4026 534 4107 qnod
549 4024 660 4106 ipsein
673 4030 809 4086 vestram
831 4024 969 4086 nascitur
982 4024 1080 4086 servi·
1131 4027 1201 4088 Non
1218 4028 1303 4089 enim
1323 4027 1425 4090 ullum
1445 4033 1606 4109 peceatum
1624 4025 1775 4088 committi
1788 4030 1903 4105 potest,
2015 4028 2016 4103 ζ

312 4124 423 4193 tutem,
447 4125 501 4179 aut
523 4116 674 4196 quadros
698 4116 757 4177 sibi
774 4116 875 4195 gignit
898 4116 932 4176 in
950 4115 1083 4177 liberos?
1131 4118 1902 4200 nisidumappetuntu1·ea,quaeilleoontempsit,
2015 4174 2016 4191 ,

314 4210 398 4290 quod
410 4209 538 4289 suscipit
547 4213 761 4289 paupertatem
770 4214 917 4281 vestram,
933 4213 988 4267 aut
999 4209 1083 4288 qnod
1133 4217 1187 4272 aut
1200 4212 1372 4290 hrgiuntar,
1389 4230 1456 4291 qua
1469 4212 1521 4272 ille
1537 4210 1694 4271 sustinuit.
1708 4211 1784 4270 Tota
1799 4209 1905 4288 itaque

313 4320 370 4364 ros
383 4301 442 4364 sibi
452 4300 525 4362 facit
546 4300 697 4373 haeredes,
719 4298 766 4360 sui
788 4299 872 4360 unici
887 4299 1083 4361 coheredes?
1131 4302 1273 4383 ritaejus
1286 4303 1320 4363 in
1334 4304 1425 4365 terris
1437 4321 1493 4384 per
1509 4298 1680 4373 hominem,
1697 4318 1792 4381 quem
1805 4300 1904 4363 susei-
2015 4308 2016 4371 Ϊ

315 4396 367 4457 list
380 4395 489 4473 utique
498 4391 684 4465 terribilius,
702 4392 786 4470 quod
803 4396 887 4452 terra
899 4391 1085 4452 transfertur
1132 4413 1205 4475 pere
1232 4396 1378 4474 dignatus
1404 4401 1468 4470 est,
1496 4394 1657 4474 disciplina
1680 4411 1808 4456 morum
1832 4393 1903 4454 fuit.
2015 4382 2016 4411 ³

314 4485 349 4546 in
362 4487 491 4561 ooelum,
512 4484 608 4545 homo
626 4482 738 4544 deitate
758 4487 913 4558 mutatur;
930 4482 1085 4543 servitutis
1134 4486 1329 4548 Resurrectio
1343 4505 1416 4548 vero
1429 4485 1528 4565 ejusa
1544 4484 1693 4562 mortuis,
1708 4484 1789 4546 nihil
1800 4484 1904 4546 homi·
2015 4484 2016 4489 ’

316 4594 382 4637 sors
407 4574 628 4638 dominationis
653 4574 727 4653 jura
762 4573 901 4635 sortitur.
932 4573 993 4634 Sed
1025 4574 1086 4636 hoe
1134 4576 1430 4658 nisperirenaturae,
1443 4577 1631 4639 cumomnia
1644 4577 1902 4652 salrasuntlleo,

317 4667 459 4747 quamvis
484 4665 689 4728 metuendum
713 4664 763 4740 sit,
788 4670 895 4726 tamen
920 4664 994 4745 quia
1020 4683 1086 4727 non
1135 4668 1364 4731 satisindiearit
1376 4689 1383 4730 :
1396 4674 1426 4730 et
1439 4668 1703 4749 quemadmodum
1718 4674 1829 4730 cuneta
1841 4686 1905 4730 ser·
2015 4660 2016 4743 ζ

352 4879 374 4921 a
392 4863 492 4920 Caura.
513 4859 589 4918 hom.
613 4875 632 4916 n
655 4862 688 4916 itt
704 4858 812 4915 Mami.
832 4858 862 4913 El
879 4860 906 4914 et
925 4859 1098 4933 ἇμιιιὸιθιὶιιιςΙ
1135 4864 1233 4917 καὶτοῦ
1258 4861 1377 4936 Ἀβραὰμ,
1398 4863 1431 4936 μὴ
1450 4862 1589 4935 nuptialis
1605 4862 1702 4917 lornbr.
1725 4865 1764 4918 ὅτι
1781 4864 1823 4917 ml
1842 4864 1871 4918 ab
1890 4862 1906 4916 d
2015 4828 2016 4855 ἲ

316 4947 371 5019 περὶ
387 4952 437 5001 τῶι
451 4951 512 5008 σῶν,
530 4939 882 4997 metaumaucensis«
894 4943 1001 4997 πίστευε·
1020 4944 1084 4997 πολὺ
1135 4943 1187 5008 albe
1210 4951 1254 5000 τοῦ
1274 4945 1362 5018 Ἀδὰμ,
1377 4946 1429 5008 niba
1447 4945 1491 5019 ἔσῃ
1503 4951 1547 5001 τοῦ
1561 4947 1625 5000 θεοῦ.
1649 4945 1705 5000 etot
1719 4946 1767 5019 γὰρ
1781 4945 1844 5020 εἰκῇ,
1865 4945 1904 4999 ul
2015 4990 2016 5005 ,

316 5030 364 5102 γὰρ
375 5029 567 5100 δυσκολώτερον,
593 5027 652 5080 ὅσοι
670 5024 702 5086 εἰς
716 5023 864 5096 ἀνθρώπινοι
879 5025 1009 5098 topanta,
1030 5025 1084 5079 esta
1137 5030 1216 5100 μάιηι
1230 5038 1349 5084 τοιοῦτον
1364 5028 1448 5083 tosta
1464 5027 1633 5095 ἐταπείνωσεν,
1649 5028 1671 5083 ιι
1681 5028 1714 5101 μὴ
1728 5029 1833 5103 ἔμελλεν
1842 5029 1904 5101 ἡμᾶς
2015 5016 2016 5025 ’

317 5113 445 5185 ἅνθρωποι
459 5110 579 5184 γενέσθαι,
596 5108 763 5180 ἢᾶιθρωιιοι,
784 5106 837 5162 aibr
851 5108 906 5162 θεοῦ
921 5103 1083 5182 χρηματίσαι.
1136 5110 1253 5185 haduis.

317 5196 376 5249 ὅταν
391 5189 433 5249 οὖν
443 5193 557 5267 ἀκούσῃς,
575 5193 614 5246 ὅτι
629 5189 680 5251 υἱὸς
693 5195 737 5245 τοῦ
748 5191 813 5257 θεοῦ,
831 5188 882 5255 υἱὸς
895 5191 1020 5245 rodiciti
1035 5188 1086 5244 lert

318 5424 333 5471 ὓ
346 5364 425 5472 adep.
437 5373 480 5407 ιιιι
492 5362 517 5407 ln
530 5361 615 5419 Appen.
627 5365 644 5407 t.
657 5359 804 5417 lidan-t
818 5358 864 5404 uta
875 5358 892 5404 l.
904 5358 932 5404 11
941 5358 968 5405 do
980 5358 1070 5405 Νι.-
1080 5357 1095 5403 θ
1107 5357 1164 5402 zeno
1178 5356 1257 5402 toron.
1266 5367 1310 5402 ιιι.
1323 5355 1350 5402 de
1363 5356 1423 5412 spir.
1432 5358 1454 5403 st
1466 5360 1576 5413 corp-4
1589 5354 1649 5405 utu.
1660 5355 1670 5402 l
1680 5356 1707 5404 dc
1718 5358 1789 5405 m
1800 5368 1821 5404 ι.
1829 5355 1901 5403 nir.-

376 5438 420 5483 ιιι.
433 5437 476 5471 ιιι.
487 5437 552 5471 uua
