4072 6164
577 378 628 439 DE
647 375 955 453 lucauuaulultu,
975 374 1054 435 ulls.
1076 375 1114 451 V,
1137 374 1222 436 CAP.
1244 376 1268 436 l.
1642 379 1701 438 57¹1

163 542 204 604 at
226 542 308 604 idem
331 543 468 604 ioannes
488 542 695 605 Damasceuus
712 541 889 622 improbare
934 543 970 603 in
990 541 1118 614 scholis,
1144 560 1203 602 uon
1229 542 1347 622 mmm,
1370 560 1443 603 vera
1459 544 1706 605 suntenuntieta

126 633 620 714 videturhujusmodlenuntiate¹,
633 634 779 697 divinitus
788 634 889 695 inccr—
936 634 995 695 ista
1009 653 1017 693 ε
1033 651 1103 712 quae
1117 638 1238 706 tamen,
1254 634 1304 713 pie
1318 638 1349 694 et
1361 634 1509 696 catholice
1520 641 1590 715 post
1602 640 1706 698 tantos

128 736 195 789 ueta
213 734 264 805 est,
279 727 329 788 vel
343 725 426 787 homo
445 728 527 808 sueto
541 732 600 789 est:
630 746 687 807 pro
712 744 774 807 quo
797 726 887 800 illud,
937 731 1078 787 auctores
1091 725 1234 805 usurpari
1247 731 1392 804 possunt,
1409 745 1488 806 quos
1501 727 1636 807 proiecto
1650 727 1705 807 qui

127 820 207 898 quod
216 818 283 897 jam
296 818 361 879 dixi
371 819 585 898 usurpandum
594 819 720 881 asserit:
734 816 890 880 Divinitas
937 823 1100 897 propterea
1111 817 1154 878 sic
1167 817 1285 878 locutos
1298 818 1486 896 existiment,
1504 820 1616 898 «pared
1629 837 1706 880 non·

126 911 210 971 unita
229 917 270 971 est
292 908 477 972 humanitati
502 910 535 971 in
558 930 617 973 unu
647 930 770 973 sucrum
797 908 889 990 ippo-
938 908 1013 970 dum
1027 910 1145 970 itaillis
1167 909 1350 991 explorate⁰,
1375 916 1468 991 atque
1489 917 1595 992 aperte
1617 916 1707 973 erant

125 1011 245 1065 stamen.
267 1002 355 1076 Quod
374 1002 478 1082 ipsum
503 1002 688 1082 Euthymius
710 1020 749 1064 ex
771 1000 890 1079 antiqui
936 1000 1010 1062 fidei
1022 1007 1136 1062 uostroe
1150 1003 1309 1081 mysteria,
1324 1004 1369 1063 uti
1389 1007 1504 1083 postea,
1524 1003 1706 1083 disponente

125 1095 282 1173 cujusdam
291 1094 428 1174 theologi
436 1094 556 1175 placitis
563 1092 658 1156 reiert
668 1094 701 1155 in
715 1093 797 1155 calce
808 1091 891 1153 tituli
939 1093 984 1154 sic
997 1094 1140 1169 domiuo,
1154 1094 1374 1173 posterioribus
1386 1095 1472 1157 fuere
1480 1096 1702 1175 temporibus»

124 1187 245 1267 septimi
277 1185 457 1266 panoplia·
484 1187 538 1248 ubi
573 1193 685 1265 negm,
726 1184 891 1266 «proprie
938 1186 1031 1247 nimis
1058 1204 1091 1248 se
1115 1192 1231 1261 emant,
1260 1205 1296 1247 ac
1320 1204 1432 1267 perum
1451 1189 1641 1265 verecunde,
1665 1205 1706 1249 ne

124 1278 292 1358 loquendo,
318 1278 378 1339 dici
402 1279 597 1341 lucer-netem
611 1278 825 1349 divinitatem,
841 1275 891 1337 vel
939 1278 1014 1356 quid
1041 1279 1167 1357 gravius
1197 1279 1310 1356 dicum,
1344 1281 1383 1341 de
1410 1280 1625 1343 eruditissimis
1646 1278 1707 1341 illis

31 1404 34 1409 >
125 1389 213 1432 cerne
227 1380 379 1451 passamt.
394 1392 410 1429 r
430 1372 517 1445 Quod
532 1370 681 1431 nimirum
694 1375 777 1432 recte
789 1368 891 1430 obser·
938 1371 1090 1450 theologis
1098 1371 1246 1434 sentiunt.

125 1468 230 1524 ratum
248 1469 294 1524 est
316 1462 356 1523 ab
369 1481 417 1537 eo,
434 1462 459 1523 si
481 1471 643 1545 κυριολατιῖν
656 1462 740 1522 idem
753 1459 804 1537 sit,
819 1477 891 1520 cum
980 1463 1033 1523 VI.
1060 1464 1098 1525 Ut
1110 1463 1178 1526 haee
1191 1464 1274 1545 apud
1286 1464 1485 1542 Christianos,
1501 1470 1532 1525 et
1542 1465 1708 1527 catholicos

125 1573 171 1627 eo,
184 1554 270 1635 quod
283 1560 406 1630 uocaui,
427 1555 597 1634 pecualiter
611 1553 703 1635 loqui.
725 1553 792 1613 Hoc
805 1550 890 1612 enim
940 1555 1108 1617 certissime
1129 1562 1217 1630 sunt,
1236 1575 1306 1636 quae
1324 1557 1363 1618 de
1379 1558 1445 1618 sola
1466 1557 1627 1618 internata
1639 1557 1708 1618 Filii

125 1665 217 1709 seusu
227 1652 348 1709 nonest
359 1646 527 1724 incuruata,
542 1648 645 1726 ue'que
653 1642 891 1728 possadr'vioitcs
939 1665 1072 1727 persone
1098 1648 1254 1710 diximus:
1279 1648 1323 1710 sic
1337 1649 1415 1710 illud
1429 1650 1461 1710 iu
1474 1649 1585 1711 scholis
1597 1649 1709 1730 agitari

125 1759 178 1821 per
196 1758 282 1802 sese:
300 1739 354 1801 sed
364 1757 427 1818 qus
444 1757 571 1818 prorsus
583 1738 667 1800 idem
680 1742 727 1799 est
734 1754 806 1798 cum
819 1754 907 1816 per-.
940 1738 1027 1815 solet,
1043 1740 1153 1819 ecquid
1166 1740 1308 1801 absoluta
1321 1746 1471 1820 potestate
1491 1747 1556 1802 tcta
1574 1741 1708 1802 Trinitas

125 1851 199 1894 sone
213 1831 318 1893 Verbi.
343 1832 385 1892 De
411 1849 474 1911 quo
488 1830 637 1911 legendus
656 1830 739 1891 inter
755 1828 832 1889 ahos
846 1832 892 1888 est
940 1850 1066 1893 carnem
1090 1831 1244 1912 suscipere
1262 1834 1407 1913 potuerit,
1431 1839 1525 1914 atquae
1547 1834 1608 1895 hoc
1620 1834 1707 1895 trifa-

124 1945 204 1988 seuc.
224 1925 358 1986 Thomas
378 1923 527 2003 opusculo
545 1923 647 2004 primo
662 1930 764 1983 contra
782 1938 892 1982 errores
940 1924 1019 1985 riam
1032 1925 1193 2005 quaeritur.
1204 1924 1360 1986 Auteuim
1372 1925 1542 1999 dubitatur,
1553 1925 1709 1989 andiuua

127 2016 322 2082 Gmevmm‘.
940 2016 1006 2097 ipss
1019 2017 1194 2078 communis
1217 2022 1328 2078 natura
1348 2018 1486 2098 personis
1503 2018 1604 2079 tribus
1617 2025 1709 2080 natu-

26 2116 60 2179 bs
161 2112 198 2172 V.
212 2112 284 2171 iam
297 2110 382 2190 quod
390 2107 600 2189 iuitiocapitis
613 2105 718 2185 hujus,
733 2103 892 2166 communi
940 2126 1006 2169 rem
1033 2127 1089 2190 per
1115 2127 1147 2171 se
1177 2109 1270 2170 aliam
1292 2111 1427 2189 potuerit
1447 2128 1614 2188 assumere,
1636 2128 1709 2173 cum

11 2180 95 2268 ffiiih
123 2202 280 2265 istimodo
294 2202 442 2283 loquendi
455 2197 730 2263 adversumvideri
743 2197 888 2270 diximus,
941 2219 1039 2279 esque
1059 2200 1208 2280 copulari.
1240 2202 1300 2261 Aut
1319 2200 1393 2262 illud
1416 2202 1578 2281 quaeritur,
1602 2207 1708 2264 utrum

11 2286 101 2375 3222
124 2296 206 2375 quod
221 2313 269 2371 ea,
282 2313 354 2374 quas
368 2293 520 2355 divinitati
533 2291 592 2372 ipsi
604 2289 805 2362 conveniunt,
819 2306 890 2368 per·
941 2311 1080 2372 personae
1117 2297 1179 2353 tres
1213 2293 1343 2354 totidem
1382 2293 1549 2354 individuis
1588 2294 1709 2356 naturis

123 2388 205 2449 souis
225 2385 370 2448 omnibus
390 2386 590 2457 tribuuntur3
606 2381 683 2442 nihil
696 2382 757 2442 hoc
769 2380 891 2441 obstare
941 2384 1086 2462 edjrmgi:
1104 2388 1166 2444 Aut
1190 2383 1249 2444 hoc
1268 2389 1440 2463 postremo,
1466 2403 1507 2445 an
1531 2402 1627 2446 unam
1647 2391 1710 2448 tres

122 2480 233 2541 debet:
262 2479 356 2557 idque
382 2477 463 2539 libro
488 2473 624 2537 secundo
652 2472 751 2553 capite
778 2476 889 2551 quarto
941 2494 1098 2537 assumere
1124 2475 1294 2555 potuerint.
1322 2477 1365 2537 lle
1391 2476 1429 2536 iis
1453 2482 1508 2537 sut
1532 2476 1628 2553 nihil,
1655 2481 1709 2538 aut

122 2571 192 2634 satis
207 2570 397 2651 explicatum
407 2567 534 2631 est³zet
544 2586 629 2628 nuuc
640 2564 788 2626 Ferrandi
799 2563 892 2624 unius
940 2586 1052 2647 perum
1077 2567 1245 2628 admodum
1273 2567 1358 2646 apud
1382 2567 1486 2629 Patres
1519 2569 1709 2649 disputatum

122 2664 244 2739 serbis,
272 2681 344 2742 quae
376 2662 437 2723 illie
464 2659 623 2740 preterita
644 2662 734 2725 sunt,
766 2655 892 2717 ubertus
940 2661 1077 2739 reperio:
1091 2659 1145 2739 qui
1159 2658 1369 2738 deeopotius,
1385 2660 1469 2739 quod
1482 2660 1583 2740 reipsa
1593 2661 1709 2723 iactum

123 2754 348 2837 explanabitur.
366 2752 486 2814 «Pater
499 2759 530 2812 et
544 2751 657 2826 Filius,
673 2745 803 2828 inquit&
818 2746 892 2808 suh·
940 2757 1003 2825 est,
1030 2768 1125 2830 quam
1142 2750 1227 2829 quod
1251 2756 1338 2812 extra
1358 2751 1499 2813 ordinem
1520 2754 1620 2814 eliso
1641 2753 1710 2815 fieri

123 2849 349 2909 stantiaunum
364 2852 453 2920 suut,
468 2862 532 2905 non
547 2842 580 2902 in
599 2840 748 2921 personis.
766 2840 833 2901 Una
847 2844 893 2900 est
941 2844 1059 2923 potuit,
1095 2842 1319 2922 inquirendum
1355 2849 1516 2922 putarunt.
1551 2845 1710 2918 Quantum

123 2946 236 3002 ustura
254 2938 365 3013 Petris,
381 2940 413 2999 et
425 2934 513 2997 Filii:
538 2933 590 2995 sed
611 2933 672 2994 alis
694 2937 741 2993 est
760 2948 893 3011 persona
941 2941 1046 2997 tamen
1075 2954 1112 2996 ex
1126 2934 1216 3013 jectis
1229 2933 1269 2993 eb
1293 2934 1353 2994 illis
1374 2935 1536 3010 theologiae
1551 2936 1709 3016 principiis

124 3033 241 3104 Patris,
263 3031 323 3092 alia
337 3029 419 3091 Filii.
442 3027 538 3089 Filius
550 3044 625 3088 vero
646 3024 815 3103 suscipiens
829 3040 893 3084 car·
941 3026 1154 3089 ratiocinando
1168 3026 1332 3105 colligitur,
1347 3032 1383 3086 ut
1403 3027 1441 3088 de
1465 3027 1595 3106 singulis
1617 3046 1708 3108 agam

124 3143 214 3201 nem,
231 3123 322 3184 idest
346 3120 481 3184 hominis
504 3120 645 3198 plenam,
664 3115 892 3196 perfectamque
942 3119 1092 3180 breviter:
1109 3137 1179 3179 mes
1197 3119 1265 3179 haec
1288 3119 1366 3179 ratio
1389 3123 1435 3180 est
1448 3138 1455 3179 :
1470 3120 1619 3199 primum,
1643 3139 1709 3181 uon

124 3225 281 3282 naturam.
306 3214 349 3275 sic
369 3231 439 3274 eam
460 3211 613 3291 suscipere
626 3209 841 3287 dignatusest,
856 3208 894 3265 ut
942 3230 1031 3292 posse
1048 3210 1239 3271 divinitatem
1260 3210 1358 3286 ipsam
1385 3230 1441 3290 per
1465 3230 1529 3272 sese
1552 3231 1626 3274 cum
1649 3212 1710 3274 elia

125 3327 185 3369 una
213 3323 348 3387 persone
374 3304 463 3366 fieret
489 3302 602 3378 carnis,
632 3306 664 3362 et
690 3299 800 3375 Verbi,
827 3316 893 3358 non
942 3301 1210 3381 natureeopuluri‚
1223 3302 1491 3380 Etenimquodin
1507 3311 1617 3383 quarto
1631 3305 1710 3367 libro

125 3406 232 3462 tumen
252 3417 317 3459 uua
339 3403 461 3458 nature.
487 3396 567 3456 Deras
580 3394 675 3454 homo
689 3392 787 3452 iactus
800 3395 892 3451 netu·
942 3393 977 3456 de
994 3392 1150 3469 Trinitate,
1171 3410 1239 3472 cap.
1258 3393 1453 3469 duodecimo,
1469 3394 1611 3474 pluribus
1625 3402 1710 3457 trec-

125 3510 192 3553 rsm
206 3490 269 3552 sibi
287 3489 434 3550 adunavit
446 3488 639 3560 humanam,
663 3484 762 3545 sedin
775 3481 894 3543 unitate
943 3486 1087 3559 terimus,
1097 3503 1162 3545 non
1174 3483 1390 3546 babetnatura
1399 3484 1503 3547 divim
1512 3504 1711 3550 communem

124 3600 277 3665 personae,
292 3599 387 3661 quem
407 3598 472 3640 uon
494 3578 588 3639 habet
608 3593 680 3638 cum
702 3576 791 3635 Patre
809 3590 894 3634 com-
944 3578 1047 3641 nescio
1072 3594 1166 3656 quem
1179 3576 1366 3638 subsistendi
1389 3577 1530 3656 modum,
1552 3579 1591 3640 ab
1612 3580 1712 3641 tribus

124 3693 273 3737 munem:
287 3691 352 3733 uon
366 3672 400 3732 in
412 3672 566 3732 unitatem
586 3666 782 3740 substautias,
799 3682 894 3745 quem
945 3669 1080 3733 relativis
1100 3667 1341 3749 proprietatibus
1368 3687 1494 3750 quoquo
1522 3671 1616 3732 modo
1650 3671 1714 3733 dis-

124 3768 221 3829 habet
234 3783 306 3827 cum
322 3765 412 3825 Patre
426 3778 637 3825 communem.
662 3760 735 3820 Ideo
750 3777 815 3820 non
829 3757 895 3817 Tri·
943 3763 1085 3825 uncum
1114 3762 1222 3841 ltaque
1245 3759 1323 3820 nihil
1346 3765 1403 3836 est,
1423 3760 1455 3821 in
1473 3779 1536 3840 quo
1550 3762 1649 3823 unitio
1660 3762 1714 3823 illa

125 3859 222 3937 nitas,
243 3858 297 3920 sed
310 3855 528 3917 tantummodo
542 3852 657 3927 Filius,
678 3857 710 3912 et
735 3856 838 3918 natus.
865 3854 896 3910 et
943 3854 1012 3916 fieri
1037 3852 1144 3934 possit.
1173 3852 1333 3932 Siquidem
1346 3870 1449 3932 neque
1472 3859 1584 3914 natura
1608 3854 1714 3916 divine

125 3968 235 4031 pessus
253 3954 307 4011 est.
324 3947 394 4009 Alie
407 3952 453 4008 est
470 3951 598 4019 ustura,
614 3943 787 4005 secuudum
800 3956 896 4020 quam
944 3965 1001 4026 per
1014 3963 1080 4006 sese
1093 3962 1165 4005 cum
1178 3943 1366 4005 alienatum
1381 3944 1528 4024 conjungi
1543 3950 1643 4025 potest
1656 3948 1711 4022 sic,

125 4061 236 4124 passus
249 4045 295 4103 est
308 4039 414 4101 Filius.
442 4038 503 4099 Sed
528 4036 601 4116 quia
622 4052 720 4096 unam
742 4032 814 4094 iecit
830 4049 896 4093 esse
945 4043 981 4099 ut
993 4055 1090 4098 unam
1103 4053 1176 4099 eum
1190 4054 1225 4097 ea
1238 4041 1385 4097 naturam
1398 4042 1452 4096 aut
1465 4044 1644 4116 componat,
1659 4043 1715 4100 eut

126 4149 295 4215 personam
307 4149 372 4192 suae
395 4128 563 4190 divinitatis
589 4133 620 4188 et
633 4126 743 4193 carnis.
770 4129 898 4204 propter
945 4129 1072 4204 efficiet;
1093 4146 1194 4207 neque
1209 4133 1312 4189 cresto
1331 4126 1515 4189 subsistendi
1536 4129 1645 4199 modo,
1661 4130 1715 4210 qui

126 4227 282 4287 unitatem
315 4239 455 4303 personae
489 4218 633 4281 divinitus
666 4217 778 4279 dieitur
809 4234 899 4296 pessa
945 4220 979 4281 in
995 4225 1151 4300 assrrmpta
1166 4225 1277 4281 natura
1288 4218 1475 4297 fingeretur,
1491 4226 1591 4298 potest
1611 4222 1717 4284 diviua

127 4314 281 4397 quidquid
291 4313 421 4394 pertulit
443 4330 525 4373 caro.
546 4312 680 4371 Persona
696 4314 801 4369 autem
827 4306 898 4368 Filii
946 4312 1120 4373 subsistere.
1145 4312 1246 4382 Quare
1265 4331 1330 4373 non
1351 4319 1453 4392 potest
1475 4331 1575 4373 unum
1598 4314 1717 4393 aliquid

127 4428 194 4470 non
220 4413 267 4468 est
289 4424 337 4481 eo,
364 4423 434 4484 que
462 4409 508 4464 est
534 4401 645 4473 Patris,
671 4400 744 4480 quia
768 4399 827 4461 ulia
854 4404 901 4460 est
946 4423 1003 4485 per
1029 4423 1078 4477 se,
1110 4410 1141 4465 et
1175 4411 1317 4477 atessam,
1352 4423 1391 4465 ex
1424 4405 1576 4466 ambabus
1598 4404 1718 4467 naturis
1742 4434 1889 4483 ma„

129 4499 251 4562 Patris.
265 4497 336 4559 ideo
349 4493 566 4556 tantummodo
581 4492 676 4553 Filius
689 4509 796 4571 pessus
809 4496 865 4551 est.
880 4511 896 4549 r
950 4496 1129 4557 coalescere.
1155 4496 1311 4556 incarnari
1329 4513 1402 4576 ergo
1419 4496 1523 4558 divina
1546 4497 1719 4559 substantia

169 4590 345 4664 Nimirum,
360 4587 445 4668 quod
461 4586 529 4665 jam
554 4583 628 4644 alibi
642 4580 737 4658 dixi⁵,
752 4582 809 4643 etsi
822 4581 900 4643 dlvi·
951 4606 1008 4668 per
1029 4606 1095 4648 sese
1115 4586 1244 4649 minime
1257 4593 1370 4668 potest3
1390 4605 1492 4667 neque
1505 4593 1568 4649 tres
1580 4607 1719 4669 personas

128 4683 222 4755 uitas,
239 4698 310 4760 quae
323 4680 417 4740 estin
436 4677 557 4748 Verbo,
574 4675 657 4736 idem
671 4673 763 4753 plane
777 4673 818 4735 sit
829 4691 900 4735 cum
951 4697 1008 4758 per
1016 4697 1215 4741 communem
1228 4679 1313 4741 illam
1328 4679 1542 4741 substantiam.

14 4786 107 4838 muna.
129 4793 187 4851 eo;
201 4779 309 4834 tamen
327 4778 422 4849 tereste
435 4768 552 4829 differt:
570 4784 640 4846 quae
653 4766 686 4825 iu
700 4766 763 4826 Deo
777 4766 899 4842 sufficit,
992 4770 1069 4832 Nam
1089 4771 1172 4850 quod
1194 4771 1342 4833 Rusticus
1359 4771 1508 4833 disemus
1521 4772 1555 4831 in
1568 4771 1622 4832 illo
1635 4771 1720 4844 loco,

15 4891 92 4938 m
130 4871 166 4928 ut
179 4863 325 4946 quiedam
343 4862 381 4925 de
395 4879 460 4921 uuo
474 4868 665 4939 κατηγορήματα
679 4857 899 4938 praedicentur,
952 4879 1047 4940 quem
1080 4861 1238 4942 superiore
1259 4863 1338 4923 libro
1363 4859 1609 4943 descripsimusl,
1634 4859 1724 4923 interi

130 4977 204 5038 quae
223 4956 259 5017 iu
278 4955 412 5017 alterum
439 4971 504 5014 non
517 4954 708 5029 competunt.
729 4949 774 5009 lte
788 4948 903 5012 ratione
953 4952 1077 5014 videtur
1088 4957 1186 5015 totam
1207 4954 1308 5033 ipsam
1319 4954 1504 5015 Trinitatem
1518 4972 1574 5033 per
1586 4971 1725 5014 commu·

130 5049 285 5111 duntaxat
294 5046 439 5123 mumius,
447 5039 641 5123 veleubjecti,
655 5047 690 5104 ut
702 5040 904 5120 loquiamsnt
955 5061 1030 5106 nem
1062 5050 1207 5106 naturam
1240 5045 1396 5107 incarnari
1422 5045 1575 5124 poluisse:
1603 5044 1726 5105 videtur

167 5250 191 5291 a
207 5233 294 5290 Eum.
313 5229 457 5300 θιότηταδὶ
466 5229 695 5303 ἕνανθρωπήσασαν,
707 5230 723 5296 ἢ
735 5230 807 5302 σαρκὶ
819 5230 908 5283 πιθοῦ·
957 5247 1013 5294 σαν,
1025 5227 1055 5281 οὗ
1066 5228 1171 5301 λέγομεν
1186 5225 1207 5282 si
1221 5228 1353 5300 μίλλοιμιν
1366 5227 1539 5300 suprataxatis.

160 5376 171 5418 l
188 5375 250 5420 ban.
266 5375 282 5419 l.
297 5373 335 5425 ur,
350 5385 369 5419 a.
385 5384 404 5418 rr
417 5381 440 5418 st
451 5373 535 5419 xa-t
547 5373 600 5431 Gap.
612 5385 664 5420 ur.-
678 5373 692 5420 t
706 5372 768 5417 Prot.
777 5373 796 5430 ς
805 5372 855 5419 t-
865 5371 970 5419 eseam
980 5373 1111 5422 amu-s
1125 5372 1200 5417 t'ltlsl.
1211 5370 1241 5426 ll,
1255 5383 1304 5429 esp.
1315 5382 1345 5423 rr,
1357 5370 1456 5427 §tt-t
1468 5370 1543 5416 schol.
1554 5370 1583 5414 α
1596 5371 1647 5416 Fer.
1655 5369 1729 5415 locum

130 5437 202 5483 illum
211 5435 362 5484 amarat-'l
376 5435 429 5493 Cup.
439 5448 470 5490 rr,
482 5437 526 5493 st.

295 5514 373 5577 Tull.
396 5515 435 5576 V.
1587 5516 1626 5577 37
