4036 6162
325 315 386 376 832
541 338 544 343 ·
830 310 1156 376 rumsoumoauu
1176 309 1394 375 maurinu

326 482 403 562 quid
428 482 572 558 ammas,
600 488 659 544 ato.
696 482 770 556 Quae
797 480 902 541 omnia
935 478 1092 541 Christum
1141 478 1235 541 tionis
1248 477 1364 540 finiset
1375 493 1485 558 scopus
1497 476 1536 538 ad
1550 475 1726 553 electorum,
1738 476 1796 538 sire
1812 494 1879 557 pre·

326 575 465 637 docuisse
498 593 571 636 cum
602 573 685 648 dicit,
719 591 784 635 non
810 574 849 635 ad
876 571 1090 651 Evangelium,
1143 572 1379 647 destinatorum,
1388 570 1519 632 salutem
1528 568 1881 644 reieratur3mmtatistos

326 685 501 747 novamque
527 668 629 747 legam
662 667 810 747 respicit3
847 665 900 727 sed
927 665 966 726 ad
991 669 1093 726 totum
1141 665 1224 744 ipsos
1237 682 1301 725 non
1324 663 1385 725 alio
1404 663 1509 733 modo,
1531 679 1626 742 quam
1650 660 1881 740 exprimendam

327 760 508 822 Christiana
523 759 682 835 religionis
699 765 894 840 apparatum,
911 758 965 838 qui
983 756 1094 819 veteris
1141 774 1207 818 sese
1229 756 1381 832 unigeniti
1394 755 1477 816 illius
1494 754 1641 833 imagine,
1663 753 1776 814 hooest
1794 770 1880 815 erem·

326 870 362 913 ac
375 851 449 913 novi
464 853 652 914 Testamenti
660 852 777 914 litteras
785 851 981 931 amplectitur
997 868 1004 908 :
1019 867 1094 928 qua·
1141 850 1235 930 piaris
1267 849 1361 927 hujus
1390 848 1562 910 imitatione
1591 850 1744 926 compotes
1773 845 1880 924 saluts,

325 962 397 1005 rum
427 944 557 1024 priores,
585 944 758 1023 praesertim
785 943 936 1018 Mosaieae,
970 941 1090 1015 mundi,
1141 962 1178 1004 ao
1214 941 1366 1004 felicitatis
1392 941 1470 1003 fieri.
1511 940 1591 1002 Nom
1628 958 1695 1020 quos
1726 937 1880 1020 protelat,

325 1037 452 1115 ejusque
470 1036 607 1116 partium
628 1036 772 1116 origines,
798 1040 828 1097 et
841 1039 968 1096 naturas
990 1033 1091 1113 expli·
1142 1043 1169 1096 et
1205 1032 1429 1115 predestinavit
1463 1038 1624 1113 conformes
1664 1029 1733 1112 fieri
1764 1030 1883 1110 irrupistis

325 1133 405 1193 cant.
426 1129 508 1189 ddda
523 1128 606 1207 quod
621 1129 764 1189 universa
777 1146 832 1207 per
851 1128 1019 1198 Christum,
1034 1126 1093 1186 hoc
1140 1127 1198 1210 filii
1208 1128 1266 1203 uri,
1281 1135 1313 1187 ut
1326 1130 1366 1187 sit
1380 1129 1442 1208 ipsc
1450 1124 1664 1208 primopeuitm
1675 1123 1708 1184 iu
1728 1122 1820 1184 multis
1828 1122 1883 1203 tro·

326 1227 372 1283 est
385 1221 442 1285 Dei
455 1221 607 1295 Verbum,
624 1225 785 1300 procreata
811 1225 894 1293 sunt,
923 1224 954 1280 et
983 1219 1094 1280 eodem
1142 1220 1234 1281 tribus
1247 1217 1270 1280 ⁸.

324 1314 488 1392 aspirante,
504 1331 541 1374 ao
553 1313 710 1393 loquente,
734 1312 768 1373 in
791 1311 904 1373 divinis
928 1310 1094 1391 Scripturis
1183 1312 1356 1389 Eleganter,
1370 1314 1406 1371 ut
1417 1309 1506 1381 solet,
1521 1309 1605 1369 illius
1616 1307 1801 1388 exemplaris,
1815 1307 1882 1368 etad

324 1405 416 1467 edita.
1142 1405 1201 1466 hoe
1234 1403 1445 1479 formandum,
1481 1400 1705 1462 lucarnationis
1734 1416 1826 1473 usum,
1854 1416 1882 1459 ae

362 1498 400 1558 V.
409 1497 590 1577 Sequuntur
597 1497 681 1576 apud
689 1497 874 1571 Arnobium,
887 1514 954 1575 qum
967 1495 1094 1575 propria
1141 1497 1353 1559 necessitatem
1363 1494 1507 1557 describit
1518 1488 1729 1569 Augustinus.
1747 1513 1762 1549 r
1775 1491 1806 1551 ln
1817 1489 1881 1570 ipso,

323 1584 576 1665 suntdiseiplinae
605 1586 660 1647 Dei
674 1591 704 1646 et
724 1584 860 1645 hominis
881 1583 1005 1657 Christi,
1021 1589 1093 1644 cta
1141 1589 1254 1669 inquit,
1267 1586 1631 1649 ambulantestendimus
1644 1586 1681 1646 ad
1695 1585 1790 1664 ipsum
1803 1604 1810 1645 :
1824 1584 1882 1664 quia

1990 3960 1991 3993 l

1990 4144 1991 4189 l

1990 4192 1991 4233 l

1990 4336 1991 4365 l

323 1677 413 1740 nobis
446 1676 538 1757 paulo
572 1682 644 1738 ante
677 1677 860 1756 significata.
881 1676 968 1750 «Qui
997 1673 1092 1757 (quod
1141 1681 1239 1742 tactus
1256 1687 1303 1742 est
1322 1679 1412 1740 nobis
1433 1680 1484 1740 via
1505 1677 1684 1759 temporalis
1701 1695 1754 1757 per
1776 1675 1883 1736 humili·

323 1770 429 1831 omnia
442 1772 608 1849 superavit,
619 1775 885 1849 attransgressum
895 1774 940 1830 est
949 1765 1089 1848 munera)
1142 1777 1250 1847 tatem,
1266 1791 1336 1852 quae
1349 1772 1469 1833 mansio
1483 1771 1573 1834 nobis
1588 1773 1755 1831 aeternaest
1766 1768 1884 1849 perdivi-

323 1862 363 1923 ab
374 1862 576 1940 religionibus
592 1880 650 1923 nos
663 1862 745 1923 falsis
759 1862 942 1942 religionem
955 1862 1093 1922 traduxit
1141 1865 1282 1926 nitatem.
1303 1865 1457 1939 Quoniam
1475 1864 1589 1943 quippe
1610 1861 1763 1943 spiritibus
1780 1859 1884 1921 mundis

322 1954 362 2016 ad
376 1973 493 2016 veram.
512 1955 571 2028 Qui
588 1955 628 2016 ab
647 1956 743 2034 signis
761 1955 923 2023 inertibus,
943 1961 1035 2034 atque
1054 1972 1093 2014 ex
1141 1956 1412 2033 intellectualibus,
1423 1956 1478 2036 qui
1491 1955 1637 2036 superbia
1648 1972 1711 2014 non
1727 1952 1800 2033 lapsi
1815 1957 1882 2024 sunt,

322 2047 469 2109 vilissimo
483 2048 623 2109 formatis
645 2048 722 2123 luto,
746 2048 786 2109 ad
807 2048 908 2109 sidera
921 2047 1092 2109 sublevavit
1141 2049 1175 2110 in
1189 2049 1289 2110 forma
1302 2049 1369 2124 Dei,
1386 2054 1417 2110 et
1431 2050 1493 2110 Deo
1509 2047 1647 2127 aequalis,
1659 2053 1690 2108 et
1700 2047 1777 2107 Deus
1788 2044 1885 2124 prabet

324 2146 354 2201 et
368 2140 480 2201 coelum
493 2160 500 2201 ε
513 2146 544 2201 et
557 2158 629 2201 cum
642 2140 775 2201 Domino
783 2158 889 2202 rerum
900 2141 963 2201 Deo
977 2139 1094 2220 suppli·
1141 2142 1318 2222 exemplum
1337 2162 1343 2202 :
1359 2148 1395 2203 ιιι
1409 2160 1441 2203 se
1455 2141 1539 2202 idem
1560 2139 1737 2219 exemplum
1757 2134 1885 2199 redeundi

323 2234 480 2294 cationum
493 2232 565 2294 lecit
578 2233 683 2307 verba,
700 2240 792 2313 atque
807 2233 984 2295 orationum
997 2233 1091 2294 collo-
1142 2235 1236 2296 etiam
1261 2234 1348 2315 lapso
1365 2234 1519 2315 preberet
1544 2231 1678 2309 homini,
1707 2231 1758 2311 qui
1780 2235 1884 2311 propter

288 2406 292 2413 .
323 2324 578 2405 quiamiscere.»
597 2326 676 2387 Tum
700 2325 738 2386 de
764 2326 920 2386 idolorum
944 2326 1092 2386 inanitate
1143 2327 1373 2388 immunditiam
1392 2335 1600 2407 peccatorum,
1625 2338 1885 2404 poenamquemor-

323 2417 509 2495 quibusdam
519 2416 718 2496 interpositis,
734 2419 848 2479 uNunc
858 2417 982 2479 doctore
991 2422 1089 2491 tanto,
1142 2418 1278 2495 talitatis,
1295 2420 1394 2480 Deum
1414 2419 1518 2479 videre
1531 2436 1598 2478 non
1617 2421 1745 2497 poterat,
1765 2414 1887 2492 semetip-

322 2509 435 2587 inquit,
451 2508 485 2568 in
499 2509 564 2569 rias
581 2508 717 2570 veritatis
737 2510 892 2585 inductus,
908 2510 1014 2570 omnia
1034 2510 1092 2571 ista
1140 2529 1211 2572 sum
1236 2511 1418 2586 exinanivit,
1443 2529 1508 2570 non
1535 2509 1687 2570 mutando
1720 2506 1887 2568 divinitatem

323 2619 393 2680 quoe
408 2601 471 2661 sint
484 2601 545 2661 seio
563 2620 570 2661 ε
587 2601 681 2679 digna
695 2602 732 2661 de
747 2602 850 2680 dignis
863 2603 973 2675 sentio,
985 2608 1093 2663 contu·
1140 2621 1239 2680 suam,
1250 2603 1303 2664 sed
1317 2609 1458 2664 nostram
1470 2602 1696 2664 mortalitatem
1705 2598 1884 2661 assumendo:

322 2692 448 2754 meliarn
476 2694 598 2754 nomini
612 2693 730 2754 nullam
743 2694 820 2754 iacio
831 2694 936 2755 divino
953 2715 960 2754 :
977 2695 1092 2773 etquid
1142 2702 1173 2758 et
1185 2697 1318 2757 formam
1332 2695 1413 2756 servi
1441 2694 1605 2774 accipiens,
1631 2692 1716 2754 venit
1740 2691 1777 2752 ad
1789 2707 1838 2751 nos
1860 2688 1887 2747 in

322 2786 433 2865 cuique
443 2786 592 2847 debeatur
601 2786 650 2847 vel
659 2786 867 2865 personare]
874 2787 976 2867 capiti,
985 2786 1093 2847 incon·
1142 2790 1228 2851 huno
1241 2788 1408 2863 muudum,
1417 2792 1470 2867 qui
1482 2787 1515 2847 in
1528 2787 1590 2847 hoc
1604 2785 1721 2848 mundo
1733 2787 1795 2845 erat
1808 2803 1815 2841 ε
1827 2780 1887 2861 quia

321 2877 396 2938 fusis
407 2879 564 2955 gradihus,
581 2883 675 2958 atque
693 2878 925 2940 auctoritatibus
943 2877 1087 2939 tribuo.»
1143 2882 1281 2943 mundus
1297 2899 1354 2960 per
1367 2898 1440 2941 aum
1463 2879 1562 2941 iactus
1589 2884 1658 2939 est:
1675 2883 1710 2937 ut
1736 2872 1887 2953 exemplum

323 2969 387 3030 Hac
400 2971 495 3049 igitur
509 2971 548 3031 de
562 2989 654 3033 causa
671 2971 810 3032 «missus
829 2976 905 3031 esta
920 2971 981 3030 Deo
1000 2972 1093 3033 Patre
1141 2992 1264 3035 sursum
1286 2973 1462 3034 videntibus
1483 2973 1600 3047 Deum,
1621 2969 1793 3050 exemplum
1813 2967 1886 3027 deor-

321 3060 462 3136 filius,ut
475 3061 1090 3142 Arnobiiquoquediscipulustestatur¹3
1141 3085 1212 3128 sum
1257 3065 1445 3127 mirantibus
1500 3062 1692 3138 hominem;
1734 3057 1887 3137 exemplum

322 3157 358 3212 ut
370 3153 523 3214 universis
535 3154 688 3231 gentihus,
701 3172 771 3234 qum
784 3154 841 3215 sub
853 3154 929 3215 coelo
939 3161 1023 3233 suut,
1032 3157 1092 3218 sin·
1140 3159 1223 3220 sanis
1242 3159 1282 3220 ad
1300 3156 1559 3239 permanendum,
1583 3156 1759 3235 exemplum
1778 3148 1888 3214 iutirmis

321 3245 450 3324 gularis,
466 3246 578 3313 etveri
592 3246 647 3307 Dei
660 3252 800 3307 sanetum
810 3247 995 3326 mysterium
1008 3267 1092 3310 reve·
1140 3251 1180 3312 ad
1221 3250 1513 3323 mnvalescendum,
1562 3248 1740 3330 exemplum
1778 3243 1886 3306 moritu·

321 3336 409 3410 laret,
429 3336 566 3401 ablatum
586 3339 705 3419 perfido
724 3339 850 3420 populo,
871 3340 924 3419 qai
943 3341 1093 3403 adversus
1140 3344 1184 3405 ris
1216 3344 1256 3405 ad
1289 3361 1354 3404 non
1391 3343 1588 3418 timendum,
1624 3341 1796 3422 exemplum
1818 3352 1887 3399 mor-

322 3431 1091 3513 Deumsepedeliquitoldemquepostea²,«filium
1140 3436 1203 3497 tuis
1216 3435 1256 3497 ad
1280 3434 1505 3510 resurgendum
1523 3440 1604 3496 assat
1631 3434 1665 3495 in
1692 3429 1888 3507 omnibusipse

322 3539 415 3583 suum
427 3523 544 3601 legasse
560 3524 600 3585 ad
618 3526 760 3587 homines
769 3526 878 3586 asserit
899 3527 1036 3603 Patrem,
1056 3533 1092 3588 ut
1142 3529 1312 3608 primatum
1333 3533 1453 3589 tenens.
1469 3527 1550 3593 Quia
1572 3527 1659 3587 enim
1677 3526 1769 3587 homo
1781 3523 1816 3583 ad
1829 3521 1889 3582 bea·

321 3630 374 3674 eos
387 3621 579 3678 converteret
595 3617 634 3678 ab
653 3619 766 3699 impiis,
787 3624 819 3679 et
837 3619 925 3679 vanis
945 3620 1089 3698 cultibus,
1135 3621 1307 3681 vtitudinem
1334 3622 1421 3700 sequi
1448 3638 1513 3681 non
1540 3619 1675 3681 debebat
1699 3617 1758 3679 uisi
1785 3617 1885 3683 Deum,

321 3706 965 3787 adcognoscendum,etcolendumuerum
974 3713 1088 3774 Deum:
1140 3718 1172 3774 et
1195 3713 1307 3774 sentire
1348 3731 1413 3774 non
1441 3717 1562 3792 poterat
1601 3713 1723 3788 Deum,
1754 3704 1887 3788 sequendo

322 3798 398 3860 item
412 3804 570 3863 uteorum
588 3808 709 3866 mentes
722 3802 761 3865 ab
774 3802 902 3864 stultitia
913 3804 952 3864 ad
965 3805 1090 3885 sapien·
1140 3806 1240 3866 Deum
1265 3805 1425 3866 hominem
1458 3804 1597 3880 iactum,
1621 3806 1796 3883 sequeretur
1811 3795 1888 3859 simul

322 3890 417 3967 tiam3
434 3892 473 3952 ab
491 3893 654 3973 iniquitate
670 3895 709 3956 ad
722 3894 850 3974 justitiae
869 3913 964 3976 opera
984 3897 1090 3958 uadu-
1141 3903 1171 3959 et
1196 3916 1291 3978 quem
1303 3900 1419 3961 sentire
1445 3902 1576 3978 poterat,
1598 3903 1631 3959 et
1650 3913 1742 3977 quem
1754 3892 1835 3975 sequi
1847 3890 1889 3951 de

324 3988 417 4043 cerat.
433 3984 489 4045 Hae
502 3992 576 4047 sunt
589 3986 645 4048 via
664 3988 732 4061 Dei,
750 3988 784 4048 in
801 3988 913 4068 quibus
931 3988 1092 4053 ambulare
1141 3990 1275 4053 habat.»

322 4091 394 4137 eum
406 4077 553 4157 pracepit
569 4097 576 4139 :
592 4078 660 4140 haec
672 4085 837 4160 precepta,
851 4099 921 4160 que
940 4082 1091 4144 servanda
1182 4084 1289 4146 Simile
1302 4084 1451 4166 quiddam
1465 4090 1497 4145 et
1512 4084 1573 4146 alio
1588 4085 1622 4146 in
1640 4085 1707 4146 loco
1720 4081 1797 4163 apud
1811 4094 1886 4141 aum·

151 4169 202 4221 tua
222 4168 298 4214 omnis
323 4166 492 4229 mandavit.
507 4194 521 4223 ι
541 4169 628 4246 Filio,
667 4172 779 4251 inquit,
816 4172 874 4233 ista
906 4173 994 4235 Pater
1025 4194 1090 4236 non
1140 4176 1212 4238 dem
1245 4175 1370 4255 legitur.
1390 4176 1601 4252 «Hominem,
1622 4175 1689 4251 ait⁸,
1724 4173 1805 4255 sequi
1834 4183 1887 4230 non

170 4223 277 4331 ffllll‘ll
322 4258 424 4320 verbis
437 4262 653 4323 tantummodo
673 4264 884 4343 prescribere,
902 4284 937 4326 ac
957 4266 1088 4342 docere;
1140 4268 1295 4331 debebant
1321 4268 1465 4331 homines
1490 4288 1497 4328 ε
1520 4269 1616 4331 homo
1645 4266 1812 4349 sequendus
1833 4277 1886 4322 non

150 4328 298 4426 uffiffith
322 4352 376 4413 sed
388 4353 461 4429 vita,
477 4359 570 4433 atque
590 4354 677 4415 iactis
697 4358 869 4436 exprimere
888 4359 1034 4439 praecepit
1051 4359 1089 4419 ad
1139 4365 1205 4421 erat
1227 4362 1281 4439 qui
1296 4360 1393 4422 videri
1415 4366 1544 4439 poterat.
1560 4361 1602 4422 Ut
1615 4380 1690 4440 ergo
1712 4358 1886 4421 exhiberetur

321 4443 453 4505 humani
466 4449 587 4525 generis
601 4448 818 4510 imitationem.
836 4450 873 4510 In
887 4467 950 4528 quo
961 4452 1090 4513 docendi
1140 4453 1263 4515 homini
1274 4458 1305 4514 et
1318 4455 1372 4533 qui
1386 4453 1425 4514 ah
1438 4455 1567 4516 homine
1586 4454 1753 4528 videretur,
1768 4457 1796 4513 et
1807 4463 1886 4529 quem
1990 4454 1991 4523 l

321 4554 435 4615 genere
455 4539 649 4616 potissimum
675 4541 853 4602 excellentis
872 4541 956 4603 illius
977 4544 1090 4624 magis·
1138 4544 1233 4606 homo
1256 4550 1447 4625 sequeretur,
1472 4547 1557 4609 Deus
1577 4546 1677 4608 iactus
1701 4551 1746 4607 est
1764 4544 1882 4604 homer
1990 4528 1991 4575 ³

321 4627 391 4687 terii
402 4626 504 4688 forma
514 4631 663 4692 consistit.
679 4633 766 4694 Hauc
779 4633 865 4694 enim
882 4633 1039 4712 libentius,
1055 4654 1090 4698 ae
1138 4638 1214 4700 Vide
1241 4638 1357 4700 librum
1379 4639 1516 4717 ejusdem
1539 4636 1574 4701 de
1605 4637 1734 4702 utilitate
1750 4629 1883 4698 medendi,

322 4718 439 4778 diutius
457 4723 593 4781 exercuit
617 4722 764 4801 Christus,
779 4743 816 4786 ac
840 4727 1004 4787 tumabea
1017 4728 1089 4790 vitas
1138 4749 1205 4810 cap.
1221 4733 1276 4792 xi.
1990 4784 1991 4813 ,

322 4810 513 4873 curriculum
533 4818 579 4873 est
600 4830 745 4891 exorsus;
762 4821 831 4877 tum
853 4818 886 4879 in
900 4836 969 4880 eam
990 4821 1088 4882 multo
1177 4823 1247 4882 VlI.
1283 4823 1375 4903 Apud
1412 4823 1568 4885 loannem
1606 4824 1827 4884 Damascanum
1858 4815 1885 4874 in
1990 4826 1991 4897 ,

322 4902 1090 4993 etiamillustrius,admirabiliusqucdesiit:atque
1139 4913 1262 4995 Ecloqir
1276 4916 1419 4978 nondum
1440 4916 1539 4993 editis,
1561 4915 1674 4978 citatur
1695 4905 1886 4994 Chrysostomi
1990 4906 1991 4987 J

322 4995 375 5057 illa
393 5001 567 5076 prostremo
589 5016 681 5059 cansa
694 5001 838 5082 princeps
856 5005 1088 5075 iucarnationis,
1139 5006 1225 5068 locus
1240 5008 1378 5088 apprime
1391 5007 1453 5070 huc
1461 5009 1606 5070 attinens.
1622 5008 1794 5083 «Quoniam
1802 4998 1886 5065 homi·
1990 5000 1991 5003 ’

165 5103 287 5204 Ἢ·
321 5107 357 5151 ac
370 5089 465 5150 totius
482 5096 632 5173 οἰκονομίας,
652 5092 692 5153 ab
710 5094 846 5175 antiquis
864 5095 1007 5159 Patribus
1019 5098 1092 5179 jure
1140 5117 1230 5173 num,
1264 5101 1375 5180 inquit,
1410 5101 1602 5164 imbecillitas
1633 5102 1755 5163 hebetes
1785 5095 1887 5158 habent
1990 5094 1991 5117 ³

322 5183 530 5246 constituitur.
1141 5192 1246 5253 oculos
1262 5193 1387 5268 animae,
1411 5194 1445 5254 in
1466 5194 1722 5256 dissimilitudinis
1742 5187 1887 5268 caliginem
1990 5252 1991 5265 ,

361 5275 415 5338 VI.
431 5276 512 5339 Nam
529 5296 600 5339 cum
618 5277 772 5341 universas
791 5279 876 5341 illius
895 5281 1090 5347 administra·
1142 5284 1312 5360 inciderat3
1331 5304 1390 5348 nec
1416 5286 1494 5349 ratio
1520 5286 1659 5368 expediri
1683 5284 1746 5347 ulla
1769 5278 1884 5363 poterut,
1990 5270 1991 5355 Ῑ

347 5478 359 5524 1
374 5479 434 5527 bret.
443 5479 459 5527 1.
472 5481 508 5535 w,
518 5493 539 5529 ο.
550 5481 679 5529 rra-tlt.
692 5493 713 5530 c.
722 5483 818 5530 rra-8
831 5484 890 5531 dom.
902 5485 1043 5537 mavei
1057 5488 1115 5545 Aur.
1123 5487 1161 5533 vu
1172 5489 1199 5534 de
1211 5490 1273 5535 tito.
1286 5500 1306 5534 o.
1318 5492 1406 5534 rra-t
1419 5488 1467 5535 Ser.
1480 5500 1512 5536 ιιι
1521 5489 1548 5534 de
1557 5488 1604 5536 btv.
1615 5498 1635 5532 c.
1648 5498 1674 5532 u.
