4078 6162
352 310 411 369 432
863 310 1189 372 Tflssonoatuonunt
1209 309 1430 373 DOGMATUM

351 471 525 552 discrepat,
548 472 717 533 videndum
739 479 795 545 est,
825 471 899 551 quid
925 472 1120 552 potissimum
1168 479 1261 552 traat,
1277 474 1434 536 Christum
1448 491 1515 536 esse
1529 474 1649 534 Deam:
1676 471 1728 532 vel
1750 488 1816 532 esse
1832 471 1930 533 homi·

351 565 544 643 spectaverit,
559 564 613 644 qui
626 564 856 643 comparatione
869 582 976 624 rerum
994 564 1119 625 illarum
1167 584 1240 627 nem
1255 586 1263 627 ε
1279 568 1329 628 vel
1354 568 1454 627 Deum
1475 565 1567 626 simul
1590 570 1622 625 et
1645 563 1825 624 hominem:
1839 582 1932 626 unam

350 654 433 718 inter
446 675 478 718 se
492 657 532 717 sit
545 674 629 718 usus.
650 677 662 715 s
684 657 754 717 Non
768 656 852 718 enim
867 674 917 716 res
930 657 988 716 toti
999 656 1044 717 rei
1059 674 1117 717 ne·
1167 665 1295 738 negant,
1327 659 1421 719 etiam
1451 656 1653 737 compositam
1685 673 1750 717 esse
1776 661 1929 716 naturam

351 767 432 809 cesse
446 754 492 810 est
508 748 616 809 similis
629 748 685 825 sit,
705 749 749 808 ait
771 753 879 809 auctor
891 746 1118 809 historicorum
1168 751 1256 823 Quod
1278 750 1363 829 enim
1390 769 1429 812 cx
1450 749 1573 810 duobus
1592 749 1798 828 compositum
1811 748 1932 827 proprie

349 841 388 900 ad
416 842 620 915 Herennium,
647 840 700 900 sed
723 841 761 900 ad
786 840 818 900 id
846 840 960 919 ipsum,
982 840 1021 900 ad
1035 839 1119 919 quod
1167 848 1224 917 est,
1246 861 1366 919 eorum,
1382 842 1549 921 exquibus
1571 845 1689 901 constat
1703 858 1807 920 neque
1821 858 1932 901 nomen

350 933 523 1009 confertur,
548 930 785 993 similitudinem
810 931 922 992 habeat
950 935 1115 1011 oportet.»
1167 934 1294 1010 habere,
1318 953 1421 1014 nsque
1447 932 1568 995 naturis
1580 939 1721 994 constare
1732 931 1869 992 dicitnr:
1884 932 1934 994 sed

350 1025 475 1088 Dictum
487 1025 547 1086 boc
556 1029 602 1086 est
612 1024 651 1084 ab
663 1028 788 1084 auctore
796 1023 860 1098 illo,
875 1024 928 1103 qui
939 1023 995 1083 sub
1005 1024 1023 1084 J
1026 1022 1120 1083 ustini
1167 1032 1312 1087 naturam
1325 1026 1420 1087 habet
1431 1025 1470 1085 ab
1484 1031 1616 1102 utroquo
1629 1024 1785 1085 diversam
1797 1044 1806 1096 ;
1822 1043 1934 1086 nomen

348 1117 579 1196 nominevulgo
594 1121 640 1177 est
653 1115 763 1192 editus,
779 1116 813 1175 in
825 1115 1022 1197 Expositione
1033 1112 1118 1191 fidei,
1168 1117 1244 1178 item
1266 1136 1305 1179 ea
1327 1118 1453 1180 illorum
1471 1117 1644 1178 derivatam
1666 1116 1859 1190 nominibus,
1875 1136 1936 1179 non

349 1216 380 1272 et
392 1210 432 1271 ab
445 1209 585 1287 Leontio,
600 1214 636 1269 ut
645 1208 712 1286 jam
726 1208 978 1269 memoravimus.
996 1207 1040 1267 Ac
1054 1213 1119 1267 tam
1168 1208 1362 1288 singulorum
1382 1210 1555 1290 proprium.
1579 1210 1658 1269 Nam
1683 1209 1780 1269 homo
1803 1227 1869 1269 non
1895 1214 1938 1270 est

348 1303 384 1378 ii,
399 1319 496 1382 quam
509 1301 621 1381 reliqui
631 1299 769 1377 theologi
782 1301 815 1360 in
825 1318 861 1361 eo
878 1299 1068 1378 conspirant,
1084 1304 1120 1359 ut
1168 1299 1272 1363 anima
1283 1301 1564 1382 rationaliumque
1573 1319 1701 1381 corpus:
1712 1301 1826 1362 accita
1837 1302 1936 1363 nomi-

348 1395 410 1456 sint
419 1394 562 1473 quasdam
575 1393 610 1454 ia
622 1391 761 1453 hominis
771 1395 934 1465 structura,
951 1409 990 1451 ex
1002 1391 1117 1469 anima,
1168 1400 1273 1471 natur,
1292 1393 1352 1454 nisi
1365 1393 1498 1473 tropice:
1514 1393 1640 1473 proprie
1655 1410 1730 1453 vero
1744 1392 1876 1470 animal,
1891 1393 1938 1454 rel

349 1491 381 1547 et
393 1504 533 1567 corpore,
549 1503 620 1564 qua
633 1485 725 1563 longe
737 1502 823 1545 secus
834 1482 1118 1544 habentinGhristo
1168 1487 1333 1562 animatus,
1351 1491 1383 1547 ct
1396 1503 1562 1567 corporeus
1571 1485 1693 1546 dicitur.
1707 1484 1831 1545 Deinde
1848 1503 1937 1546 nemo

349 1596 388 1639 ex
416 1580 491 1655 Deo,
521 1583 553 1639 et
574 1577 702 1638 homine
722 1575 907 1638 constituto:
934 1575 974 1635 ad
992 1575 1024 1635 id
1044 1592 1118 1636 vero
1168 1573 1307 1636 animam
1327 1591 1455 1636 carnem
1472 1593 1543 1646 ¹esse
1564 1573 1676 1634 factam
1692 1573 1808 1634 audeat
1820 1574 1936 1649 dicere;

349 1670 612 1731 accommodatam
644 1669 726 1730 hano
758 1685 824 1729 csse
863 1666 1117 1741 similitudinem,
1168 1667 1431 1745 quemadmodum
1446 1666 1571 1742 dicitur,
1590 1665 1718 1727 Verbum
1731 1684 1803 1725 caro
1814 1664 1936 1744 samos,

349 1763 434 1842 quod
448 1762 614 1842 utrobique
627 1760 785 1834 cernitur3
803 1764 840 1820 ut
855 1758 1120 1839 quemadmodum
1168 1758 1253 1836 quod
1266 1765 1451 1838 argumento
1465 1765 1521 1836 cst,
1532 1758 1609 1819 duas
1617 1758 1747 1818 omnino
1758 1766 1792 1818 ct
1803 1757 1938 1837 integras

349 1873 432 1915 unus
448 1856 544 1916 homo
559 1872 597 1916 ex
610 1851 738 1915 diversis
756 1852 877 1912 naturis
895 1848 1118 1931 componitur¹,
1168 1849 1202 1910 in
1228 1850 1348 1912 Christo
1363 1857 1491 1913 astruas
1516 1867 1593 1924 esse,
1620 1868 1685 1911 non
1708 1867 1807 1911 unam
1821 1869 1865 1911 ex
1883 1850 1939 1911 illis

2032 1326 2033 1389 l

2032 1392 2033 1423 l

2032 1428 2033 1495 l

349 1966 420 2026 quae
432 1948 591 2027 propriam
611 1948 736 2007 servant
762 1944 796 2005 in
820 1944 960 2005 unitione
974 1943 1118 2004 differen-
1169 1942 1384 2022 compositam.
1671 2020 1675 2025 ᾗ

348 2039 447 2100 tiam:
466 2040 508 2100 sic
522 2039 616 2100 etiam
628 2055 711 2099 unus
733 2036 883 2112 Christus,
899 2036 1018 2115 Deique
1036 2034 1120 2095 filius
1209 2035 1368 2096 Itemcum
1381 2036 1937 2115 verumautperfectumesscbcum,

2032 3484 2033 3557 l

2032 3916 2033 3989 l

349 2150 387 2192 ex
396 2132 517 2192 naturis
531 2130 683 2192 ambabus
696 2129 809 2205 existit,
830 2146 900 2207 quae
917 2126 1120 2207 proprietates
1168 2127 1365 2189 ethominem
1371 2133 1512 2188 asserunt
1519 2128 1684 2198 Christum,
1693 2129 1810 2189 tollunt
1818 2136 1939 2191 natura

349 2242 420 2284 suas
431 2224 498 2285 sine
508 2223 573 2284 ulla
587 2220 765 2283 conlacione
779 2220 926 2281 retinent.
946 2240 962 2277 a
976 2220 1030 2280 Usi
1047 2223 1120 2279 sunt
1168 2220 1347 2298 compositas
1374 2220 1589 2299 suspicionem.
1614 2221 1693 2282 Nam
1710 2240 1768 2283 aec
1781 2240 1872 2301 vera,
1887 2240 1940 2284 noc

349 2315 446 2393 igitur
458 2317 586 2390 Patres,
602 2314 646 2373 ait
661 2311 825 2387 Rusticus,
841 2313 902 2373 hoc
915 2310 1068 2390 exemplo,
1083 2314 1120 2369 ut
1167 2310 1302 2390 perfecta
1332 2312 1440 2372 anima
1466 2312 1579 2373 dicitur
1605 2314 1719 2390 homo,
1743 2331 1804 2374 uec
1828 2332 1940 2376 verum

349 2406 546 2468 ostenderent
567 2421 667 2466 unum
690 2403 803 2481 filium,
827 2420 928 2464 unum
950 2402 1116 2474 Christum,
1169 2403 1402 2483 perfectumque
1415 2422 1544 2483 corpus3
1560 2405 1614 2466 sed
1636 2423 1675 2467 ex
1694 2412 1828 2486 utraque
1854 2412 1938 2487 parts

350 2516 452 2560 unum
461 2497 641 2574 Dominum,
655 2496 862 2574 etcjusunam
870 2512 1035 2575 personam
1048 2492 1119 2555 sub-
1168 2500 1329 2572 constare,
1364 2495 1415 2556 vel
1447 2501 1612 2576 utramque
1649 2497 1776 2559 habere.
1813 2500 1939 2561 Etenim

351 2590 536 2652 stantialcm.
552 2612 568 2648 u
1167 2604 1242 2648 vera
1255 2586 1371 2658 anima,
1390 2604 1503 2666 corpus
1529 2606 1594 2648 non
1619 2595 1684 2664 est3
1713 2608 1771 2651 nec
1797 2592 1831 2650 in
1860 2590 1941 2652 illius

392 2684 435 2744 lta
448 2683 542 2743 etiam
554 2681 701 2759 Eulogius
710 2679 937 2741 Alexandrinas
945 2678 1119 2759 patriarcha
1168 2677 1349 2740 definitione
1382 2679 1486 2740 locum
1514 2678 1607 2740 habet
1640 2688 1720 2741 recto
1753 2699 1851 2750 casu.
1891 2682 1942 2744 sat

347 2776 430 2852 apud
443 2772 619 2850 Photiaml,
630 2789 752 2834 necnon
774 2771 1011 2832 Theorianasin
1026 2770 1118 2850 Lepa-
1168 2768 1303 2851 obliquo,
1325 2776 1478 2851 quatenus
1491 2771 1619 2851 corporis
1645 2776 1729 2833 actas
1747 2772 1878 2835 dicitnr.
1904 2776 1942 2835 st

348 2866 653 2928 tioneudArmeaos⁴.
669 2865 803 2942 Nempe,
820 2863 1000 2943 quodidem
1013 2862 1118 2923 obser·
1168 2862 1309 2923 Christus
1323 2865 1394 2941 {mm
1415 2863 1507 2935 Deus,
1535 2881 1631 2943 quam
1654 2863 1750 2926 homo
1774 2883 1886 2945 verris,
1908 2884 1943 2927 ac

347 2956 429 3038 ratf,
446 2959 485 3019 ad
498 2958 674 3019 Nestorium
695 2954 930 3030 confutandum,
948 2953 1118 3014 similitudo
1167 2952 1321 3032 perfectus
1335 2961 1391 3015 ast.

346 3049 405 3111 ista
422 3051 620 3130 potissimum
633 3051 781 3125 usurpata
802 3050 848 3106 est
859 3065 868 3122 ;
894 3063 965 3106 cum
985 3045 1119 3106 exillius
1208 3045 1259 3106 Sic
1268 3045 1444 3108 etiamdum
1452 3045 1746 3127 ambarumpropria
1753 3053 1941 3112 naturarum

346 3140 458 3201 haeresi
467 3156 660 3219 consequens
669 3138 843 3215 esset,duos
854 3155 963 3200 revera
982 3138 1118 3199 Christos
1167 3136 1269 3199 eidem
1300 3139 1467 3201 convenire
1496 3156 1637 3219 persona
1671 3139 1785 3201 Christi
1813 3141 1939 3211 docent.

347 3250 424 3305 esse,
439 3250 475 3294 ao
486 3249 633 3312 personas
641 3231 736 3292 duas:
752 3230 858 3290 «Nam
870 3230 989 3292 sioutin
999 3230 1118 3291 unitate
1167 3231 1254 3291 nullo
1262 3248 1389 3310 prorsus
1398 3236 1537 3311 excepto,
1550 3232 1710 3293 distinctas
1718 3232 1788 3293 illas
1799 3235 1939 3312 easdem,

346 3342 499 3404 persona,
512 3324 555 3384 ait
567 3319 788 3402 Augustinus⁸,
804 3323 910 3383 anima
928 3322 1035 3382 unitur
1049 3339 1117 3382 cor·
1167 3340 1232 3383 non
1253 3323 1405 3399 confusas,
1434 3343 1491 3385 nec
1510 3324 1544 3384 in
1557 3341 1654 3386 unam
1667 3324 1805 3404 aliquam
1819 3330 1940 3408 tempe·

341 3418 426 3495 pori,
441 3422 477 3476 ut
499 3416 594 3476 homo
622 3416 681 3490 sit3
710 3414 754 3474 ita
777 3413 811 3473 in
833 3412 952 3475 unitate
977 3430 1118 3493 personas
1167 3420 1248 3476 ratas
1261 3433 1326 3477 esse
1339 3417 1524 3495 significant.

348 3508 428 3568 Deus
445 3507 553 3569 unitur
565 3505 699 3583 homini,
718 3512 754 3567 ut
773 3506 910 3567 Christus
926 3506 980 3566 sit:
995 3526 1011 3563 s
1029 3505 1118 3579 Quod
1207 3507 1260 3567 lx.
1282 3508 1422 3587 benique
1447 3507 1532 3568 idem
1559 3507 1687 3568 omnino
1709 3508 1863 3585 sentiunt,
1888 3510 1941 3590 qui

347 3604 378 3658 et
391 3597 551 3659 Athanasii
570 3598 733 3677 vulgatum
753 3597 931 3677 symbolum
952 3596 1057 3673 habet,
1082 3602 1118 3657 ut
1166 3599 1322 3660 Christum
1348 3606 1489 3661 asserunt
1516 3617 1581 3661 esse
1608 3618 1647 3661 ex
1675 3600 1813 3677 duobus,
1850 3608 1887 3663 et
1909 3602 1940 3662 in

346 3690 536 3751 abaelardus
549 3687 698 3770 notariis.
1167 3690 1306 3769 duobus,
1325 3697 1356 3752 et
1368 3692 1436 3753 haec
1450 3692 1558 3753 eadem
1573 3710 1638 3753 esse
1656 3692 1731 3754 duo.
1759 3694 1828 3753 Hoc
1854 3694 1941 3755 enim

175 3815 309 3861 qam,
387 3782 468 3843 VlIl.
492 3785 622 3844 Restare
654 3782 716 3844 hoc
744 3799 845 3842 unum
878 3781 1051 3857 videbatur,
1081 3785 1118 3842 ut
1166 3800 1224 3843 nec
1241 3782 1275 3843 in
1289 3783 1424 3844 hominis
1439 3783 1657 3845 constitutione
1674 3801 1784 3845 rerum
1806 3790 1867 3861 est,
1884 3802 1940 3846 noc

174 3874 322 3970 wgffim
347 3874 493 3936 adversus
503 3874 682 3955 composita
693 3873 993 3935 natursciaChristo
1004 3891 1118 3953 propu-
1165 3874 1227 3935 alia
1238 3875 1359 3936 ratione
1381 3881 1483 3955 potest
1507 3894 1584 3953 esse,
1606 3893 1699 3955 quam
1722 3881 1759 3936 ut
1781 3876 1858 3937 duae
1882 3877 1941 3937 sint

196 3985 297 4040 sacuam
347 3971 492 4046 gnatores
501 3967 673 4044 haereticos,
687 3971 781 4028 testas
793 3966 1021 4046 appellaremus
1030 3984 1117 4028 more
1166 3973 1286 4028 naturae
1309 3968 1496 4042 differentes,
1521 3986 1586 4030 non
1605 3968 1696 4030 tertia
1718 3970 1880 4050 quapiam
1903 3986 1940 4031 ex

175 4035 317 4128 effigiatim
347 4065 452 4120 nostro
461 4059 812 4138 Patresantiquos;imo
820 4059 913 4120 etiam
925 4059 1117 4138 scripturam
1166 4060 1287 4120 duabus
1314 4059 1458 4122 conflata.
1485 4060 1556 4122 idco
1588 4061 1771 4140 Gregorium
1805 4062 1941 4122 Nazian-

176 4137 315 4236 mssgffiffssm
347 4149 458 4230 ipsam,
470 4155 501 4212 ct
514 4152 673 4230 generales
682 4151 817 4230 synodos
831 4151 1009 4212 inmedium
1018 4150 1115 4211 adda·
1166 4168 1280 4213 zcnum
1293 4151 1447 4231 scripsisse
1470 4152 1514 4212 ait
1527 4151 1729 4233 Nicephorus,
1749 4152 1941 4215 aClrristum

348 4260 497 4304 caremus.
532 4242 594 4305 Sed
612 4243 692 4304 nihil
706 4261 829 4305 uerene
855 4249 912 4305 est.
942 4244 1021 4304 Nam
1046 4260 1116 4324 qua
1166 4263 1203 4306 ea
1216 4263 1338 4306 servare
1356 4243 1531 4324 exquibus,
1554 4249 1586 4306 et
1607 4245 1641 4305 in
1663 4243 1787 4324 quibus,
1812 4250 1845 4306 et
1870 4262 1940 4327 que

347 4334 448 4396 tribus
459 4335 711 4397 antecedentibus
725 4335 876 4414 capitibus
886 4335 1023 4396 adhibita
1031 4335 1115 4395 testi-
1166 4343 1242 4398 estt.
1258 4358 1273 4395 u
1293 4336 1452 4416 Siquidem
1467 4354 1539 4397 cum
1552 4337 1612 4412 ait,
1631 4336 1785 4397 Christum
1804 4354 1874 4399 esse
1888 4337 1941 4398 illa
2032 4406 2033 4409 Ἴ

349 4426 455 4487 monia
475 4434 560 4504 sunt,
584 4433 616 4488 ct
634 4431 828 4507 argumenta,
857 4427 896 4487 ad
917 4426 1117 4487 astruendam
1166 4446 1237 4507 qua
1250 4428 1355 4505 habet,
1371 4427 1503 4489 ostendit
1512 4428 1575 4489 duo
1590 4446 1666 4505 esse,
1677 4429 1736 4489 hoc
1749 4433 1796 4489 est
1809 4435 1941 4491 naturas
2032 4442 2033 4531 ἶ

348 4516 528 4579 duarumin
552 4519 674 4580 Christo
699 4524 884 4580 naturarum
897 4516 1115 4589 differentiam,
1166 4520 1254 4597 duas,
1276 4537 1342 4581 non
1362 4538 1459 4581 unam
1473 4519 1686 4600 compositam.
1704 4519 1793 4593 Quod
1808 4521 1939 4600 quidem
2032 4580 2033 4603 ,

347 4609 574 4672 valenteadem
592 4611 632 4672 ad
655 4610 854 4673 evertendam
872 4615 1016 4671 naturam
1030 4609 1117 4671 illam
1166 4609 1201 4671 in
1211 4611 1339 4673 homine
1352 4611 1446 4691 longe
1458 4612 1547 4675 aliter
1558 4611 1723 4673 usuvenit:
1740 4611 1807 4690 qui,
1823 4631 1891 4673 non
1903 4629 1940 4673 ca

346 4701 470 4763 tertiam
480 4719 518 4763 ex
532 4703 652 4763 duabus
661 4701 873 4781 compositam.
1167 4717 1232 4764 esse
1251 4703 1373 4772 dicitur,
1390 4721 1430 4765 cx
1443 4704 1557 4783 quibus
1570 4709 1628 4781 est,
1638 4708 1674 4764 ut
1686 4702 1832 4765 observat
1844 4704 1941 4764 Eulo-
2032 4754 2033 4765 ,

390 4792 441 4855 Sic
455 4812 527 4855 cum
540 4795 614 4856 dicit
637 4795 814 4874 Scriptura,
831 4798 862 4854 et
876 4812 913 4855 cx
929 4793 995 4872 ejus
1008 4799 1117 4855 auoto-
1166 4794 1236 4874 gius
1250 4794 1334 4873 apud
1347 4793 1784 4875 Photium⁷.Meminithujas
1797 4796 1857 4869 rei,
1873 4796 1939 4857 for·

347 4883 437 4947 ritate
450 4886 773 4963 decernuntconoilia,
787 4887 953 4965 Patresque
967 4886 1116 4948 demons·
1166 4886 1319 4966 malaque
1354 4893 1505 4968 tanquam
1536 4889 1661 4970 proprie
1693 4888 1939 4967 incarnationis,

383 5128 406 5169 a
423 5111 538 5172 Nrcara.
566 5109 643 5171 Call.
657 5110 707 5168 lib.
733 5109 831 5176 lllllll,
847 5125 907 5180 cap.
923 5124 995 5165 rari.
1016 5108 1062 5162 dal
1075 5126 1114 5162 τοι
1162 5111 1237 5163 τοῦτο
1252 5105 1293 5161 καὶ
1308 5108 1323 5161 t
1337 5108 1412 5181 μέγας
1426 5084 1451 5163 ἔν
1464 5109 1580 5182 θεολογία
1593 5110 1726 5184 Γρηγόριος
1739 5110 1771 5166 τὰ
1792 5109 1880 5181 teda,
1895 5109 1939 5166 nt

1164 5190 1189 5245 lt
1201 5185 1251 5260 οἷς,
1263 5193 1304 5246 καὶ
1314 5194 1386 5265 ὅπερ,
1396 5193 1465 5266 pqsl,
1477 5195 1601 5260 σώζοντα,
1614 5200 1668 5251 olo.
2032 5206 2033 5219 ³

379 5386 389 5429 l
409 5382 498 5429 lasona.
509 5382 544 5433 lv.
557 5383 602 5428 ool.
610 5381 649 5427 aot
661 5388 683 5427 et
692 5380 823 5438 apudliatb.
836 5380 889 5425 Pan.
900 5392 949 5436 par.
960 5381 985 5432 ll.
996 5379 1108 5426 uta-s
1119 5380 1183 5430 host.
1194 5388 1210 5428 t.
1222 5382 1247 5427 tr
1259 5382 1317 5430 ator.
1328 5384 1371 5430 col.
1383 5383 1425 5430 m
1434 5385 1562 5431 esta-s
1573 5385 1625 5432 Coti.
1637 5386 1732 5433 tut-l
1741 5386 1831 5435 tuan
1838 5391 1894 5437 stu.
1910 5412 1939 5424 -

348 5448 363 5491 o
375 5445 462 5492 lu-c
475 5447 515 5503 Ep.
531 5445 598 5492 r.-d
610 5445 658 5490 le.
668 5444 693 5490 lli
701 5446 754 5490 latr.
766 5457 786 5489 c.
796 5456 827 5488 u.
839 5465 866 5478 -
879 5444 891 5488 i
903 5444 952 5489 Cot.
964 5443 1012 5488 sao.
2032 5462 2033 5471 κ
