4136 6178
574 304 624 366 DE
643 303 742 367 tuen
761 302 813 364 ET
832 299 990 377 nontin,
1018 300 1131 362 LIBER
1152 301 1178 376 I,
1202 301 1285 364 CAP.
1301 301 1348 399 ‚Il'

166 490 216 534 res
242 478 325 546 aunt,
347 470 461 552 inquit,
487 470 594 548 homo,
613 476 645 532 et
665 477 815 550 pecmtor.
845 467 934 542 Quod

166 565 254 626 audis
265 566 370 638 homo,
396 565 481 625 Deus
497 562 569 624 fecit
584 583 592 624 t
608 563 693 643 quod
716 562 805 623 audis
824 578 936 640 pecea-

167 663 226 733 tor,
241 658 305 737 ipse
318 657 415 718 homo
431 655 513 717 lecit.
530 676 544 713 o
562 654 713 729 Tertium,
730 654 815 734 quod
841 653 938 713 Testa-
1240 661 1268 743 C
1278 661 1424 744 APUT
1471 663 1527 742 Η.

167 757 297 809 meatum
316 756 404 823 odor,
420 766 457 808 ac
469 748 569 824 legem
579 748 756 821 Mosaicam,
772 763 837 804 non
850 762 887 804 ea
899 741 937 803 de

167 858 259 901 cansa
273 840 378 902 datam
398 857 464 900 esse
486 838 603 900 ludaeis
620 837 763 910 adstruit,
779 841 938 896 uteorum

167 931 258 992 saluti
270 932 503 1007 consuleretur3
521 931 574 991 sed
597 935 633 991 ut
645 948 686 990 ne
705 937 828 990 terrena
841 927 936 1003 bona,
992 928 1077 990 Vetus
1095 928 1320 1008 Testamentum,
1341 948 1379 990 er-
1400 948 1580 1010 nuperorum
1594 929 1756 1011 dogmatis-

167 1042 238 1104 qum
257 1024 368 1085 vitioso
389 1041 495 1085 amore
515 1022 696 1101 diligebant,
711 1019 946 1082 artemonibus
1027 1025 1129 1082 tamm
1144 1021 1293 1101 opinione,
1321 1022 1403 1082 omni
1422 1022 1533 1104 pratea,
1551 1030 1578 1083 et
1591 1020 1707 1082 curtlia
1720 1020 1760 1082 cd

169 1117 272 1194 potius
285 1134 411 1196 quama
432 1117 663 1196 Deopeterent.
1028 1111 1097 1174 dene
1121 1113 1287 1188 vivendum,
1317 1122 1345 1174 et
1372 1112 1413 1176 nd
1436 1114 1562 1177 saltuem
1601 1113 1758 1175 successario

206 1209 258 1269 vl.
280 1209 367 1282 erod
382 1208 531 1269 siremm
545 1212 600 1279 est,
616 1224 653 1267 eo
666 1206 713 1266 ris
726 1212 793 1267 tota
812 1204 890 1283 legis
903 1221 939 1264 ac
1027 1205 1176 1266 caruisse:
1193 1204 1279 1286 r'dqae
1290 1224 1345 1267 non
1356 1204 1539 1283 ludaeorum,
1559 1204 1610 1267 sed
1622 1206 1696 1289 legis
1710 1205 1758 1289 tp-

165 1299 285 1360 lructns
307 1300 468 1379 redigitur,
496 1304 534 1359 ut
569 1298 761 1359 tolerabilius
786 1297 938 1357 duntaxat
1027 1297 1087 1358 sias
1100 1296 1385 1380 vitr'oatqueenlpa.

165 1409 293 1473 pec-cmc
312 1391 430 1464 doceat,
456 1396 488 1450 et
512 1389 631 1450 vitandi
662 1389 814 1468 gravioris
836 1386 939 1448 delicti

165 1483 275 1563 gratia,
290 1484 389 1545 levius
402 1483 536 1543 alterum
562 1482 736 1542 admittere.
755 1481 939 1560 Quanquam
1029 1482 1054 1543 l.
1072 1481 1219 1560 Ejusdem
1232 1482 1345 1543 indolis
1370 1489 1426 1558 est,
1443 1483 1525 1564 quod
1548 1484 1629 1544 illius
1652 1489 1760 1545 auctor
1822 1515 1887 1560 0„,1

165 1575 273 1648 levius,
298 1574 551 1652 tolerabiliusque
571 1573 629 1634 dici
651 1591 716 1634 non
737 1577 853 1654 potest,
866 1589 939 1652 pec·
988 1582 1078 1634 sectae
1091 1575 1210 1636 ludaeis
1223 1576 1331 1636 asserit
1345 1576 1471 1637 instato
1493 1577 1547 1636 ilio
1569 1576 1758 1639 Testamenti
1792 1573 1927 1670 emam·

166 1669 255 1729 candi
270 1667 426 1747 copiama
440 1668 503 1727 [teo
514 1671 630 1745 petere,
644 1683 741 1746 quam
755 1665 937 1726 adamone.
988 1666 1111 1739 veteris,
1147 1666 1266 1728 nullam
1301 1686 1428 1747 prorsus
1461 1670 1583 1729 affuisse
1614 1670 1756 1748 gratiam.
1804 1680 1904 1723 nomina

166 1760 235 1820 Imo
261 1760 396 1838 gravius,
415 1759 610 1838 nunciusque
636 1758 754 1819 crimen
777 1762 835 1831 est,
850 1774 939 1818 orare
989 1758 1077 1831 Quod
1090 1775 1154 1817 uon
1169 1761 1212 1819 sie
1226 1759 1344 1820 abistis
1353 1761 1498 1820 affirmari
1513 1762 1688 1840 putandum
1702 1767 1757 1838 est,
1794 1732 1911 1841 wlff

167 1854 278 1928 Deum,
294 1853 339 1913 uti
352 1852 471 1926 fallere,
486 1851 635 1930 pejerare,
661 1858 715 1911 aut
738 1849 835 1911 scelus
855 1849 940 1909 aliud
988 1854 1024 1909 ut
1059 1849 1118 1909 hoc
1147 1853 1362 1912 tantummodo
1389 1853 1502 1927 velint3
1526 1851 1691 1914 blosaieam
1710 1853 1758 1914 le·
1805 1845 1908 1937 ”alim

166 1943 266 2005 faeere
280 1962 335 2024 per
347 1944 438 2004 illum
447 1942 549 2016 liceat,
565 1960 659 2022 quam
672 1943 732 2003 hoc
742 1942 825 2003 idem
839 1961 858 2002 a
870 1941 937 2001 dia·
987 1958 1072 2020 gem,
1099 1947 1249 2021 vetusque
1271 1946 1505 2005 Testamentum
1526 1945 1603 2006 nihil
1620 1964 1659 2005 er
1682 1964 1758 2020 sese,
1783 1947 1928 2002 dogmatum.

166 2036 249 2104 bolo,
265 2036 314 2097 vel
326 2036 402 2097 falso
426 2035 532 2114 aliquo
558 2035 689 2095 numine
715 2034 888 2114 postulare:
904 2039 941 2094 ut
989 2051 1025 2094 ac
1040 2040 1149 2113 suapte
1158 2037 1190 2094 vi
1204 2042 1235 2096 et
1247 2036 1363 2109 indole,
1377 2037 1485 2114 gratias
1495 2036 1672 2097 contulisse.
1686 2036 1761 2118 (Hoc

168 2129 221 2210 qui
233 2129 315 2209 apud
330 2127 492 2190 Horatium
505 2127 549 2188 ita
562 2127 758 2207 precabatur,
992 2126 1079 2187 enim
1093 2125 1234 2188 catholici
1257 2145 1366 2188 omnes
1392 2127 1543 2203 fatentem
1559 2128 1661 2207 legem
1684 2128 1762 2189 nihil

993 2218 1122 2277 omnino
1136 2219 1243 2296 gratiae
1261 2217 1405 2279 tribuisse
1428 2237 1483 2299 per
1502 2238 1578 2292 sese,
1593 2219 1760 2289 interioris,

493 2323 630 2385 ,Pulcra
642 2325 783 2384 Lavema
991 2315 1022 2370 et
1035 2310 1159 2389 proprie
1173 2311 1260 2371 dictae
1273 2331 1280 2370 :
1293 2312 1346 2372 sed
1360 2311 1425 2390 ejus
1440 2320 1610 2387 auctorem,
1626 2318 1657 2373 et
1669 2313 1762 2392 largi-

170 2420 215 2481 Da
227 2419 305 2482 mihi
323 2418 430 2480 fauere
446 2439 454 2479 :
469 2416 507 2477 da
521 2420 664 2477 sanctum
688 2420 871 2495 rectumque
897 2413 942 2474 vi.
991 2411 1092 2462 torem
1106 2402 1234 2463 unicum
1243 2403 1420 2483 intelligunt
1438 2423 1503 2465 esse
1523 2404 1697 2479 Christum;
1712 2422 1765 2466 cu-

851 2505 940 2584 [slerg
988 2493 1041 2572 jus
1065 2494 1184 2554 meritis
1212 2512 1268 2574 per
1295 2495 1401 2557 omnia
1429 2501 1459 2556 et
1481 2496 1704 2569 antecedentia,
1733 2504 1765 2555 et

171 2602 449 2684 Noetempeeratis,
465 2600 668 2664 etfraudibus
681 2600 779 2681 objice
793 2597 939 2659 nubem.»
994 2587 1215 2665 consequentia
1242 2593 1383 2668 tempora
1408 2588 1501 2667 justi,
1530 2606 1565 2648 ac
1591 2589 1667 2648 salvi
1695 2587 1765 2648 laeti

994 2683 1077 2751 sunt,
1094 2679 1281 2758 quicumque
1291 2680 1430 2759 justitia,
1451 2698 1487 2740 aa
1508 2680 1614 2741 salutis
1636 2698 1763 2759 compo-

171 2785 583 2868 Aequijlludipsum‚q110d
606 2790 651 2847 est
671 2784 803 2863 turpius,
815 2788 847 2843 et
861 2780 946 2861 flagi.
992 2775 1040 2830 tes
1052 2768 1202 2851 fuerunt.)
1219 2772 1280 2831 Sed
1303 2771 1380 2831 illud
1402 2773 1461 2832 boc
1480 2790 1574 2833 sensu
1601 2777 1763 2847 asserunt;

171 2880 293 2956 posius,
308 2897 403 2959 quam
416 2879 490 2957 1100²
506 2879 595 2958 cujus
621 2875 741 2937 vitandi
765 2892 856 2935 eausa
878 2891 944 2934 sus.
996 2863 1129 2924 omnint
1142 2862 1258 2924 auxilio
1272 2864 1379 2942 gratiae
1393 2864 1507 2924 Christi
1522 2864 1561 2925 ad
1575 2871 1657 2926 recte
1666 2883 1765 2944 agen·

172 2979 299 3052 captum
325 2972 456 3048 dicitur,
477 2971 643 3044 suadeam
660 2968 724 3028 imo
752 2967 944 3046 imperante,
996 2955 1083 3028 dum,
1100 2959 1131 3015 et
1144 2954 1184 3015 ad
1197 2955 1322 3015 vitanda
1335 2961 1469 3035 peccata,
1486 2961 1578 3034 atque
1592 2955 1768 3016 addamne-

171 3062 627 3142 eogunt03ffl1010redenique
656 3061 736 3134 Deo,
765 3058 805 3119 ab
829 3057 945 3119 Judaets
996 3046 1113 3108 tionem
1140 3046 1359 3126 effugiendam,
1384 3053 1415 3109 et
1441 3047 1636 3109 adsalutem
1663 3066 1768 3109 eonse-

172 3162 360 3236 usurpatum
402 3173 467 3217 esse
507 3153 613 3215 docuit
639 3151 771 3212 recentis
806 3149 947 3210 conditor
996 3138 1154 3218 quendam
1174 3140 1345 3200 necessario
1372 3138 1513 3200 funditus
1542 3139 1681 3201 destituti
1699 3140 1767 3201 fuc-

172 3254 283 3308 sectae:
299 3253 330 3308 et
341 3265 380 3308 ne
395 3247 525 3319 vitiosae,
540 3242 754 3324 improbaque
774 3240 948 3320 cupiditatis
996 3231 1080 3291 n'nt:
1096 3230 1188 3310 idque
1199 3250 1265 3292 non
1278 3231 1343 3292 ulla
1355 3231 1513 3312 praecipua
1527 3233 1616 3311 eulpa
1634 3251 1701 3309 sua,
1714 3234 1767 3296 sed

172 3339 338 3413 lenonem,
354 3345 385 3400 et
398 3337 627 3399 conciliatorem
640 3333 754 3395 laceret
777 3331 946 3407 diabolum,
998 3339 1038 3383 ex
1056 3328 1169 3383 natura
1182 3324 1261 3402 legis
1283 3324 1392 3402 ipsius,
1408 3330 1439 3384 θῐ
1453 3329 1549 3384 slatus
1562 3325 1681 3404 antiqui
1694 3326 1767 3385 Tes-

173 3431 273 3493 laaere
295 3450 361 3492 non
373 3430 525 3492 dubitavit
544 3430 653 3489 Deum.
670 3424 750 3499 Quia
766 3424 851 3485 enim
862 3422 947 3483 aliud
998 3415 1129 3475 umenti
1145 3434 1152 3472 ε
1170 3414 1224 3494 qui
1238 3415 1427 3494 postulabat,
1444 3417 1490 3477 uti
1504 3416 1591 3477 nulla
1604 3416 1769 3478 israelitico

173 3529 232 3597 est,
247 3525 351 3603 legem
362 3543 381 3584 a
392 3525 456 3585 Deo
467 3522 571 3582 datam
584 3520 702 3592 dicere;
719 3534 789 3596 quae
805 3536 820 3573 a
830 3514 948 3575 vitiosae
998 3506 1125 3586 populo,
1141 3507 1195 3585 qui
1208 3507 1266 3567 sub
1291 3506 1344 3567 illu
1368 3507 1559 3581 versabatur,
1576 3510 1675 3588 gratia
1699 3528 1771 3590 sup·

174 3615 354 3696 cupiditatis
380 3616 566 3689 fomentum,
581 3630 617 3673 aa
634 3609 800 3690 preamium
823 3625 862 3668 ex
874 3624 947 3686 pro·
999 3603 1126 3677 peteret.
1146 3601 1248 3678 Atque
1261 3599 1321 3659 hoc
1336 3600 1447 3678 prioris
1464 3600 1545 3662 illius
1558 3601 1672 3662 decreti
1695 3619 1769 3661 con·

174 3707 256 3769 lesco
280 3706 529 3787 promittebam»
560 3718 600 3765 ne
618 3701 696 3764 illud
708 3701 791 3762 idem
818 3697 947 3778 promit·
999 3690 1164 3750 sectarium
1179 3697 1235 3767 est,
1250 3710 1312 3772 quo
1325 3691 1403 3770 legis
1422 3693 1563 3754 llosaicae
1582 3699 1696 3754 statum
1710 3693 1770 3754 im-

174 3808 243 3862 ιρη
257 3800 398 3860 diabolus
411 3802 592 3877 (pauperem,
608 3794 666 3856 nisi
682 3794 835 3854 affirmare
849 3792 949 3852 Deum
999 3799 1127 3861 purum,
1142 3782 1298 3862 vitiosum,
1315 3789 1346 3844 et
1364 3783 1573 3847 damnabilem
1593 3786 1686 3846 fonsa
1698 3804 1771 3865 pro·

175 3893 233 3955 abs
248 3911 281 3953 se
296 3891 365 3952 uitii
381 3891 562 3970 adjumenta
581 3887 644 3959 illa,
662 3891 691 3947 et
710 3884 847 3945 fomenta
869 3882 948 3961 capi,
1000 3874 1156 3935 nuntiant.
1655 3928 1667 3947 .-

175 4004 212 4046 ac
226 3984 358 4064 sperari,
402 4000 498 4062 quam
531 3980 570 4041 ab
613 3976 737 4039 diabolo
784 3971 951 4035 maluisse?
1041 3966 1083 4026 Π.
1119 3966 1272 4047 Principio
1305 3968 1426 4029 nullam
1449 3988 1488 4030 ex
1516 3968 1627 4030 Christi
1653 3969 1772 4030 meritis

177 4078 305 4145 Quanto
316 4074 510 4156 prudentius,
527 4090 563 4133 aa
581 4069 755 4149 religiosius
768 4065 884 4126 ethnici
903 4064 952 4124 illi
1001 4057 1124 4119 affuisse
1138 4061 1269 4138 gratiam
1287 4061 1476 4122 Testamenti
1498 4062 1611 4123 veteris
1624 4061 1770 4139 alumnis,

177 4175 311 4243 veteres,
335 4167 389 4247 qui
411 4173 604 4246 stuprorum,
631 4159 880 4232 latrociniorum,
897 4173 952 4217 cae-
1000 4150 1182 4230 Apolopetter'
1195 4154 1374 4232 scriptorex
1388 4155 1532 4216 antistitis
1552 4154 1600 4215 sui
1614 4155 1716 4216 verbis
1730 4155 1771 4215 ita

178 4261 270 4321 dium
284 4259 499 4320 auctoritatem
519 4254 651 4330 Veneri,
676 4251 814 4323 Baccha,
831 4249 950 4309 Mercu·
1001 4242 1221 4305 demonstran.
1248 4246 1403 4318 Quicum
1430 4247 1609 4327 scripsisset,
1641 4248 1774 4307 «Testa-

179 4353 242 4427 rio,
261 4351 363 4427 Marti,
377 4369 415 4412 ac
434 4348 571 4428 profanis
592 4345 654 4407 Diis
680 4343 809 4413 cateris,
823 4341 884 4401 hoe
907 4344 953 4399 est
1002 4339 1144 4396 mentum
1157 4340 1245 4396 vetus
1259 4355 1406 4414 maguam
1421 4338 1590 4418 quamdam
1614 4338 1701 4418 quasi
1722 4357 1773 4399 co-

179 4443 393 4519 daemouibus,
420 4440 627 4513 manaamnt3
643 4452 739 4517 quam
764 4432 875 4512 nuperi
903 4429 954 4491 isti
1003 4427 1152 4488 moediam
1172 4428 1276 4502 luisse,
1293 4448 1363 4508 quae
1376 4448 1441 4490 non
1461 4435 1665 4509 tampropter
1680 4449 1712 4491 se
1725 4432 1774 4511 ip·

180 4534 329 4614 theologi,
346 4534 402 4613 qui
424 4534 632 4607 Deover0,ac
645 4543 767 4588 summo
787 4528 890 4604 partes
913 4521 955 4581 al-
1003 4535 1080 4591 sam,
1112 4536 1206 4597 quam
1233 4527 1359 4600 propter
1390 4520 1435 4598 id,
1470 4522 1520 4582 cui
1547 4521 1776 4601 praefigurando

180 4627 289 4706 legant
303 4625 461 4701 fovendas,
476 4620 756 4704 promovendisque
778 4612 955 4694 nequitia?
1003 4608 1167 4683 serviebat,
1183 4609 1242 4671 hoc
1256 4618 1302 4672 est
1315 4621 1443 4693 propter
1463 4614 1698 4674 Testamentum
1718 4632 1774 4674 no·

1003 4719 1090 4775 vum,
1108 4700 1234 4781 ejusque
1251 4703 1434 4784 principem,
1450 4711 1481 4766 et
1502 4706 1659 4766 haeredem
1672 4706 1776 4766 Eccle-

1004 4793 1094 4869 siam,
1105 4792 1145 4853 ab
1158 4793 1211 4854 illa
1223 4801 1327 4873 gente,
1343 4802 1502 4875 tamquam
1524 4797 1564 4858 ad
1578 4796 1637 4857 hoc
1659 4796 1775 4857 idonea

1005 4890 1197 4964 ageretur3o
1225 4905 1349 4948 causam
1376 4889 1477 4949 reddit
1497 4888 1578 4948 illius
1605 4888 1678 4948 dieti
1701 4888 1776 4949 sui:

1006 4977 1290 5057 «Quandoquidem
1310 4979 1471 5058 enimait,
1495 4979 1778 5060 carnalibnsimpli·

1006 5069 1200 5138 catastudiis,
1218 5072 1429 5146 etamoribus,
1440 5078 1634 5152 terrenaeque
1644 5071 1783 5132 felicitati

1007 5160 1157 5222 venandae
1171 5161 1285 5241 dedita,
1303 5163 1487 5238 coelestium,
1514 5169 1607 5243 atque
1635 5163 1779 5241 spiritua·

1006 5253 1084 5313 lium
1100 5252 1230 5333 incapax
1257 5263 1336 5318 esset
1358 5257 1591 5337 cogitationum,
1607 5253 1682 5333 quid
1706 5271 1780 5315 con-

218 5472 229 5515 l
245 5470 294 5519 ub,
305 5469 334 5519 n.
346 5478 402 5514 mxv
416 5477 442 5511 α
453 5470 471 5509 t.
485 5462 549 5519 ΠΜ.
560 5461 602 5515 lll,
613 5475 634 5510 e.
647 5460 679 5506 vl.
