4122 6248
589 247 638 309 DE
658 247 962 324 INGARNATIONE,
984 248 1056 310 Ltn.
1079 248 1117 327 V,
1139 249 1224 310 CAP.
1247 249 1299 309 Xl.
1672 242 1732 306 629

141 408 251 471 tialcm
273 411 359 473 Patri
377 412 547 473 secundum
568 412 772 489 divinitatem,
794 419 826 474 et
839 432 911 475 oou·
965 432 1015 475 res
1044 414 1136 489 feret,
1161 432 1262 493 pauca
1290 419 1467 474 sanctorum
1497 412 1624 471 Petrum
1650 411 1732 472 testi·

141 502 383 566 substantialem
392 504 482 565 nohis
491 505 661 567 secundum
670 506 908 582 humanitatem,
965 506 1072 567 monia
1085 506 1240 585 colligam.
1261 506 1362 585 Atque
1380 505 1448 584 haec
1467 503 1530 564 iere
1548 507 1733 577 argumenta

140 611 236 674 quem
250 594 356 657 locum
370 595 401 657 in
414 597 549 658 secundo
562 597 653 674 libro,
668 599 768 679 capite
779 598 912 659 secundo
964 597 1003 659 de
1018 599 1183 678 Scripturis
1197 613 1379 678 exprompta
1407 600 1480 657 sunt
1504 595 1620 666 omnia,
1648 600 1679 655 et
1694 596 1732 655 iis

141 686 374 767 descripsimus.
964 708 1071 752 earum
1085 692 1172 765 locis,
1192 708 1261 770 qnae
1287 708 1382 769 supra
1406 687 1667 749 commemoravi:
1696 692 1731 747 ut

179 781 247 842 Nec
269 781 372 842 minus
383 784 491 862 quinta
504 782 641 862 synodus
654 783 730 843 duas
742 783 776 843 in
791 782 912 843 Christo
959 783 1026 861 Jam
1038 786 1073 844 in
1089 783 1149 843 illis
1171 783 1350 856 referendis,
1377 779 1520 842 nonnihil
1534 779 1572 840 dc
1586 779 1731 856 praesenti

139 872 295 952 perfectas
308 879 434 934 naturas
447 875 575 935 asseruit
585 877 607 947 ¹,
624 880 655 935 et
673 873 844 935 humanam
862 874 912 934 in·
963 894 1057 957 opera
1065 876 1196 937 libatum
1206 875 1311 936 fuerit.

138 970 266 1044 tegram
291 984 330 1027 cx
356 966 461 1027 anima
484 965 623 1041 ratione,
650 965 912 1045 intelligentiaque
1003 971 1142 1030 Primum
1153 969 1258 1048 itaque
1272 984 1373 1047 genus
1391 964 1629 1044 argumentandi
1640 981 1679 1024 ex
1693 982 1729 1023 eo
1754 995 1901 1042 nuruum

138 1058 285 1137 praedita,
301 1063 332 1118 et
350 1075 441 1118 carue
460 1058 670 1135 compositam.
699 1058 799 1125 Quem
822 1075 914 1119 cano·
962 1062 1102 1137 ducitur,
1135 1060 1219 1140 quod
1253 1059 1313 1120 nisi
1338 1060 1460 1137 integra
1486 1062 1566 1118 esset
1590 1057 1730 1117 humana
1767 1050 1889 1147 ,roffi

138 1166 214 1211 nem
239 1150 457 1211 Lateranensis
483 1150 542 1210 suh
566 1149 699 1211 Martino
726 1151 852 1229 primo,
880 1149 912 1210 iu
963 1154 1076 1215 Christi
1095 1158 1222 1229 natura,
1247 1169 1322 1212 vera
1348 1169 1413 1211 non
1439 1155 1528 1225 esset,
1555 1167 1612 1210 neo
1638 1166 1729 1208 verus
1756 1116 1884 1254 ,hffigupeqs

103 1296 106 1300 Α
138 1240 313 1306 Secreturio
326 1248 437 1322 quarto
449 1245 577 1321 recepit.
655 1260 657 1265 ’
960 1247 1056 1307 homo
1085 1245 1238 1317 Christus,
1275 1243 1406 1321 ideoque
1437 1260 1495 1302 nec
1530 1243 1624 1301 homo
1652 1247 1730 1300 esset
1828 1222 1842 1267 ⁸
1886 1241 1892 1250 ’

178 1334 249 1396 Hoc
270 1335 372 1415 ipsum
391 1334 526 1396 decrevit
546 1340 577 1394 et
598 1338 685 1395 sexta
703 1333 839 1414 synodus
859 1353 909 1396 ae·
962 1339 1100 1401 omnino.
1114 1338 1194 1398 Nam
1208 1336 1291 1416 quod
1304 1353 1376 1396 uere
1390 1333 1507 1413 aliquid
1522 1351 1586 1393 nou
1601 1334 1656 1401 est,
1671 1332 1731 1392 hoc

139 1426 227 1487 tione
255 1442 342 1503 run,
357 1426 422 1488 imo
447 1444 520 1487 vero
544 1426 603 1486 bac
629 1425 748 1487 ratione
775 1427 851 1487 duas
876 1427 909 1486 in
961 1431 1141 1512 simpliciter
1153 1447 1218 1490 non
1232 1434 1287 1489 est.
1312 1429 1359 1489 lta
1378 1425 1586 1487 Tertullianus
1599 1424 1634 1483 in
1648 1423 1730 1483 libro

139 1517 263 1579 Christo
277 1518 468 1593 voluntates,
488 1522 519 1578 ot
530 1517 664 1578 actiones
677 1518 778 1579 inesse
790 1517 907 1580 sanxit:
962 1523 998 1584 de
1008 1541 1097 1583 carue
1106 1518 1230 1596 Christi,
1245 1519 1366 1595 «aliter,
1379 1517 1491 1597 inquit,
1505 1534 1569 1576 non
1578 1515 1731 1575 diceretur

138 1611 225 1689 quod
239 1611 338 1670 altera
352 1615 432 1671 esset
445 1608 588 1669 voluutas
613 1608 749 1669 hominis
773 1609 908 1689 propria.
960 1614 1056 1676 homo
1070 1613 1208 1675 Christus
1219 1612 1284 1673 siue
1294 1627 1400 1684 carne,
1416 1628 1475 1670 nec
1486 1607 1623 1669 hominis
1636 1606 1728 1684 tilius,

139 1703 227 1763 Adde
241 1702 378 1782 reliquas
391 1719 500 1762 omnes
511 1700 647 1779 synodos
661 1706 725 1762 tam
738 1702 907 1780 generales,
961 1707 1028 1768 sine
1042 1705 1147 1785 aliquo
1157 1709 1284 1784 parente
1305 1703 1434 1763 homine
1471 1701 1552 1761 sicut
1564 1717 1622 1759 nec
1636 1701 1728 1771 boiis,

139 1812 237 1874 qutun
265 1793 475 1875 particulares,
508 1811 579 1872 quae
606 1793 747 1853 eamdem
770 1794 911 1871 regulam
961 1799 1027 1860 sine
1051 1798 1159 1878 spiritu
1186 1796 1262 1856 Del:
1286 1813 1345 1856 nec
1370 1794 1426 1855 Dei
1454 1792 1547 1868 filius,
1578 1793 1644 1851 sine
1667 1793 1730 1852 Deo

138 1892 257 1947 secutae
269 1891 353 1947 sunt.
368 1884 526 1962 Imprimis
539 1890 644 1945 autem
658 1884 909 1961 Alexandrinam,
962 1891 1065 1967 Patre,
1101 1894 1157 1951 etc.
1188 1887 1268 1963 Quid
1302 1886 1446 1947 dimidias
1470 1902 1543 1945 cum
1568 1883 1730 1945 mendacio

138 1979 275 2060 praeside
298 1976 483 2048 Athanasio,
499 1976 587 2054 cujus
600 1980 698 2037 exstat
711 1976 858 2056 synodica
872 1982 911 2038 ad
961 1981 1144 2044 christum?
1157 1986 1241 2042 totus
1253 1979 1366 2040 ueritas
1377 1976 1445 2038 luit.
1457 1998 1473 2034 u

139 2071 368 2132 Antiochenses
380 2068 495 2146 scripta
506 2087 515 2143 ;
534 2069 567 2128 in
582 2086 644 2148 qua
657 2067 733 2144 Arii,
750 2073 781 2129 et
794 2069 910 2148 Apolli·
1001 2076 1040 2134 Et
1052 2075 1087 2135 in
1099 2073 1179 2135 libro
1190 2071 1225 2134 dc
1240 2070 1453 2135 Resurrectioce
1465 2067 1604 2144 carniae.
1613 2084 1727 2145 xxxiv,

139 2163 225 2223 naris
239 2163 430 2223 damnantur
448 2159 592 2234 haereses,
611 2178 681 2239 quae
697 2178 839 2221 mancam
850 2160 911 2221 ho·
962 2184 1086 2228 tarnem
1118 2166 1326 2226 suscitandam
1360 2181 1440 2236 esse,
1475 2161 1595 2222 ratione
1619 2160 1729 2220 eadem

138 2254 237 2315 minis
249 2257 282 2315 in
299 2253 420 2315 Christo
434 2257 597 2327 naturam,
616 2270 651 2313 ao
665 2253 714 2313 vel
727 2254 846 2325 anima,
862 2253 912 2314 vel
960 2258 1108 2320 adstruit:
1125 2257 1208 2337 quod
1224 2279 1239 2314 a
1253 2262 1284 2317 et
1298 2255 1462 2334 iudignum
1476 2256 1553 2326 Deo,
1565 2251 1730 2313 dimidium

139 2348 258 2408 animas
291 2351 376 2426 parte
411 2344 559 2405 desectam
593 2343 804 2405 adstruebant.
832 2346 912 2405 Tum
960 2349 1120 2411 hominem
1133 2350 1273 2427 redigere
1287 2348 1321 2407 in
1336 2347 1478 2420 salutm,
1493 2351 1550 2406 etc.
1567 2343 1729 2418 Quromodo

139 2456 221 2516 eam,
235 2457 307 2519 quae
321 2437 482 2517 Agathone
496 2436 640 2496 Romano
665 2436 810 2515 pontifice
833 2437 912 2497 cele·
961 2442 1096 2520 denique
1109 2441 1211 2501 salvus
1224 2439 1399 2514 habebitur,
1416 2439 1470 2519 qui
1485 2437 1598 2517 poterit
1612 2441 1641 2495 et
1655 2453 1728 2514 per-

139 2529 229 2592 brata
245 2537 374 2592 estante
393 2533 511 2590 sextam
528 2529 769 2589 oecumenicam:
797 2534 828 2589 et
841 2548 911 2609 quae
961 2533 1045 2594 ditus
1054 2532 1129 2608 dici3
1146 2531 1361 2594 carnescilicet
1373 2531 1523 2611 perditus,
1537 2529 1642 2589 anima
1655 2544 1729 2588 vero

140 2621 366 2703 Hierosolymis
378 2621 418 2682 ab
432 2619 607 2699 Sophronio
625 2621 815 2699 patriarcha:
832 2640 911 2701 qua·
962 2626 1074 2687 salvus.
1088 2647 1103 2683 u
1120 2625 1201 2685 Tum
1215 2630 1338 2705 postea:
1352 2623 1462 2698 Quida
1479 2621 1570 2682 Patro
1589 2620 1730 2680 Christus

139 2732 212 2776 rum
221 2712 913 2792 duarumepistolaesynodicaeinsertaeleguu·
961 2723 1131 2797 acceperat,
1147 2717 1209 2778 nisi
1222 2717 1304 2796 quod
1328 2722 1359 2777 et
1377 2712 1543 2776 induerat?
1566 2712 1729 2773 hominem

139 2809 192 2867 tur
205 2807 283 2869 actis
293 2811 386 2867 sertae
400 2803 482 2865 illius
492 2804 614 2883 synodi.
962 2811 1029 2872 sine
1054 2810 1150 2871 dubio
1176 2809 1276 2870 carnis
1290 2808 1465 2886 animaeque
1478 2810 1654 2878 texturam3
1668 2808 1726 2863 etc.

179 2899 374 2979 Epiphanius
421 2896 452 2956 iu
491 2897 638 2957 Accorato
685 2898 912 2976 expositionem
962 2903 1091 2982 Atquin,
1115 2902 1140 2962 si
1158 2919 1221 2963 non
1243 2906 1274 2961 et
1287 2917 1410 2960 carnem
1422 2895 1615 2959 resuscitabit
1625 2895 1728 2956 nouis-

139 2991 311 3069 qnamdam
335 2988 408 3049 fidei
428 2987 602 3067 pleniorem
629 2987 751 3067 subjicit
764 2990 909 3063 Murenae,
963 2994 1041 3054 sima
1050 2992 1185 3072 niujan
1196 3010 1261 3053 non
1271 2990 1429 3052 modicum
1438 2990 1571 3069 patietur
1580 2987 1682 3067 perire
1691 2987 1729 3048 de

140 3082 204 3144 sive
213 3082 319 3163 potius
328 3079 690 3159 Constantinopolitanae:
705 3081 739 3140 iu
753 3100 816 3161 qna
825 3100 913 3143 voca·
962 3083 1109 3146 homine:
1126 3085 1191 3160 sed,
1206 3102 1263 3165 pro
1276 3089 1364 3145 tanta
1376 3083 1507 3144 dixenm
1520 3086 1620 3160 parte,
1634 3096 1730 3159 prope

139 3172 253 3235 bulum
267 3173 342 3234 illud
357 3171 504 3234 homiuem
522 3171 637 3248 suctum
655 3173 697 3233 sic
710 3173 852 3253 explicat,
876 3179 912 3234 ut
962 3182 1074 3237 totum.
1103 3197 1119 3234 u
1144 3178 1183 3235 Et
1200 3175 1299 3254 eapite
1313 3192 1360 3235 xc.
1380 3176 1504 3234 «Porro
1531 3191 1588 3233 nec
1612 3172 1730 3247 anima,

142 3265 331 3345 significatu
345 3263 516 3344 perlectum
529 3270 725 3343 assumptum
737 3265 908 3339 hominem,
963 3268 1074 3348 inquit,
1088 3286 1144 3347 per
1157 3267 1356 3346 semetipsum
1370 3256 1476 3341 homo,
1489 3282 1558 3342 quae
1568 3264 1729 3343 figmento,

141 3359 282 3419 animam
295 3362 327 3418 et
339 3375 459 3436 corpus,
485 3361 516 3416 et
538 3362 686 3429 mentem,
712 3361 743 3418 et
761 3358 909 3437 quidquid
961 3360 1026 3439 jam
1040 3359 1161 3420 homini
1180 3358 1333 3438 appellato
1346 3361 1451 3437 postea
1465 3357 1578 3416 inserta
1594 3361 1658 3416 est:
1675 3373 1732 3416 nec

141 3448 228 3510 alind
242 3449 337 3510 homo
348 3456 404 3522 est,
421 3453 549 3527 excepto
563 3454 719 3527 peccator.
734 3470 749 3506 u
963 3470 1034 3513 caro
1048 3453 1114 3512 sinc
1128 3450 1232 3511 anima
1243 3450 1348 3525 homo,
1364 3466 1425 3528 qua
1441 3453 1509 3525 post
1522 3446 1650 3508 exilium
1661 3447 1732 3507 ani-

180 3542 253 3602 vll.
276 3542 333 3601 Hic
366 3541 391 3600 si
425 3541 547 3601 Graecos
581 3540 769 3621 Latinosque
806 3543 911 3603 Patres
963 3562 1024 3604 mae
1032 3543 1162 3604 cadaver
1171 3541 1360 3602 inscribitur.
1372 3542 1419 3600 Ita
1430 3539 1616 3600 vocabulum
1625 3540 1731 3612 homo,

143 3632 287 3693 catholici
309 3632 396 3692 istius
417 3632 569 3709 dogmatis
581 3636 674 3692 testes
687 3638 914 3713 assertoresqne
963 3640 1178 3696 consertarum
1191 3633 1433 3695 substantiarum
1444 3633 1577 3693 duarum
1586 3632 1735 3710 quodam·

143 3723 238 3785 citare
251 3723 391 3799 voluero,
406 3722 527 3802 longior
541 3742 613 3800 cro,
628 3741 724 3803 quam
737 3724 843 3800 velim,
859 3731 915 3786 aut
964 3728 1058 3788 modo
1071 3725 1169 3787 fibula
1182 3733 1245 3800 est;
1266 3725 1324 3786 sub
1340 3743 1403 3805 qno
1416 3724 1565 3786 vocabulo
1584 3741 1648 3783 non
1662 3741 1733 3803 pos-

143 3817 330 3878 accessesit.
347 3815 426 3876 Nam
435 3815 540 3876 nullus
555 3821 612 3889 est,
626 3816 753 3895 quinon
766 3835 914 3895 magnam
964 3824 1037 3880 snnt
1046 3836 1112 3879 esse
1121 3817 1390 3878 nisieohaerenus.
1405 3837 1420 3874 u

145 3908 210 3969 vim
235 3910 459 3969 sententiarum
486 3908 682 3987 suppeditet;
710 3926 780 3987 quac
803 3910 913 3984 Deum,
1004 3911 1043 3970 Et
1058 3909 1241 3971 Ambrosius
1255 3908 1385 3988 epistola
1395 3912 1503 3968 octaua
1516 3906 1650 3968 ostendit
1659 3926 1734 3987 per·

143 3996 366 4077 hominemque
380 4000 546 4072 Christum,
571 4004 603 4059 ct
616 4005 785 4078 utrumque
797 4000 914 4079 perfec·
962 4001 1078 4062 fectam
1101 4001 1136 4060 in
1155 4000 1277 4062 Christo
1293 4000 1422 4079 perinde
1445 3998 1578 4059 formam
1599 3999 1736 4060 hominis

144 4094 213 4151 turm
223 4090 384 4170 significet,
399 4100 438 4152 ex
450 4109 525 4152 vera
538 4109 641 4163 carne,
657 4090 823 4170 animaque
837 4109 914 4152 con·
964 4091 1069 4166 fuisse,
1085 4110 1121 4153 ao
1141 4092 1196 4153 Dei
1218 4092 1351 4152 ior-mam
1372 4086 1414 4153 'ex
1426 4090 1479 4152 illo
1494 4091 1631 4170 Apostoli
1652 4089 1732 4164 loco,

143 4185 277 4243 textum.
294 4183 336 4243 tle
350 4183 465 4262 quibus
477 4183 549 4244 uide
564 4201 634 4262 quae
650 4182 682 4242 in
696 4181 915 4262 Prolepomeuis
965 4201 1060 4262 quem
1090 4202 1185 4264 supra
1217 4183 1380 4243 retulimus
1394 4182 1418 4251 ²,
1448 4183 1482 4242 in
1510 4201 1573 4262 quo
1600 4181 1732 4243 formam

145 4272 220 4336 dixi.
234 4274 325 4335 Nunc
351 4293 387 4334 ea
399 4280 524 4336 tanturm
543 4280 684 4335 ueterum
699 4274 767 4335 loca
780 4274 917 4335 breviter
965 4276 1126 4354 utriusque
1151 4281 1272 4336 naturae
1297 4274 1342 4335 illi
1369 4275 1596 4335 accommodat:
1621 4297 1636 4332 a
1653 4277 1733 4353 Ergo

146 4383 312 4447 exponam,
328 4385 399 4446 quae
409 4366 619 4428 Christianum
632 4366 711 4427 illud
723 4366 795 4427 fidei
810 4367 916 4426 decre·
966 4385 1037 4428 oum
1047 4371 1126 4427 esset
1135 4368 1168 4426 in
1177 4366 1559 4447 plenitudinedivinitntis,
1568 4368 1621 4439 ait,
1631 4367 1735 4429 exina-

146 4462 215 4519 tum
229 4458 424 4520 dehumanae
435 4458 610 4538 integritate
624 4463 755 4532 neuere,
767 4476 832 4519 non
845 4457 917 4518 sim·
966 4457 1047 4518 nivit
1060 4476 1104 4531 ae,
1121 4462 1152 4518 et
1173 4458 1290 4537 accepit
1309 4457 1536 4536 plenitudinem
1556 4466 1688 4535 naturae,
1705 4466 1736 4520 et

147 4548 267 4628 ph'citer
276 4549 469 4611 enuntiando
481 4550 686 4612 confirmant:
702 4549 754 4611 sed
765 4550 916 4610 rationem
966 4550 1162 4628 perfectionis
1175 4550 1321 4609 humana
1336 4549 1415 4609 sicut
1429 4550 1492 4610 Deo
1510 4549 1589 4609 nihil
1612 4550 1733 4627 deerat,

147 4640 276 4719 insuper
290 4641 427 4720 aliquam
439 4641 609 4718 continent,
625 4660 686 4721 qua
699 4641 835 4720 idipsum
848 4658 918 4720 pro
966 4641 1011 4701 ita
1025 4641 1225 4702 nechominis
1239 4641 1510 4717 consummationi,
1525 4647 1561 4702 nt
1574 4650 1653 4704 esset
1665 4663 1736 4723 per-

148 4730 248 4802 betur,
272 4732 323 4792 vel
349 4731 421 4810 ejusv
441 4733 553 4793 idonea
571 4739 678 4794 contra
698 4733 917 4793 obtrectatores
967 4731 1067 4793 tectus
1088 4733 1123 4793 in
1143 4738 1274 4811 utraque
1296 4732 1407 4794 forma.
1436 4753 1452 4790 u
1474 4734 1555 4795 Tum
1578 4735 1735 4814 Apollina-

149 4839 242 4882 causa
268 4823 426 4885 reddatur.
456 4824 635 4902 Cujusmodi
661 4829 918 4904 argumentorum
968 4824 1076 4885 rislam
1086 4823 1311 4886 itaconoludit:
1327 4845 1342 4881 u
1355 4826 1470 4885 lterum
1480 4844 1555 4905 ergo
1564 4826 1735 4905 interrogo,

149 4931 324 4994 proponam
338 4914 457 4994 aliquot
470 4916 579 4995 capita,
604 4917 690 4977 etad
715 4917 918 4995 singula,nti
969 4916 1024 4992 ait,
1044 4916 1118 4996 quid
1146 4921 1192 4977 est
1218 4916 1250 4975 in
1275 4914 1375 4977 forme
1403 4917 1478 4978 Dei?
1501 4917 1679 4996 Respondet
1703 4919 1736 4977 in

186 5137 207 5178 a
241 5123 339 5179 Eelea.
373 5128 480 5181 Actor.
518 5123 773 5199 Ἐνανθρωπήσαντα,
808 5132 919 5194 τουτέστι
969 5128 1064 5186 τέλειον
1081 5125 1206 5198 ἄνθρωπον
1222 5124 1340 5191 λαθόντα,
1353 5124 1443 5197 ψυχὴν,
1457 5127 1499 5178 καὶ
1514 5131 1598 5197 σῶμα,
1613 5126 1654 5179 καὶ
1668 5132 1736 5192 νοῦν,

971 5214 1013 5272 καὶ
1025 5210 1112 5271 πάντα,
1125 5208 1147 5262 εἴ
1156 5210 1180 5264 τί
1189 5205 1253 5262 ἔστιν
1267 5207 1399 5276 ἅνθρωπος,
1415 5209 1492 5280 χωρὶς
1504 5209 1633 5280 &papulae

182 5371 194 5414 1
205 5371 260 5417 Coit.
272 5385 323 5427 rrrr,
337 5376 420 5420 Auath.
431 5375 512 5421 rv.-2
525 5376 582 5421 ruti.
595 5388 618 5420 u.
715 5392 717 5396 ⁴
