4078 6162
824 328 1150 395 rflmwoicoeutt
1169 326 1387 392 nasutium

550 739 746 823 CAPUT
774 740 853 825 Vl.

320 1058 547 1121 Demomtr’atar
567 1074 605 1118 esa
625 1055 734 1116 unione
760 1053 888 1116 duarum
914 1055 947 1115 iu
969 1053 1089 1117 Christo

360 1159 538 1212 amararum
560 1167 618 1210 aaa
641 1166 731 1209 uuum
752 1147 910 1209 coalescere
930 1155 1086 1221 mirram,

359 1238 411 1303 sed
435 1239 509 1302 duas
533 1256 659 1300 manae.
678 1239 707 1298 l.
724 1236 802 1312 Quot
827 1239 997 1298 modiorum
1018 1235 1092 1317 fiapi

358 1340 461 1415 posset.
485 1332 516 1391 i.
538 1329 694 1410 imprimis
713 1328 811 1391 altera
829 1329 976 1397 eetiucta,
999 1346 1088 1390 uuam

359 1424 483 1485 minime
503 1440 649 1502 sapuisse
675 1420 822 1500 protutor
844 1440 881 1482 ea
902 1420 1087 1501 Sempturis,

362 1533 491 1599 quarum
523 1514 675 1576 mutantia
709 1511 861 1575 identidem
893 1532 930 1574 ea
962 1512 1090 1574 Patrem

360 1611 545 1671 enarratione
577 1605 768 1668 roboramur.
793 1608 823 1669 6.
849 1606 924 1668 Tum
944 1623 982 1667 es·
1006 1623 1091 1687 εμπο-

359 1699 463 1762 doram
476 1698 601 1761 decretis
615 1700 694 1760 idem
716 1697 849 1760 duarum
874 1696 980 1779 dopma
1002 1705 1090 1759 aota-

363 1812 467 1854 rarum
489 1790 666 1865 adstruitur,
697 1791 869 1869 prasertim
896 1789 1089 1851 acammiris.

359 1884 469 1946 'tltem
483 1902 520 1945 aa
535 1882 645 1947 Graecis
658 1881 1092 1965 Patrdm,qoid’utyclseuaum

361 1975 494 2039 tarasia
507 1982 727 2052 antecesserunt,
742 1984 769 2037 et
783 1994 846 2037 eam
860 1973 988 2056 quadem
1007 1992 1091 2056 pra·

354 2066 676 2151 judiciodaumarunt.

362 2254 388 2314 1.
412 2254 502 2314 Nunc
524 2252 657 2332 propriis
679 2250 849 2331 disciplina
877 2251 972 2331 hujus
998 2269 1092 2331 argu-

322 2345 435 2408 mentis
461 2344 684 2405 adstnsendum
714 2349 771 2417 est,
806 2362 846 2404 ex
872 2344 1090 2423 conjunctione

322 2438 457 2499 duorum
471 2435 615 2511 illorum,
629 2454 699 2515 qua
721 2437 755 2497 in
769 2436 891 2496 Christo
911 2437 1090 2498 convenisse

324 2529 448 2606 scimus,
470 2546 536 2588 nou
559 2545 673 2603 unam,
697 2533 728 2588 et
741 2528 927 2606 singularem
943 2529 1091 2608 prodiisse

1134 498 1255 560 Christo
1266 499 1452 557 naturarum
1466 491 1625 579 rationem
1639 489 1808 552 terrendus
1833 491 1897 553 dia-

1136 589 1299 653 conushac
1309 586 1461 650 sententia
1474 585 1653 664 complexus
1664 580 1745 645 est¹:
1765 583 1820 644 asi
1831 584 1900 664 quis

1136 684 1252 744 iterum
1264 698 1361 742 unam
1382 679 1497 741 Christi
1519 676 1592 738 dicit
1614 694 1678 737 esse
1692 679 1855 748 natinem3
1869 678 1902 736 et

1137 774 1282 855 quam
1293 789 1367 834 eum
1380 790 1419 833 ex
1432 770 1553 833 duabus
1572 786 1687 849 negare
1700 784 1764 829 non
1778 767 1899 842 audeat,

1136 867 1171 928 in
1185 866 1306 928 duabus
1319 870 1424 927 temen
1442 861 1623 925 substantiis
1648 858 1790 922 confiteri
1813 876 1902 921 vere·

1136 964 1201 1036 tur,
1216 965 1271 1020 aut
1284 958 1421 1019 dubitat:
1434 957 1485 1017 hle
1499 962 1553 1018 aut
1563 954 1657 1016 unius
1670 959 1791 1014 naturas
1804 950 1903 1014 aboll-

1136 1050 1274 1127 tionem,
1301 1054 1355 1111 aut
1380 1055 1585 1127 utrarumque
1612 1046 1772 1107 adseverat
1798 1044 1904 1106 coniu-

1138 1142 1269 1204 sionem.
1293 1142 1358 1202 Nisi
1380 1142 1465 1203 enim
1487 1142 1526 1202 de
1546 1139 1666 1201 duabus
1691 1156 1789 1199 uuam
1813 1136 1904 1199 sitnm

1137 1235 1310 1312 abstulerit,
1340 1240 1394 1295 aut
1420 1240 1567 1313 utresque
1594 1231 1780 1309 contuderit,
1809 1248 1903 1292 unam

1139 1316 1296 1406 quomodo
1308 1327 1466 1405 praedicet,
1481 1343 1546 1387 non
1559 1323 1697 1386 habehit.
1710 1344 1726 1382 s

1180 1421 1300 1480 Horum
1331 1418 1465 1480 duorum
1491 1418 1658 1479 modorum
1684 1414 1852 1491 celebrior,
1876 1420 1906 1478 et

1138 1511 1331 1591 frequentior
1349 1511 1382 1572 in
1395 1514 1605 1572 usuveterum
1618 1509 1840 1571 hereticorum
1850 1509 1907 1571 tuit

1137 1604 1207 1679 ille,
1222 1623 1285 1684 quo
1299 1610 1482 1665 naturarum
1502 1601 1600 1664 ultera
1619 1602 1768 1674 extincta,
1786 1607 1819 1663 et
1831 1619 1905 1664 ron·

1139 1715 1227 1759 versa
1244 1715 1310 1759 esse
1324 1697 1460 1777 ponitur.
1486 1694 1532 1755 lta
1557 1695 1641 1756 enim
1664 1693 1864 1775 Apollinaris,
1879 1698 1909 1755 et

1140 1789 1287 1869 Eutychis
1298 1788 1439 1869 discipuli
1451 1790 1630 1850 humanam*
1644 1791 1790 1848 naturam
1815 1791 1909 1848 totam

1140 1881 1174 1942 in
1199 1881 1345 1942 deitatem
1372 1881 1482 1941 abiisse
1501 1880 1661 1955 dicebant;
1684 1879 1771 1941 velut
1785 1879 1813 1939 si
1825 1884 1909 1957 gutta

1141 1973 1242 2035 mellis
1264 1974 1298 2034 in
1325 1976 1482 2036 Oceanum
1502 1971 1648 2052 jaciatur,
1677 1970 1909 2032 atvertatnrin

1141 2084 1256 2146 equum
1280 2065 1481 2127 maritimam.
1511 2064 1577 2125 llac
1603 2064 1687 2125 enini
1707 2062 1909 2124 similitudine

1141 2177 1213 2219 usos
1235 2159 1305 2220 illos
1320 2175 1385 2220 esse
1408 2162 1538 2220 testatur
1563 2155 1794 2225 Theodoretus,
1824 2161 1861 2217 nt
1878 2156 1910 2219 in

1141 2251 1243 2330 primo
1255 2250 1337 2311 libro
1348 2248 1505 2311 memini.
1518 2248 1579 2310 Alii
1590 2248 1684 2327 longe
1694 2247 1872 2321 crassiores,
1882 2252 1911 2310 et

1140 2343 1315 2403 hebetiores
1327 2342 1519 2403 divinitatem
1537 2341 1572 2401 in
1585 2359 1711 2402 carnem
1729 2358 1910 2403 conversam
2028 2366 2030 2377 >

1141 2453 1207 2497 esse
1220 2435 1377 2496 dixerunt.
1394 2434 1446 2495 Sia
1466 2432 1604 2512 ejusdem
1625 2431 1710 2494 illius
1727 2440 1821 2495 secta,
1834 2452 1912 2496 non·

1141 2528 1220 2589 nulli
1238 2543 1437 2588 communem
1449 2525 1593 2587 haeresim
1610 2525 1810 2606 interpretati
1827 2530 1909 2599 suut,

323 2627 477 2683 neutram.
492 2620 553 2681 Sed
566 2625 637 2680 ante
646 2618 895 2681 constituendum
909 2626 965 2695 est,
982 2638 1092 2700 quem·
1141 2620 1251 2681 utillia
1264 2619 1408 2681 diximus.
1431 2619 1544 2679 Contra
1567 2635 1645 2698 quos
1668 2618 1828 2698 imprimis
1841 2636 1910 2699 pro·
1941 2610 2030 2711 ¹¹⁰5*

324 2713 543 2776 admodumex
560 2711 943 2790 duabusvelutpartihus,
957 2718 1092 2773 autten·
1140 2713 1280 2774 handum
1293 2711 1375 2773 istud
1389 2715 1445 2788 est,
1459 2710 1494 2770 in
1508 2709 1630 2771 Christo
1644 2711 1777 2771 Domino
1792 2710 1913 2773 duaset
1959 2712 2030 2778 »ἔω

324 2824 419 2887 quem
433 2804 583 2886 partibus,
597 2822 661 2865 uua
674 2805 771 2884 possit
784 2804 1089 2865 naturacoalescere:
1141 2805 1296 2867 disdnctm
1305 2810 1431 2865 naturas
1450 2820 1514 2864 non
1528 2801 1620 2864 luisse
1632 2808 1769 2877 tantum,
1786 2803 1912 2886 quando
1933 2780 2030 2879 affini

324 2903 534 2978 ueavagetur
547 2896 581 2956 in
604 2898 758 2959 incertum
770 2896 937 2977 disputacio
963 2904 1088 2957 nostra:
1141 2916 1179 2960 ex
1192 2897 1229 2957 iis
1242 2896 1430 2977 compositus
1456 2900 1512 2971 est,
1540 2895 1594 2957 sed
1618 2893 1722 2957 unitas
1749 2895 1858 2967 etiam,
1883 2901 1913 2958 et
1934 2878 2030 2947 ,nu-i

325 2992 377 3052 sed
390 2991 425 3051 in
433 2990 561 3050 delinito
575 2989 679 3067 aliquo
691 3006 798 3049 rerum
811 3005 925 3066 genere
934 2989 1088 3049 consistat.

1142 2988 1300 3069 copulatas
1312 3006 1450 3049 manere.

154 3099 210 3150 onas
230 3096 301 3141 uocis
365 3085 447 3143 Rem
460 3100 500 3143 ex
513 3081 634 3142 duabus
647 3098 743 3140 uuam
757 3080 837 3140 effici
852 3081 950 3142 trihus
963 3081 1092 3142 omnino
1182 3082 1238 3143 ΙΙΙ.
1264 3083 1306 3143 Aa
1332 3080 1469 3160 primum
1497 3078 1675 3142 auctoribus
1703 3079 1801 3141 sacris
1828 3079 1914 3142 libris

168 3164 180 3195 e
200 3151 287 3195 duatus

204 3216 250 3248 aas
325 3174 426 3234 modis
434 3172 647 3252 intelligimus.
669 3174 732 3233 Aut
749 3172 833 3233 enim
852 3191 916 3233 una
929 3178 1090 3252 pereunte,
1142 3173 1219 3234 illud
1235 3174 1398 3249 asseritur3
1423 3170 1476 3252 qui
1489 3177 1654 3251 utramque
1669 3170 1702 3232 in
1716 3190 1753 3233 eo
1766 3178 1915 3235 naturam

176 3255 278 3365 aar¹

324 3268 357 3327 et
370 3266 402 3326 in
429 3265 558 3327 aiterum
581 3265 667 3325 velut
687 3264 842 3344 absorpta,
865 3265 1039 3340 incolumis,
1060 3270 1091 3326 et

323 3358 529 3438 solaistaipsa
541 3363 696 3418 remanet:
713 3360 769 3417 aut
782 3375 820 3418 ex
831 3357 952 3419 duabus
966 3357 1092 3418 mutatis

323 3449 477 3529 titulique
496 3449 587 3510 tertia
604 3448 763 3509 dissimilis
776 3449 959 3511 ambarum:
976 3455 1030 3510 aut
1052 3467 1091 3511 ex

324 3541 445 3603 duabus
457 3541 562 3617 salvis,
577 3548 609 3601 et
632 3539 780 3619 integris,
810 3540 901 3601 tertia
921 3541 1093 3610 itidemst

324 3633 445 3694 diversa
454 3633 660 3713 componitur.
676 3632 772 3692 Primi
781 3633 903 3711 generis
912 3634 1091 3713 exemplum

323 3724 418 3786 habes
431 3725 465 3784 in
477 3743 566 3803 aquae
589 3723 686 3796 stille,
702 3741 772 3802 ques
785 3723 818 3782 in
831 3724 896 3783 vini
907 3725 1091 3803 amphoram

324 3817 632 3896 praestanciorem
655 3820 766 3890 mutat,
791 3818 823 3875 et
842 3814 876 3874 in
890 3815 998 3876 vinum
1017 3834 1090 3877 ver·

323 3908 409 3968 titur.
427 3909 607 3970 Secundum
619 3924 719 3985 genus
731 3906 765 3966 in
779 3905 939 3967 elementis
951 3914 1089 3988 apparet,

324 4016 361 4061 ex
393 4001 505 4079 quihus
538 4000 702 4060 mistorum
728 4015 893 4077 corporum
921 4000 1092 4061 substantia

324 4092 486 4153 oonflauu.
507 4092 603 4152 Tertii
622 4091 756 4169 denique
775 4090 898 4169 generis
913 4091 1090 4172 exemplum

323 4182 406 4245 inest
417 4185 451 4244 in
464 4183 569 4244 anima
580 4188 610 4243 et
624 4200 765 4262 corpore,
780 4200 819 4242 ex
833 4184 944 4262 quibus
955 4184 1092 4245 hominis

323 4281 437 4338 natura
449 4281 578 4338 constat.
595 4276 641 4336 De
654 4276 714 4336 hoc
727 4276 820 4336 tertio
838 4294 952 4354 genere
966 4283 1089 4357 postca:

322 4387 406 4429 nunc
432 4369 469 4429 de
495 4367 617 4429 duobus
643 4367 754 4446 primis
787 4385 931 4445 agemu53
957 4387 1092 4448 quorum

322 4461 462 4521 mactatio
487 4460 527 4520 ud
555 4460 767 4538 antiquiorum
791 4460 947 4521 haeresum
979 4461 1091 4522 coniu-

323 4552 472 4613 tationem
483 4551 580 4630 magis
590 4551 740 4631 pertinet:
756 4569 826 4630 quae
840 4552 966 4631 quidem
981 4554 1093 4614 alteru·

322 4642 401 4703 trius
425 4651 557 4717 naturae,
578 4643 628 4704 vel
648 4643 812 4705 ambarum
831 4646 924 4705 etium
944 4652 1090 4723 ἀλλοίωσιν,

322 4734 382 4796 hoc
395 4741 441 4796 est
452 4739 653 4811 mutationem,
669 4736 735 4805 vel,
756 4741 793 4796 ut
804 4737 917 4798 detrito
932 4738 965 4798 in
979 4738 1092 4798 scholis

322 4826 451 4887 nomine
497 4832 592 4900 utar,
642 4827 846 4889 alterationem
893 4829 1089 4891 invexerunt.

322 4919 493 4998 Utrumque
517 4919 617 4980 Gratti
636 4919 773 4998 theologi
785 4928 945 4982 minuciam
958 4928 1089 4985 vocant:

321 5010 354 5071 id
367 5017 413 5071 est
424 5010 656 5071 substantiarum
676 5012 882 5092 confusaneam
901 5013 1035 5083 coitum·
1052 5015 1091 5076 de

322 5120 385 5182 quo
399 5109 515 5181 postea.

1142 3265 1327 3344 significant,
1343 3265 1419 3326 diam
1440 3266 1539 3326 mum
1553 3270 1584 3325 et
1597 3263 1760 3325 hominem
1771 3283 1842 3327 esse
1855 3271 1913 3327 tes·

1141 3363 1259 3433 tantur,
1273 3362 1305 3419 et
1317 3376 1387 3437 quse
1396 3355 1561 3419 ambarum
1574 3356 1698 3436 propria
1711 3363 1799 3432 sunt,
1816 3358 1915 3420 eidem
2028 3370 2029 3437 i

1142 3449 1305 3510 tribuunt:
1332 3448 1503 3529 prasertim
1532 3448 1714 3524 Euangeliou
1738 3450 1912 3531 scriptura,
2028 3440 2029 3465 ¹

1142 3560 1237 3622 quam
1247 3541 1442 3602 Novatianus
1450 3541 1492 3602 uit
1505 3562 1520 3599 a
1532 3545 1696 3620 utramque
1707 3540 1915 3603 substantiam

1142 3634 1175 3695 in
1189 3652 1286 3695 unam
1299 3634 1468 3696 nativitatis
1480 3632 1591 3695 Christi
1603 3633 1767 3694 foederasse
1782 3652 1914 3696 concor-

1143 3724 1273 3787 diam⁸.s
1286 3724 1511 3787 NametDenm
1521 3742 1586 3787 esse
1601 3725 1756 3787 Christum
1764 3726 1915 3808 pleraque
2027 3772 2028 3793 2

1140 3820 1316 3881 testimonia
1336 3819 1541 3899 persuadent,
1570 3836 1677 3898 quaea
1703 3818 1800 3882 uobis
1823 3818 1914 3881 alluta
2027 3822 2028 3825 ’

1142 3917 1214 3973 sunt
1240 3911 1300 3973 alio
1323 3911 1357 3972 in
1378 3911 1462 3973 loco:
1491 3914 1522 3972 et
1544 3910 1707 3973 hominem
1728 3911 1828 3972 simul
1850 3926 1915 3974 esse

1141 4021 1252 4066 verum
1273 4022 1338 4065 non
1353 4002 1481 4065 obscure
1495 4001 1685 4085 pradicant:
1702 4022 1738 4065 ac
1754 4020 1830 4065 suas
1852 4004 1914 4064 sin·

1142 4097 1222 4177 gulis
1246 4096 1449 4177 proprietates
1475 4097 1641 4177 assignant,
1670 4102 1705 4156 ut
1729 4094 1815 4157 inter
1839 4096 1915 4158 alios

1142 4186 1304 4251 Celusius*
1318 4192 1406 4250 notat
1418 4188 1452 4249 in
1472 4187 1552 4249 libro
1566 4196 1666 4250 matra
1680 4186 1866 4271 Eutyctem,
1887 4193 1915 4248 et
2026 4234 2027 4281 ,

1141 4277 1340 4344 Nestorium.

1185 4395 1201 4432 a
1214 4373 1339 4435 Certum
1354 4390 1489 4452 namque
1508 4378 1551 4435 est
1573 4370 1628 4454 (ait
1641 4369 1771 4433 Albinus
1786 4370 1915 4433 Flemus

1140 4464 1219 4527 libro
1234 4464 1334 4545 primo
1349 4472 1451 4526 contro
1466 4463 1590 4526 Felicem
1615 4460 1835 4546 Urpele'toaum)
1854 4465 1914 4526 Do·

1140 4559 1262 4621 minum
1272 4559 1380 4619 desum
1388 4557 1719 4620 Christumsecundum
1728 4556 1916 4619 catholicam

1141 4651 1282 4723 fidem,et
1293 4650 1449 4730 praeconia
1458 4649 1781 4732 Scripturarum,duas
1795 4648 1916 4711 habere

1141 4743 1337 4804 nativitates:
1369 4761 1467 4804 uuam
1489 4741 1527 4803 de
1552 4743 1642 4803 Patre
1660 4740 1728 4803 sine
1747 4746 1914 4821 tempore3

1141 4834 1271 4896 alteram
1284 4834 1322 4898 de
1336 4841 1434 4896 metra
1446 4835 1512 4895 sine
1525 4833 1609 4895 virili
1626 4833 1870 4911 conjunctione:
1886 4837 1918 4893 et

1141 4924 1255 4987 harum
1266 4926 1401 4989 duarum
1423 4924 1620 4989 nativitatum
1645 4924 1918 5007 proprieshahers

1141 5026 1290 5097 uuiuras;
1310 5017 1365 5082 Dei
1378 5018 1510 5093 scilicet,
1527 5017 1641 5098 quade
1652 5014 1743 5079 Patre
1756 5020 1919 5092 namnet

1140 5108 1288 5182 hominis,
1305 5128 1368 5189 qus
1378 5117 1426 5173 est
1438 5110 1478 5173 de
1490 5117 1592 5175 mane
1606 5109 1806 5190 progenitus:
1833 5125 1920 5171 unus

361 5196 401 5257 ΙΙ.
434 5194 597 5275 Duplicem
628 5192 710 5259 hanc
740 5201 1027 5279 componendarum
1055 5200 1090 5261 in
1139 5201 1285 5281 idemque
1299 5203 1399 5278 Deus3
1428 5221 1513 5264 uuus
1537 5203 1682 5283 idemque
1705 5200 1819 5276 homo;
1834 5216 1920 5261 unm

349 5427 361 5466 1
376 5424 438 5468 Tam.
448 5425 477 5469 lll
487 5426 544 5470 etti.
555 5425 620 5480 epist.
636 5426 665 5469 od
675 5425 777 5472 Seu-i
791 5426 846 5471 vias
857 5427 898 5475 lib.
914 5428 931 5478 l,
946 5439 994 5485 cap.
1004 5440 1048 5480 xrs.
1059 5438 1147 5486 paragr.
1159 5430 1209 5474 7.-
1220 5430 1234 5473 a
1247 5429 1297 5474 hil).
1311 5429 1338 5476 (la
1350 5429 1457 5478 trinitate
1467 5439 1516 5485 cap.
1528 5440 1606 5477 ιω.-
1616 5427 1631 5474 i
1641 5428 1711 5475 Gelu.
1723 5433 1776 5473 ton.
1786 5424 1817 5470 Ν
1827 5425 1919 5473 ΒΝ.-

321 5485 335 5530 t
348 5486 391 5537 (tul
401 5487 442 5530 suls
454 5488 548 5533 nemim
558 5487 618 5532 Paul.
631 5487 700 5544 tquil
721 5488 794 5535 aditus
805 5490 898 5536 esitii
912 5491 967 5539 eos.
982 5493 1043 5540 rar.
1058 5503 1107 5548 par.
1120 5491 1145 5545 lt,
1156 5491 1197 5537 col.
1208 5492 1230 5537 t.

1937 4358 2026 4501 a
