4036 6162
306 295 367 357 340
811 288 1134 354 THEOLOGICORUM
1158 287 1375 353 DOGMATUM

307 457 437 521 intrarit
448 458 482 520 ιἰι
493 455 631 519 πανοίμοι
646 457 669 531 ¹,
682 463 719 519 nt
727 456 770 518 uit
782 455 1010 537 Apostolus3ac
1018 472 1074 537 per
1127 460 1250 537 peceato
1264 452 1379 535 quippe
1391 469 1456 515 esse
1469 447 1586 526 debuit,
1605 446 1657 527 qui
1674 462 1727 526 pro
1744 448 1864 525 peccato

307 551 453 613 eumdem
466 551 627 612 hominem
644 551 783 630 superari
804 555 938 611 mortem
952 554 1074 630 oporte·
1126 550 1213 610 ribus
1235 545 1424 609 intervenire
1449 542 1617 624 potuisset:
1641 538 1711 618 quie
1735 535 1866 597 nimirum

306 641 370 714 bat,
385 649 421 704 ut
432 661 472 704 ne
486 643 618 723 amplius
631 643 664 703 in
677 657 783 704 nostro
798 659 924 721 corpore
938 640 1077 702 dominc·
1127 642 1236 703 alienae
1256 636 1437 719 pollutionis
1459 633 1600 710 contagm
1619 648 1682 692 non
1702 632 1830 708 tergeret,
1844 624 1866 686 si

307 739 410 811 retur;
425 735 477 796 sed
489 753 547 816 pro
561 753 598 796 co
608 734 730 815 justitia
742 739 906 814 regnaret:
921 739 952 794 et
967 732 1075 812 uquod
1126 734 1252 815 propria
1272 730 1447 793 sustineret.
1463 754 1476 782 ι
1503 725 1581 788 Vide
1593 729 1623 785 ct
1636 739 1702 802 cap.
1719 736 1798 796 mu,
1807 717 1867 779 libri

306 845 364 907 per
388 832 515 906 peccota
537 826 642 888 curnis
665 825 741 888 olim
766 823 843 906 lapsi
856 829 945 887 crant
968 840 1076 886 omnes
1127 826 1225 887 XVII.
1257 826 1302 885 Ite
1316 820 1493 885 Bernardus
1506 816 1530 879 ί.
1548 818 1711 896 «Oportet,
1737 828 1865 890 namque,

307 916 468 993 homines3
498 918 621 996 merito,
650 918 704 994 uit,
721 935 778 998 per
793 934 877 991 eum,
891 916 946 997 qui
961 914 1074 996 peccati
1127 918 1182 995 ait,
1198 911 1342 979 esse'sine
1355 918 1478 995 peccato
1494 926 1578 977 eum,
1603 907 1657 988 qui
1668 904 1746 967 tollit
1763 906 1868 983 pewta

307 1028 418 1090 expers
431 1014 508 1085 erat,
525 1009 705 1073 etabcmni
719 1008 837 1070 malitia
852 1010 985 1071 intactus
997 1013 1073 1083 erat,
1127 1009 1250 1086 muudi,
1280 1025 1342 1088 que
1376 1005 1417 1068 ad
1449 998 1690 1066 reconciliandos
1717 1000 1868 1078 peccamen

307 1103 445 1184 trophaea
459 1102 498 1164 dc
522 1101 610 1165 uictis
630 1101 770 1163 hostibus
790 1101 923 1163 excitata
936 1106 1073 1162 sunta.»
1127 1103 1272 1164 inventus
1285 1100 1430 1178 idoneus,
1441 1096 1513 1177 jure
1528 1092 1587 1156 sibi
1606 1108 1721 1154 nomen
1748 1086 1871 1151 vendicet

307 1195 394 1256 idem
422 1196 456 1256 in
480 1194 560 1256 libro
586 1194 690 1275 primo
718 1192 854 1255 edamus
879 1191 1073 1256 Subsidium:
1128 1193 1345 1256 Salomonis.»

312 1306 327 1345 u
341 1289 453 1361 Homo,
479 1286 605 1367 inquit¹,
625 1304 690 1347 non
709 1291 830 1366 poterat
844 1285 938 1347 totius
965 1283 1077 1346 mundi
1167 1288 1232 1348 Hoc
1258 1286 1362 1365 ipsum
1384 1282 1520 1344 loannes
1547 1275 1732 1355 intelligens,
1753 1271 1809 1334 duc
1827 1267 1871 1331 illa

306 1385 432 1460 peccata
464 1378 591 1454 tollere3
627 1377 701 1459 quia
734 1395 842 1439 omnes
868 1378 1012 1439 homines
1039 1394 1078 1439 ex
1128 1374 1319 1458 conjunxit⁸
1349 1394 1357 1436 ι
1386 1372 1431 1436 Et
1449 1372 1549 1449 ιοιίίι,
1568 1369 1644 1452 quic
1665 1365 1718 1429 ι’ίίο
1737 1365 1869 1445 opponet,

306 1467 417 1544 Adam,
433 1472 541 1528 etnon
555 1484 594 1528 cx
614 1467 691 1528 Deo.
706 1467 774 1527 Non
788 1466 861 1546 quia
887 1471 933 1527 est
954 1465 1076 1545 aliquis,
1127 1480 1162 1533 nt
1181 1477 1301 1554 percute
1314 1473 1413 1529 nostra
1440 1464 1564 1539 tolleret,
1593 1468 1621 1523 et
1641 1464 1788 1544 peccatum
1801 1455 1828 1516 iu
1847 1471 1872 1515 οο

307 1559 362 1640 qui
375 1576 440 1619 non
461 1564 539 1620 esta
557 1560 623 1620 Deo
649 1564 770 1621 creatus
797 1577 852 1636 per
874 1557 1008 1619 Filium:
1024 1557 1080 1620 sed
1128 1582 1187 1625 ucu
1209 1571 1262 1624 eat.
1298 1560 1345 1622 hd
1376 1576 1446 1640 quae
1471 1551 1703 1637 Augustinus'.
1739 1550 1801 1609 ιΙιι
1820 1563 1871 1627 quo
1992 1544 1993 1573 ³

308 1653 409 1713 omnis
435 1649 530 1712 homo
553 1650 669 1730 quique
685 1650 849 1732 progenies
876 1650 950 1713 Adae
970 1656 1025 1725 est,
1048 1655 1080 1712 et
1128 1674 1193 1717 non
1220 1661 1265 1717 est
1291 1656 1466 1734 peccatum,
1490 1648 1544 1727 ait,
1571 1647 1638 1729 ipse
1661 1641 1745 1707 venit
1769 1638 1872 1701 aulone

307 1762 373 1806 non
388 1743 557 1805 nativitatis
569 1744 700 1824 peccatis
714 1743 862 1823 suhjacet.
875 1743 938 1805 Nos
950 1741 1079 1805 enimin
1128 1753 1299 1830 pereanem.
1334 1745 1414 1805 Nam
1443 1742 1468 1802 si
1498 1742 1578 1802 esset
1606 1736 1692 1800 etin
1715 1734 1766 1796 illc
1786 1747 1875 1813 pccca-

307 1835 382 1912 ietn,
397 1840 428 1898 et
440 1835 730 1916 inexiguahacvita
743 1835 901 1898 constituti
915 1851 1078 1917 peccamus
1128 1845 1210 1919 tum,
1241 1834 1445 1900 auferendum
1465 1838 1546 1896 esset
1574 1829 1634 1906 illi,
1656 1845 1721 1891 non
1742 1824 1803 1906 ipsc
1824 1839 1873 1882 cu·

307 1927 469 2007 etlingua,
497 1933 528 1990 et
553 1928 685 1990 actibus.
708 1928 770 1996 Qui
790 1933 894 1989 autem
917 1933 1080 2008 peccatum
1128 1931 1233 1993 ferret.
1258 1952 1271 1990 ι

307 2037 372 2081 non
385 2019 470 2098 fecit,
485 2037 588 2100 neque
601 2020 710 2082 dolum
719 2019 830 2082 hahuit
838 2020 873 2081 in
885 2038 939 2081 ore
952 2038 1020 2095 sue,
1042 2024 1078 2080 ut
1168 2024 1212 2086 De
1225 2020 1362 2102 Angelis,
1383 2023 1536 2100 quaoenus
1547 2016 1698 2079 humane
1711 2008 1810 2074 saluts
1818 2005 1874 2069 ido·

307 2130 408 2192 neque
427 2130 531 2192 opere,
552 2130 653 2192 neque
674 2129 817 2175 sermone
839 2118 990 2192 peccaret,
1012 2111 1079 2192 ipsa
1128 2115 1182 2177 nei
1193 2114 1339 2183 vindices,
1351 2133 1386 2176 ac
1397 2112 1592 2191 fidejussores
1605 2126 1673 2172 esse
1686 2098 1873 2185 nequiverint,

302 2203 422 2282 justitia
449 2209 506 2265 cst.
535 2204 613 2277 Quia
640 2223 714 2284 ergo
728 2204 848 2284 justitie
866 2205 992 2285 propria
1012 2221 1078 2265 non
1128 2207 1315 2288 insignisest
1329 2204 1561 2287 Synesiilecus‚
1577 2199 1876 2283 micantemque

306 2295 440 2369 habebat
465 2301 598 2375 peccata,
616 2297 717 2376 potuit
736 2297 847 2358 mundi
865 2303 989 2377 peccata
1003 2315 1076 2377 por·
1128 2301 1179 2362 hic
1192 2300 1361 2374 reddimus,
1376 2314 1500 2361 causam
1513 2292 1738 2358 Ineamatienis
1749 2286 1875 2364 assignet,

307 2392 384 2449 tare.
407 2386 466 2461 oui
493 2392 622 2466 aegrotat
645 2388 740 2462 enim,
767 2388 865 2449 alium
889 2406 997 2450 sanare
1012 2406 1077 2449 non
1128 2391 1256 2473 perinde
1269 2390 1478 2453 adhominem
1490 2387 1710 2469 pertinentem.
1729 2381 1876 2453 ,Sinape-

307 2480 525 2561 potest3etqui
539 2479 671 2559 peccatis
684 2479 833 2558 suhjacet,
844 2480 1076 2560 elienupcrtarc
1129 2484 1189 2561 lus,
1210 2484 1322 2564 inquit,
1339 2487 1442 2565 posset
1455 2499 1550 2561 supra
1566 2478 1698 2559 triginta
1715 2483 1876 2537 anncscum

308 2571 420 2633 delicta
432 2589 498 2632 non
511 2576 623 2651 polest.
641 2573 703 2639 Qui
716 2578 823 2634 autem
841 2590 906 2635 non
926 2572 1076 2652 peccavit,
1127 2576 1308 2638 hominihus
1322 2573 1364 2636 ita
1379 2590 1579 2638 consuescere
1592 2570 1683 2632 nulla
1695 2573 1731 2630 ut
1744 2584 1781 2628 ex
1791 2566 1877 2626 mute-
1908 2566 1915 2573 '
1995 2598 1996 2609 ι

307 2663 478 2743 nequcscit
491 2668 667 2743 peceatum
684 2663 1077 2727 istesuarirtutealicrum
1128 2668 1176 2730 ria
1202 2667 1344 2747 contagio
1371 2667 1526 2728 malorum
1547 2664 1582 2725 in
1598 2680 1676 2725 eum
1699 2656 1876 2727 redundaret,

309 2755 450 2829 assumit,
466 2761 498 2818 et
510 2756 592 2817 tollit
602 2761 773 2837 peccatum.
789 2777 805 2815 ιι
819 2758 822 2763 ”
1129 2759 1203 2840 qnid
1225 2776 1346 2822 necesse
1360 2763 1406 2821 est
1419 2756 1605 2820 descendere
1612 2756 1669 2819 Dei
1683 2751 1791 2815 Filium
1801 2747 1816 2809 l
1828 2740 1878 2808 Sed

348 2849 427 2909 Vlil.
444 2846 630 2910 Athanasius
643 2848 677 2909 in
690 2847 771 2909 libro
791 2848 926 2909 seeundo
943 2845 1079 2909 αοίοοιοιιο
1128 2852 1321 2914 abundantia
1346 2851 1488 2932 quedam
1512 2848 1637 2911 virtutis
1664 2853 1720 2922 est,
1745 2844 1785 2906 sic
1810 2840 1879 2900 inter

309 2939 518 3020 Apollinarem
540 2940 574 3001 in
593 2945 679 3002 sextu
697 2939 807 3002 citatus
827 2940 947 3021 synode
961 2939 1075 3013 docuit,
1129 2945 1281 3007 deteriora
1301 2942 1428 3020 versari,
1452 2946 1488 3004 ut
1506 2942 1540 3003 in
1563 2945 1685 3002 nature
1704 2942 1783 3000 statu
1804 2929 1879 3013 quis·

313 3032 399 3117 anisi
414 3032 448 3092 in
461 3050 509 3109 ea,
524 3037 793 3112 quaepeccaverat,
804 3031 1076 3112 neturaimperca·
1128 3036 1211 3117 piam
1232 3036 1392 3110 consistat,
1413 3052 1471 3096 nec
1487 3033 1552 3095 ulle
1575 3033 1673 3095 modo
1693 3029 1732 3092 ab
1750 3025 1807 3089 illis
1824 3022 1879 3084 affl·

309 3123 411 3183 bilitas
424 3122 489 3184 risa
503 3128 593 3199 esset,
608 3123 815 3203 peccatumin
829 3142 923 3186 carne
936 3123 1079 3185 damnari
1128 3129 1328 3191 cieturhaus
1342 3125 1459 3190 estistu
1472 3126 1527 3188 Dei
1544 3145 1551 3188 :
1567 3123 1772 3188 hominircro
1785 3118 1878 3198 depre-
1997 3202 1998 3209 μ

309 3233 374 3275 non
394 3214 529 3295 potuisse
545 3234 553 3276 :
569 3232 642 3277 cum
655 3234 757 3297 neque
777 3234 847 3278 cero
870 3216 1078 3278 efficacitatem
1128 3221 1263 3283 eandum
1274 3219 1350 3282 illud
1365 3225 1421 3299 est,
1442 3225 1563 3282 nature
1576 3236 1644 3280 suoe
1658 3211 1880 3278 imbecillitatem
1997 3212 1998 3225 ¹

308 3306 535 3389 habeat,1reque
547 3307 724 3369 divivinitas
736 3313 898 3389 peccatum
908 3306 1075 3370 noveris.»
1128 3312 1342 3375 metuentia»

310 3399 444 3480 cyrillus
464 3418 587 3482 quoque
601 3400 632 3460 in
648 3399 727 3461 libro
741 3399 777 3462 de
790 3411 870 3462 recte
888 3398 948 3483 fide
958 3399 980 3479 ⁸,
997 3418 1079 3462 eam·
1168 3406 1227 3466 IX.
1243 3403 1304 3465 dlii
1327 3403 1541 3466 necessitatem
1560 3397 1784 3464 incarnationis
1799 3389 1881 3456 Verbi

237 3557 243 3569 ,
309 3491 383 3553 dem
404 3492 596 3554 inhumana
618 3498 730 3553 natura
753 3492 847 3555 fuisse
874 3492 1078 3556 ueccmariam
1130 3498 1183 3558 Dei
1196 3515 1235 3559 cx
1249 3515 1286 3559 eo
1301 3497 1464 3578 colligunt,
1485 3494 1569 3576 quod
1588 3512 1651 3557 nec
1671 3490 1814 3571 Angelus,
1832 3501 1882 3548 nee

147 3614 274 3715 llud*
309 3584 734 3756 detullerint}
755 3591 1079 3739 telesticide
1127 3587 1568 3743 lututtddltt
1582 3580 1882 3739 ίέιίὲόίθῗῗ

239 3701 246 3715 ·
559 3722 567 3738 .
1198 3701 1209 3742 ι
1289 3701 1296 3743 ι
1724 3722 1733 3753 ,

308 3770 393 3831 idem
403 3765 606 3845 conflrmat⁸3
623 3774 654 3829 et
672 3767 832 3829 Zacharias
847 3768 1042 3848 Mitylenaeus
1053 3767 1076 3830 ⁸.
1128 3699 1293 3854 όιίομιίοιιίθ
1313 3772 1480 3854 Spiritum,
1502 3790 1564 3852 quo
1581 3769 1737 3833 efficimur
1753 3767 1807 3830 filii
1825 3760 1881 3834 Dei,

309 3861 521 3924 Videndusest
533 3866 564 3922 ct
576 3860 703 3922 Procius
717 3860 857 3921 oratione
870 3860 902 3920 ιἰι
916 3859 956 3921 Β.
979 3859 1079 3942 Virpi·
1128 3871 1221 3945 atque
1242 3883 1281 3929 ex
1299 3882 1336 3926 eo
1349 3865 1468 3927 ducunt
1494 3865 1589 3926 etiam
1612 3866 1831 3945 argumentum
1850 3852 1883 3917 ad

309 3972 384 4029 uem,
409 3973 480 4036 quse
503 3959 549 4016 cst
566 3952 657 4014 initio
683 3952 846 4032 Ephesince
869 3952 1004 4033 synodi:
1024 3952 1078 4015 ubi
1129 3956 1239 4018 Christi
1262 3956 1457 4018 diuinitatem
1484 3955 1741 4036 approbandum
1763 3951 1816 4034 qni
1833 3949 1884 4010 hee

307 4047 406 4108 multa
419 4046 458 4109 de
470 4047 530 4108 hoc
552 4050 736 4126 argumento
754 4045 884 4106 diberit.
913 4043 1079 4125 Gregorius
1128 4045 1263 4107 adventu
1277 4063 1334 4107 suc
1346 4045 1590 4126 perlegeritquo
1604 4045 1693 4107 nulla
1704 4046 1803 4127 potest
1813 4053 1884 4101 erce·

307 4138 384 4200 item
409 4157 489 4219 popa
511 4137 551 4198 oh
579 4137 736 4223 eamdem·
749 4154 874 4213 causam
892 4135 1018 4198 liberari
1036 4135 1077 4198 ab
1130 4144 1202 4199 turn
1228 4137 1413 4218 pertingere.
1443 4138 1578 4219 «Neque
1605 4138 1694 4200 enim
1715 4135 1806 4199 ullius
1826 4132 1884 4193 eret

306 4230 434 4294 homine
457 4230 592 4311 potuisse
614 4229 776 4292 homiuem
790 4225 934 4306 negut⁸2
966 4229 1078 4292 uSine
1129 4229 1266 4309 alterius,
1288 4230 1449 4292 hominem
1474 4249 1546 4293 eum
1559 4229 1681 4310 Spiritu
1701 4232 1806 4293 sancto
1819 4239 1883 4288 ron-

304 4414 495 4493 ίξαγοράοαοθαι
507 4416 552 4486 την
571 4414 746 4490 όνθρωπότητα
759 4413 803 4469 οὖν
815 4412 913 4489 ίοχοιν.
928 4412 1014 4489 ἠπόρει
1027 4415 1074 4489 γὰρ
1124 4415 1203 4473 τίαέν
1218 4420 1249 4492 τῇ
1263 4417 1344 4491 σαρκί,
1360 4418 1421 4491 μήτε
1439 4422 1482 4487 τῆς
1496 4416 1584 4491 οαριιός
1596 4416 1626 4473 τό
1639 4417 1772 4491 πρακτικόν
1782 4412 1883 4490 troicus

303 4502 415 4556 τοιούτου
429 4500 528 4574 λίτρον.
549 4498 636 4554 λοιπόν
656 4493 698 4553 οὖν
717 4498 732 4552 ό
756 4495 925 4571 ἀναμάρτητος
949 4498 1003 4561 erc<
1015 4497 1076 4571 θπόρ
1126 4500 1187 4573 μήτε
1199 4505 1243 4569 τῆς
1256 4501 1369 4570 θεότητος
1377 4500 1499 4574 ἁμαρτίαν
1506 4500 1689 4574 γινωοποόοηςη

303 4589 354 4638 τῶν
371 4582 548 4656 ἡμαρτηκότων
569 4581 700 4637 ἀποθανεῖν
725 4579 839 4654 ὤφειλον.
861 4581 922 4650 αθτη
943 4580 991 4654 γὰρ
1011 4580 1075 4635 lut·
1160 4585 1260 4641 estu.
1275 4599 1320 4656 ep.
1340 4599 1406 4641 nvn.
1426 4584 1474 4638 Καί
1488 4581 1510 4639 τί
1526 4584 1629 4639 δυνατόν
1648 4582 1680 4654 ἦν
1701 4583 1810 4659 ’Antip
1821 4578 1884 4635 alric

303 4683 363 4721 πιτο
378 4667 440 4738 μόνη
455 4669 499 4720 'eod
508 4658 585 4719 ιιαιιοῦ
598 4663 614 4732 ἡ
629 4665 708 4728 λίοις.
1124 4668 1139 4736 ἦ
1155 4668 1285 4739 τριάκοντα
1298 4664 1422 4730 όνιαοτοθς
1435 4667 1688 4740 οιινανθροιιιιίοαντι,
1699 4668 1773 4741 μηθίν
1787 4665 1886 4722 ἀπολαῦ-

338 4764 360 4805 a
378 4749 477 4805 Euesa.
493 4747 542 4806 vll
555 4747 592 4804 de
604 4751 687 4804 Dem.
702 4763 762 4819 cup.
774 4762 804 4802 ιι.
818 4745 866 4799 Καί
880 4744 960 4815 ἐπειδὴ
970 4745 1011 4801 διὰ
1024 4752 1075 4802 τῶν
1124 4768 1166 4805 σοι
1180 4755 1230 4804 τῶν
1252 4755 1296 4819 τῆς
1310 4750 1370 4820 θλης
1390 4757 1472 4806 πονῶν
1492 4749 1526 4813 τίς
1542 4752 1721 4824 προαπόθιιοιν,
1736 4751 1761 4806 τί
1774 4752 1885 4804 urm

302 4835 347 4901 τῆς
357 4831 447 4903 σαρκός
460 4830 644 4904 ἁμαρτημάτων
660 4831 737 4885 πάλαι
750 4831 868 4902 πρότερον
882 4828 898 4899 ίη
912 4835 1007 4894 πτῶσις
1024 4828 1075 4902 tp·
1125 4833 1196 4902 θῆναι
1209 4834 1252 4888 τὸν
1268 4833 1321 4888 υἱόν
1332 4838 1377 4889 τοῦ
1390 4833 1461 4902 θιοθς
1474 4832 1531 4888 ἀλλ’
1551 4833 1604 4890 ίοτι
1616 4834 1748 4907 πιριονοία
1760 4832 1884 4904 δυνάμεως,

303 4934 358 4970 νενο
371 4916 445 4970 πᾶσιν
466 4912 611 4986 ἀνθρώποις,
634 4911 733 4977 εἰκότως
747 4913 820 4967 πάλιν
839 4912 871 4967 δι’
891 4911 1074 4986 ιίναμαρτότον,
1124 4916 1260 4990 όμιλοῦντοι
1270 4919 1322 4979 τοῖς
1332 4916 1429 4990 χιίροοι
1439 4918 1519 4991 μόνοιν
1529 4915 1568 4973 su
1578 4921 1622 4986 τῆς
1641 4917 1737 4990 ρθσιως
1749 4917 1790 4971 καί
1803 4912 1886 4988 pulit!

302 4998 344 5053 καί
366 4999 446 5067 πόσης
466 4995 589 5070 ἂχρόντοο
612 4996 699 5060 κακίας
716 4996 748 5052 τὰ
766 4993 829 5050 κατὰ
842 5000 891 5051 τῶν
906 4993 1000 5070 ἐχθρῶν
1015 4995 1075 5065 ἄνη·
1124 5002 1215 5072 τρόπον
1226 4999 1679 5074 παθιίινεοθαι.τοῦτοθεοΰμίνθμνος
1690 4996 1885 5071 ίοτίνόνθριίηι

302 5082 399 5156 ητίριτο
414 5081 528 5153 τρόπαια.
1125 5082 1152 5137 δὲ
1179 5082 1325 5157 παραίτησις
1357 5083 1452 5157 γίνεται
1488 5084 1689 5157 διινλαόονμίνιμ
1723 5086 1767 5151 τῆς
1801 5080 1886 5152 W

339 5165 356 5221 b
374 5164 479 5220 Ατιιιιι.
494 5168 550 5219 act.
562 5177 687 5235 urnsyn.
699 5179 737 5220 νι.
753 5161 783 5218 El
794 5161 820 5218 tl
833 5162 866 5237 pi
880 5159 904 5217 lu
919 5166 950 5237 τῇ
965 5161 1076 5235 &pape-a·
1126 5160 1202 5221 ὠτοῖι
1215 5165 1260 5236 την
1270 5165 1404 5223 maran.

303 5248 366 5321 τόση
380 5247 448 5320 pinu
461 5245 477 5316 ίη
488 5244 657 5320 όναμαριησία
667 5245 746 5319 ὤφθη,
758 5250 812 5312 πῶς
824 5247 953 5320 κατεκρίθη
966 5246 983 5323 ί]
997 5245 1077 5320 ἆμαρ·

330 5391 341 5435 ί
356 5389 416 5436 fleur.
427 5402 448 5439 ι.
459 5391 543 5435 124
556 5391 609 5436 Eua.
619 5391 635 5436 l.
648 5391 656 5435 1
671 5394 729 5435 coru.
742 5388 842 5439 sau-c
855 5391 906 5446 Cap.
920 5401 947 5442 n,
956 5396 1009 5435 ιοιιι.
1024 5388 1049 5440 v,
1061 5398 1109 5444 par.
1119 5386 1199 5433 ll.-t
1211 5348 1884 5445 canuc.ur‚up.rpcncc.um.11reucn'rur.-

305 5452 320 5496 t
332 5452 395 5509 crea.
409 5453 532 5500 minor.
544 5465 564 5499 ο.
572 5464 625 5500 u·
635 5454 647 5499 '1
663 5453 726 5499 llom.
737 5463 804 5499 nrm
815 5454 842 5499 u
853 5454 945 5501 aaut·
957 5452 972 5497 8
984 5452 994 5498 l
1004 5453 1067 5498 Ιοοιι.
1078 5459 1111 5503 ιιι,
1124 5449 1198 5497 bet
1211 5448 1283 5499 tract.
1295 5462 1317 5495 ιι
1332 5450 1356 5496 in
1367 5463 1402 5510 cp.
1416 5452 1481 5500 Ιοονι.
