4078 6168
649 348 854 411 PRAEFATIO
875 347 930 410 Ao
950 348 1172 413 LECTOREM.
1647 360 1705 420 153

133 555 188 627 pro
201 534 299 606 nobis
310 544 383 609 oret
396 534 559 605 Christus.
575 532 774 623 Disputatur
794 538 826 601 et
845 529 887 601 de
939 532 1144 622 principium
1176 532 1219 603 ab
1249 535 1322 626 ejus
1350 537 1526 608 sanctitate
1555 539 1703 628 capitur;

132 657 253 729 meritis
284 656 408 728 Christi
442 681 450 727 ε
481 665 514 728 et
545 664 660 726 utrum
683 653 889 744 Angelorum
940 672 1042 743 quam
1071 653 1113 724 ab
1145 656 1241 726 omni
1272 655 1370 748 culpa
1406 668 1571 730 secretam
1603 657 1706 733 luisse

133 778 275 851 Salvator
292 781 346 850 sit.
362 779 410 851 De
434 777 623 850 sacerdotio
643 797 779 868 quoque
802 776 890 867 ejus·
940 774 1123 864 probatur3
1153 779 1301 868 primum
1323 782 1450 852 actuali
1458 806 1472 863 ;
1489 779 1613 853 deinde
1640 785 1707 853 ori·

132 901 213 983 dem,
235 910 270 971 at
291 902 336 973 de
355 900 522 972 sacrificio
550 920 642 972 novae
667 899 767 989 legis3
790 918 828 970 ac
849 898 890 969 de
940 897 1129 983 cinctino
1161 898 1231 971 haec
1263 902 1433 990 virginalis
1455 902 1608 993 ejusdem
1627 903 1709 976 inte·

132 1024 214 1115 regia
226 1023 352 1095 Christi
372 1033 549 1115 potestate,
572 1043 611 1094 ac
628 1021 819 1114 judiciaria.
838 1020 891 1092 Ad
942 1019 1044 1106 gricas
1062 1032 1227 1113 perpetua
1246 1022 1438 1095 detenditur
1466 1024 1508 1095 ab
1539 1023 1709 1098 haeretico

132 1145 192 1216 hec
209 1146 252 1218 de
271 1147 393 1238 capitis
411 1146 573 1238 dignitate
603 1170 611 1216 :
645 1144 755 1236 deque
775 1163 894 1234 perpe·
942 1160 1018 1212 rum
1041 1151 1074 1213 et
1093 1153 1256 1229 veterum,
1281 1154 1314 1217 et
1335 1147 1523 1219 recentium
1542 1147 1708 1219 obtrecta-

133 1269 239 1339 tnitate
271 1269 534 1351 lucarnatiouis,
569 1277 603 1339 et
625 1267 719 1358 regni
742 1265 888 1348 Christi,
942 1263 1044 1335 tione.
1065 1265 1148 1336 Tum
1164 1265 1206 1338 de
1221 1268 1313 1338 cultu
1332 1269 1406 1359 ejus
1421 1268 1595 1340 ethonore
1609 1269 1708 1342 latius

132 1389 182 1461 ubi
194 1402 227 1462 et
240 1390 284 1463 de
306 1391 420 1463 triduo
435 1390 615 1484 sepulture
625 1389 810 1460 bominica
824 1388 891 1459 dis·
942 1386 1061 1474 agitur.
1097 1389 1216 1460 Postea
1257 1390 1299 1461 de
1332 1392 1533 1462 Sanctorum
1565 1392 1708 1463 aliorum

133 1513 256 1584 seritm.
942 1510 1161 1583 veneratione
1184 1536 1192 1583 :
1213 1533 1252 1583 ac
1271 1513 1491 1603 reliquiarum
1511 1502 1709 1586 eorumdem

175 1647 333 1717 Decimus
353 1645 471 1718 terpus
498 1645 597 1728 piper,
623 1644 747 1716 christi
768 1642 893 1714 Media.
942 1635 1169 1706 veneratione.
1203 1635 1301 1722 Quod
1331 1637 1521 1706 institutum
1554 1635 1710 1708 Ecclesiae

133 1768 205 1840 toris
232 1768 386 1840 cilicium
414 1769 448 1839 iu
472 1767 627 1840 homines
645 1766 890 1860 complectitur.
943 1752 1113 1828 catholicae
1140 1758 1183 1829 ab
1207 1756 1442 1830 baereticorum
1471 1759 1651 1842 calumnia,
1678 1769 1711 1832 et

133 1890 176 1962 Er
204 1911 271 1981 quo
304 1891 390 1962 illud
411 1899 659 1982 consequenter
679 1888 889 1972 enucleatur,
943 1880 1118 1952 uexatione
1131 1879 1339 1965 vindicatur;
1358 1881 1543 1972 praesertim
1565 1882 1708 1953 Molinaei

132 2024 235 2086 utrum
254 2024 287 2087 et
307 2016 402 2087 Deus
420 2034 537 2086 omnes
552 2033 625 2085 esse
645 2012 764 2095 salvos,
787 2032 893 2102 quan·
943 2001 1101 2072 ministri.

133 2139 242 2208 tamin
260 2158 297 2209 se
320 2148 385 2221 est,
408 2137 507 2208 velit:
524 2145 557 2208 et
570 2135 723 2208 Christus
743 2155 806 2226 pro
826 2155 894 2206 om·
992 2132 1302 2217 Quintusdecimus
1333 2135 1421 2205 liber
1452 2136 1495 2206 de
1527 2135 1706 2227 religione,

132 2259 220 2330 nibus
238 2259 395 2351 patiendi
428 2259 651 2340 uoluntatem,
678 2267 712 2329 et
738 2258 895 2331 intentio·
943 2251 1053 2345 deque
1081 2256 1154 2346 ejus
1187 2259 1320 2330 actione
1355 2258 1424 2342 illa,
1456 2278 1530 2349 quae
1560 2260 1710 2330 odoratio

133 2402 200 2453 uem
229 2382 403 2454 habuerit.
444 2383 493 2452 De
530 2402 598 2474 qua
638 2401 674 2452 re
714 2381 892 2471 Augustini
943 2389 1179 2469 nuncupatur,
1214 2400 1406 2452 sermonem
1451 2381 1610 2452 continet.
1644 2382 1710 2453 Ubi

132 2507 307 2594 prasertim
323 2504 493 2577 sententia
511 2504 700 2575 luculenter
714 2503 894 2594 exponitur
942 2498 1022 2570 illud
1062 2500 1279 2592 explanatur,
1321 2525 1363 2574 an
1405 2513 1570 2595 quatenus
1607 2503 1709 2575 homo

131 2625 280 2700 aduersus
296 2647 465 2699 novorum
478 2626 754 2719 dogmatistarum
765 2627 894 2716 opinio·
941 2621 1094 2695 Christus
1105 2624 1298 2697 adorandus
1307 2627 1362 2709 sit,
1377 2635 1411 2697 et
1423 2624 1561 2716 quidem
1575 2645 1707 2697 summo

131 2770 296 2833 nemaeo
316 2770 386 2821 non
406 2749 577 2840 Prosperi,
604 2757 637 2820 et
659 2749 803 2820 aliorum
824 2749 891 2819 Au·
941 2747 1144 2819 odorationis
1169 2767 1305 2839 genere,
1329 2768 1401 2839 quae
1427 2749 1536 2819 tetrice
1557 2757 1706 2819 vocatur.

130 2873 240 2963 gustini
261 2873 400 2964 placitis
428 2871 614 2942 affixorum.
638 2872 837 2961 Disputatur
859 2878 893 2941 et
942 2867 1047 2961 Cujus
1070 2869 1119 2939 rei
1149 2871 1326 2942 occasione
1342 2869 1385 2942 de
1404 2871 1593 2941 idololotria
1607 2869 1709 2942 disse

20 3042 22 3047 ·
130 2994 167 3065 de
188 2996 310 3068 eodem
344 2994 574 3087 spectantibus
602 2992 696 3079 aliis3
726 2992 816 3064 velut
849 2993 891 3064 de
943 2992 1041 3075 nitur,
1059 2991 1340 3084 dequeDccclopi
1358 3001 1537 3084 praecepto,
1556 2991 1709 3083 quoido

130 3116 310 3190 Arelatensi
344 3116 472 3211 syuodo
503 3117 538 3188 iu
563 3136 664 3188 causa
691 3115 809 3187 Lucidi
825 3139 833 3185 :
849 3114 892 3185 de
942 3114 1074 3185 lolatria
1097 3092 1315 3206 prohibetur]
1329 3117 1406 3186 Post
1425 3114 1494 3186 haec
1522 3115 1564 3185 de
1592 3134 1705 3197 cruce,

131 3238 243 3312 Fausto
259 3240 401 3312 Reiensi
422 3239 489 3310 :de
504 3239 719 3330 Lugdunensi
740 3237 892 3331 synodo:
943 3246 977 3309 et
1004 3239 1206 3329 imaginibus
1228 3258 1412 3329 earumque
1443 3237 1533 3309 cultu
1566 3236 1710 3309 celebris

132 3383 271 3435 necnon
295 3363 338 3433 de
365 3362 544 3433 Gallicanae
564 3360 720 3433 Ecclesia
746 3358 894 3451 procella
944 3361 1174 3432 controversia
1200 3370 1436 3451 pertractatur,
1467 3380 1506 3430 ac
1526 3361 1710 3450 presertim

132 3505 166 3556 er
178 3485 390 3557 Gotbescalci
402 3484 619 3555 damnatione
630 3492 765 3569 coorta3
783 3483 893 3575 deque
944 3482 987 3554 de
1007 3483 1217 3554 oecumenica
1235 3484 1378 3573 septima
1396 3482 1536 3574 synodo,
1554 3490 1588 3553 et
1606 3482 1711 3553 Fran·

133 3610 289 3699 oppositis
313 3608 404 3679 iuter
425 3627 462 3678 se
481 3605 633 3698 synodis,
654 3605 890 3691 Carisiaceusi,
945 3604 1149 3677 coiordiensi
1165 3626 1209 3675 :a
1229 3625 1296 3696 qua
1323 3606 1464 3677 minime
1492 3604 1580 3676 illam
1595 3625 1713 3678 reuera

131 3728 315 3813 valentina,
330 3727 894 3801 etcaeteris.Praedestinatianorum
945 3748 1019 3811 esse
1037 3727 1230 3799 damnatam
1245 3727 1445 3800 ostenditur.

133 3851 248 3924 ibidem
277 3852 417 3924 haeresis
446 3851 624 3941 exponitur
633 3875 642 3936 ;
671 3861 704 3921 et
728 3859 894 3941 quatenus
995 3859 1292 3941 Sextus-decimus,
1324 3879 1362 3930 ao
1388 3866 1578 3949 postremus
1611 3857 1713 3929 totius

133 3972 296 4083 interum
316 3986 438 4046 natura
452 3974 588 4044 exstitit.
601 3972 796 4044 Secundum
807 3972 894 4044 hanc
946 3985 1059 4075 operis
1082 3983 1170 4054 liber
1188 3991 1299 4054 sectas
1323 3980 1407 4051 duas
1427 3980 1515 4051 inter
1540 4000 1577 4051 se
1596 3978 1713 4052 affines

134 4116 215 4181 reso,
236 4098 419 4189 Augustini
438 4096 480 4167 de
508 4095 661 4166 absoluta
681 4095 896 4166 Praedestiua·
947 4116 981 4178 et
1008 4115 1165 4197 cognatas
1197 4104 1339 4176 refellit:
1367 4123 1440 4195 quae
1469 4103 1714 4174 lucarnationis

135 4221 217 4293 bone
234 4222 407 4292 sententia
443 4239 482 4290 ex
510 4227 623 4290 mente
650 4217 895 4309 discipulorum
947 4228 1049 4299 fidem
1077 4237 1288 4319 oppugnant3
1319 4227 1424 4298 altera
1449 4234 1499 4297 est
1529 4226 1716 4296 Sam0sa10.

135 4340 215 4414 illius
234 4344 435 4434 explicatur,
458 4351 492 4412 et
521 4340 559 4411 fit
576 4340 750 4423 illustrior,
786 4360 825 4411 ac
853 4340 896 4412 de
948 4372 1090 4433 norum,
1123 4350 1174 4421 vel
1200 4349 1479 4420 photinianorum
1498 4347 1714 4419 recentium:
1817 4388 1823 4403 .

136 4467 369 4557 reprobatione
411 4483 547 4555 quoque
579 4463 670 4533 illius
706 4462 898 4534 declaratur
948 4475 1006 4566 qui
1025 4481 1104 4544 suut
1122 4468 1533 4561 AnabaptistaeSociuiani
1550 4489 1716 4561 :quorum

137 4588 254 4677 opinio.
284 4588 457 4658 Postremo
481 4585 523 4656 de
542 4585 666 4657 Christi
696 4585 736 4655 ad
771 4584 898 4658 inieros
949 4596 1110 4667 aduersus
1141 4593 1265 4665 Christi
1294 4593 1355 4664 Dei
1389 4600 1422 4663 et
1454 4591 1601 4663 hominis
1620 4594 1711 4677 veri,

137 4707 307 4794 descensu,
349 4718 383 4780 et
414 4707 610 4779 mediatoris
645 4710 792 4799 praestito
830 4709 898 4782 illic
948 4701 1092 4791 hoc'est
1119 4726 1316 4787 naturarum
1343 4715 1487 4786 duarum
1522 4715 1557 4785 iu
1596 4692 1715 4787 eadem

138 4829 411 4904 ⁰ffi⁰l⁰²⁰⁰⁰s³lfl
431 4831 635 4922 disputatur·
949 4862 1094 4935 persona
1122 4838 1384 4930 professionem,
1414 4836 1640 4909 cavillationes
1669 4837 1716 4908 di-

181 4971 218 5043 ln
241 4973 375 5043 decimo
395 4978 516 5062 quarto
534 4970 622 5041 libro
641 4970 684 5042 de
709 4970 900 5043 Mediatori-
949 4966 1111 5036 luuntur:
1127 4961 1232 5034 altera
1249 4970 1299 5033 est
1317 4960 1459 5032 ludaica
1479 4984 1487 5030 :
1509 4981 1583 5051 quae
1603 4962 1716 5032 certis

141 5092 197 5163 bus
225 5093 437 5168 secundariis
458 5101 569 5162 actum
588 5101 639 5163 est
671 5115 679 5161 :
709 5093 898 5185 cujusmodi
950 5089 1044 5160 simis
1071 5084 1258 5156 rationibus
1285 5083 1489 5164 confutatur,
1511 5082 1592 5152 dum
1621 5081 1717 5154 adue

142 5215 297 5306 imprimis
312 5225 364 5288 est
389 5215 489 5286 beata
513 5214 620 5286 Maria
641 5215 701 5286 Dei
726 5218 870 5306 genitrix
889 5244 897 5291 :
949 5211 1039 5281 nisse
1050 5208 1121 5300 jam
1132 5206 1284 5290 Messias,
1294 5207 1390 5297 isque
1405 5225 1477 5277 esse
1491 5204 1714 5275 lesushlariae

145 5344 207 5409 tum
241 5339 347 5410 sancti
378 5337 516 5408 coelites.
555 5338 604 5407 ue
640 5335 753 5410 blariae
784 5340 897 5433 itaque
947 5332 1084 5424 uirginis
1102 5329 1191 5400 iilius
1210 5328 1470 5399 demonstratur.

144 5461 350 5543 mediatione,
377 5468 411 5530 et
441 5460 681 5532 intercessione
704 5460 897 5552 disputandi
997 5463 1048 5534 Ad
1067 5463 1128 5531 hos
1156 5458 1304 5530 sedecim
1323 5458 1440 5538 libros,
1472 5456 1528 5546 qui
1553 5464 1713 5544 quartum
