4136 6178
300 259 340 318 28
793 260 1134 323 -Tiinotoolcouull
1156 260 1373 325 abablius

298 442 362 505 quo
377 423 505 486 morbus
517 425 584 505 ipse
607 426 751 506 proxime
763 426 939 508 depellitur.
957 427 1009 489 Sic
1028 427 1068 487 ad
1118 429 1218 507 gratia
1230 426 1449 488 misericordia
1465 425 1532 502 Dei,
1547 445 1563 483 a
1580 428 1638 486 etc.
1653 421 1692 484 m
1710 421 1746 482 in
1757 420 1839 481 libro
1852 420 1890 481 de

298 518 476 578 animorum
489 518 680 580 sanationem
700 519 815 600 duplex
829 539 847 580 a
860 520 927 580 Deo
948 519 1070 581 medela
1117 519 1279 601 spiritual
1307 518 1416 592 littero,
1446 517 1545 597 capite
1572 532 1671 577 xxxiv.
1697 514 1886 590 aVisorum,

299 614 478 688 comparata
500 615 567 671 cst:
584 628 649 672 una
666 611 769 686 rudis,
784 618 815 672 et
830 612 984 689 inchoata,
999 630 1069 690 quae
1118 611 1231 691 inquit,
1250 609 1445 672 suasionibus
1466 608 1531 688 agit
1549 609 1630 669 Deus
1643 612 1679 668 ut
1689 605 1832 679 velimus,
1858 609 1890 665 et

299 700 441 762 nondum
454 702 572 780 peccati
584 702 689 764 labem
700 702 876 779 abstergere
891 704 1001 784 potest,
1017 702 1071 763 sed
1118 709 1154 764 ut
1167 703 1338 774 credamus,
1354 701 1419 763 sive
1440 700 1630 763 extrinsecus
1652 715 1709 779 per
1728 695 1888 774 Evangeli-

299 796 371 852 ante
385 798 549 872 preparat,
563 799 595 855 et
618 794 780 856 obstinata
803 795 916 855 mentis
934 795 1070 874 rigorem
1119 794 1426 868 casexhortationes3
1446 793 1502 854 ubi
1515 797 1547 853 et
1567 791 1714 853 mandata
1735 788 1812 868 legis
1832 787 1888 848 ali·

299 883 477 962 pramollit,
491 902 527 945 ac
539 885 623 946 viam
649 885 830 966 aditumque
849 886 922 949 iacit
941 887 980 946 ad
993 886 1072 947 inse·
1119 886 1195 967 quid
1216 891 1326 967 agunt,
1339 885 1367 946 si
1392 884 1433 945 ad
1456 885 1516 945 hoc
1538 883 1709 944 admonent
1728 880 1890 941 hominem

300 980 448 1053 quentem
474 976 618 1053 gratiam.
649 978 736 1039 Hanc
759 978 893 1059 primam
928 976 1071 1039 cadalum
1119 978 1307 1040 infirmitatis
1322 995 1398 1054 sure,
1413 982 1449 1038 ut
1462 976 1502 1038 ad
1522 975 1654 1054 gratiam
1670 972 1889 1053 justificantem

305 1067 435 1145 Prosper
445 1067 588 1128 nominat
600 1069 643 1129 ita
653 1067 810 1131 scribeus¹
829 1089 836 1130 :
853 1090 865 1127 r
882 1072 976 1130 Amat
996 1087 1070 1149 ergo
1119 1071 1273 1133 credendo
1302 1068 1459 1147 confugiat
1489 1088 1497 1127 r
1523 1067 1586 1128 sire
1607 1065 1811 1139 intrinsecus,
1833 1062 1889 1124 ubi

302 1158 468 1237 languores
490 1177 573 1234 suos,
589 1165 620 1221 et
633 1174 690 1240 pro
712 1162 844 1223 sanitate
866 1161 972 1223 babet.
987 1162 1072 1240 qaod
1119 1181 1213 1226 nemo
1237 1162 1331 1224 habet
1352 1162 1386 1223 in
1399 1165 1561 1241 potestate,
1580 1157 1656 1238 quid
1685 1158 1714 1218 ei
1740 1156 1890 1218 veniatin

300 1255 451 1328 egrotare
463 1269 495 1313 se
508 1251 615 1329 nescit,
638 1252 737 1314 donec
754 1253 856 1333 prima
869 1254 937 1315 haec
951 1254 1072 1315 medela
1120 1250 1580 1331 mentem-:sedconsentirevel
1586 1248 1746 1310 dissentire
1756 1248 1890 1328 proprias

300 1341 477 1403 conteratur
509 1348 636 1421 egroto,
666 1350 702 1406 ut
721 1345 849 1426 incipiat
870 1363 961 1406 nosse
987 1346 1072 1425 quod
1119 1346 1287 1409 voluntatis
1301 1350 1358 1408 est.
1373 1366 1389 1405 s
1406 1343 1550 1424 agahae
1569 1342 1656 1403 dere
1670 1339 1811 1420 pluribus
1826 1339 1892 1400 Tri·

300 1434 457 1513 langueat,
473 1439 504 1495 et
517 1435 614 1514 possit
628 1453 719 1516 opem
747 1436 859 1498 medici
885 1436 1069 1513 desiderare,
1120 1440 1284 1501 dentinum
1312 1437 1478 1514 concilium
1498 1436 1533 1496 ia
1559 1438 1646 1496 sexta
1657 1429 1822 1509 sessione⁸,
1836 1429 1891 1491 ubi

300 1543 363 1605 qua
384 1532 532 1605 surgat.»
559 1527 664 1589 Altera
690 1533 737 1589 est
758 1529 924 1605 medicina,
951 1546 1013 1609 qua
1040 1536 1071 1592 et
1119 1533 1158 1594 de
1167 1531 1400 1611 justificatione,
1414 1529 1446 1589 id
1470 1532 1516 1590 est
1535 1525 1751 1607 progressione
1768 1524 1810 1586 ad
1826 1523 1891 1602 jus·

301 1622 460 1696 peceatum
473 1619 682 1698 propulsatur,
698 1628 729 1680 et
742 1620 862 1699 J'ustitia
885 1621 1067 1692 restituitur,
1118 1626 1230 1701 titiam,
1245 1630 1277 1685 ct
1290 1621 1483 1684 sanctitatem
1500 1620 1632 1681 disserit.

302 1709 422 1770 Harum
445 1709 540 1788 prior,
556 1712 657 1792 qratia
667 1711 862 1793 praeveniens,
884 1718 916 1774 et
941 1714 1072 1776 excitans
1159 1717 1214 1779 IX.
1232 1715 1338 1778 Inbac
1352 1714 1449 1794 igitur
1462 1711 1624 1774 affcctione
1640 1708 1738 1770 animi
1749 1726 1785 1769 ac
1798 1711 1890 1782 stabi,

300 1800 394 1879 vrdga
409 1801 541 1863 dicltur:
555 1804 717 1883 posterior,
746 1804 847 1884 pratris
870 1805 1068 1887 sanctificans,
1120 1827 1183 1889 quo
1200 1808 1341 1869 nondum
1357 1805 1490 1887 perfecte
1509 1802 1663 1882 justitiam
1690 1806 1736 1862 est
1761 1800 1891 1879 adeptus

301 1891 522 1973 etjastiyicuas,
538 1893 764 1956 circumibam
782 1897 1070 1979 qratioejosttfican·
1119 1901 1225 1979 bomo,
1240 1899 1340 1960 haeret
1363 1898 1464 1959 adhue
1492 1896 1526 1956 in
1548 1898 1685 1975 peccato,
1701 1910 1737 1955 ac
1762 1891 1891 1952 damna·

301 1984 350 2055 tis,
367 2003 429 2064 quo
443 1987 610 2066 peccatoris
628 1986 751 2048 animam
764 1988 803 2049 ad
823 1990 925 2050 Deum
943 1991 1071 2051 omnino
1118 1994 1214 2065 tione,
1240 1991 1374 2053 necdum
1397 1989 1489 2070 pleae
1512 2004 1585 2049 eum
1611 1987 1674 2047 Deo
1695 1985 1729 2044 in
1760 1982 1893 2062 gratiam

302 2078 502 2154 convertitur,
532 2084 565 2140 et
584 2098 622 2142 ex
647 2086 806 2160 peccatore
839 2081 876 2142 tit
902 2082 1006 2161 justus
1040 2089 1072 2145 et
1120 2085 1235 2147 rediit:
1257 2083 1311 2144 sed
1325 2083 1365 2143 ad
1388 2099 1459 2143 eam
1482 2079 1633 2160 parrlatim
1655 2076 1827 2148 adducitur,
1856 2093 1893 2136 ac

302 2172 436 2227 sanctus.
797 2218 800 2222 s
1121 2176 1305 2257 disponitur.
1321 2175 1419 2248 Nemo
1441 2179 1547 2234 tamen
1560 2171 1655 2231 istum
1666 2171 1782 2249 ipsum,
1799 2184 1893 2246 quem

343 2257 429 2318 VIII.
445 2260 734 2342 Jaminsuperiora
751 2279 917 2341 corporum
940 2263 1070 2337 medela,
1121 2270 1207 2347 diri,
1236 2266 1452 2339 damnationis,
1480 2269 1512 2325 et
1533 2262 1703 2324 inimicitie
1731 2277 1804 2322 cum
1826 2260 1892 2320 Deo

303 2348 511 2427 qainondam
524 2371 543 2412 a
557 2353 667 2413 morbo
680 2353 828 2414 liberatam
841 2359 901 2423 est,
921 2361 953 2415 et
967 2354 1074 2435 inpri-
1120 2366 1247 2434 statum,
1262 2358 1440 2439 primordiis
1459 2356 1521 2417 illis
1542 2351 1723 2426 sanationis,
1738 2357 1769 2414 et
1783 2350 1893 2431 justifi-

303 2441 621 2506 misversaturadhuc
635 2445 802 2507 curationis
813 2446 920 2522 initiis,
932 2447 1072 2508 nondum
1121 2453 1252 2516 cationis
1265 2452 1432 2530 imputare,
1458 2448 1519 2509 nisi
1541 2446 1667 2522 stolide,
1682 2463 1719 2505 ac
1745 2443 1892 2522 sacrilege

302 2533 354 2595 ille
368 2534 496 2614 quidem
508 2554 600 2597 sanus
614 2542 670 2611 est,
687 2538 741 2598 sed
759 2556 824 2598 non
837 2538 897 2599 boc
907 2538 975 2618 ipso
993 2539 1073 2600 male
1121 2551 1232 2625 potest.
1249 2542 1408 2623 Siquidem
1434 2544 1541 2602 ccntm
1555 2542 1679 2617 peccata
1697 2535 1815 2597 iaciunt
1839 2535 1893 2596 illa

303 2644 373 2687 cum
401 2646 437 2689 eo
462 2628 576 2708 agitur,
597 2630 682 2709 quod
709 2630 823 2704 curari,
852 2649 887 2691 ae
909 2630 1072 2694 sanitatem
1122 2637 1207 2717 quod
1220 2639 1367 2717 possunt;
1380 2652 1418 2696 ac
1436 2650 1494 2713 pro
1512 2630 1640 2693 modulo
1655 2647 1710 2690 suo
1724 2629 1846 2704 fractos,
1862 2632 1894 2688 et

301 2736 481 2800 stillim
492 2720 612 2802 issssiilib
628 2724 684 2783 01⁸1
699 2722 840 2783 nondum
861 2722 927 2801 ejus
947 2741 1072 2804 compos
1121 2729 1270 2809 collapsos
1278 2725 1404 2806 erigunt
1415 2724 1453 2786 ad
1465 2724 1546 2786 bene
1559 2723 1598 2784 de
1612 2724 1675 2783 Deo
1689 2720 1890 2801 sperandum,

300 2816 347 2872 est
358 2811 457 2874 batim
473 2833 480 2874 :
495 2831 552 2875 nec
566 2815 667 2892 prima
680 2814 733 2875 illa
745 2819 949 2891 tentamenta,
964 2821 995 2875 et
1008 2833 1072 2876 me·
1121 2821 1248 2900 ejusque
1261 2825 1331 2880 tum
1344 2816 1582 2896 implorandam,
1601 2820 1670 2875 tum
1683 2831 1757 2875 vero
1772 2830 1892 2893 prome-

300 2902 395 2965 dendi
408 2905 569 2985 principia,
586 2905 688 2968 morbi
702 2906 890 2968 accessiones
912 2925 988 2981 esse,
999 2908 1072 2986 jure
1119 2913 1251 2975 rendam
1264 2911 1442 2972 uberiorem
1465 2925 1575 2987 opem,
1591 2913 1623 2968 et
1643 2906 1786 2986 gratiam.
1802 2904 1891 2980 Quod

300 2995 410 3076 aliquis
442 2997 554 3059 dixerit
579 3018 586 3058 ε
614 3016 716 3078 neque
742 3004 857 3060 statum
879 2998 973 3060 istum
996 3000 1071 3078 regri
1119 3005 1246 3085 quidem
1258 3003 1338 3065 bene
1351 3001 1544 3081 Augustinus
1560 2997 1724 3079 explicavit
1748 2996 1783 3057 in
1810 3001 1891 3057 trac-

300 3089 449 3167 corporis,
464 3090 567 3150 curari
583 3090 651 3168 jam
677 3090 863 3170 incipientis,
878 3090 1067 3164 morbidum,
1119 3103 1186 3159 tatu
1199 3095 1239 3158 ad
1250 3094 1405 3157 Psalmum
1416 3091 1721 3172 quinquagesimum.
1741 3090 1829 3164 «Est,
1844 3088 1892 3149 ia·

299 3197 335 3240 ae
349 3180 557 3259 periculosum
570 3187 676 3262 putct3
705 3198 779 3242 eum
802 3187 889 3243 tanto
910 3182 1009 3262 magis
1030 3183 1069 3244 ad
1118 3190 1197 3270 quit,
1212 3187 1346 3268 Spiritus
1368 3184 1538 3246 sanctusin
1552 3183 1731 3244 confitente.
1753 3182 1824 3242 lam
1851 3179 1891 3241 ad

299 3272 463 3334 sanitatem
480 3274 720 3354 appropinquet,
745 3275 834 3354 cujus
857 3276 924 3354 jam
947 3274 976 3336 ei
998 3294 1071 3355 pars
1118 3282 1239 3343 donum
1252 3278 1384 3358 Spiritus
1397 3276 1494 3338 saneti
1508 3274 1660 3355 pertines,
1675 3273 1750 3352 quia
1761 3271 1890 3333 tibidis

299 3364 413 3443 aliqua,
439 3383 513 3427 cum
538 3365 635 3435 illius,
658 3367 742 3446 quod
767 3373 873 3444 restat,
889 3384 942 3448 spe
969 3367 1067 3443 bona,
1119 3373 1222 3454 plicet,
1233 3371 1317 3451 quod
1328 3369 1435 3430 fecisti.
1452 3366 1619 3429 Immundo
1631 3364 1754 3445 spiritui
1766 3369 1890 3445 peccata

298 3458 514 3534 repraesentari
527 3458 708 3538 coepitNon
722 3459 827 3537 igitur,
842 3464 1067 3539 proptereatc-
1119 3464 1256 3546 placent,
1292 3466 1398 3523 sancto
1431 3459 1602 3539 duplicent.
1634 3456 1782 3524 Quamvis
1815 3473 1890 3536 ergo

298 3565 401 3626 messa
428 3549 487 3609 ista
517 3549 732 3611 medicationis
758 3551 900 3625 exordia,
925 3551 1006 3612 male
1033 3569 1068 3612 ac
1119 3551 1705 3632 adhucveniamdepreoeris,tamenex
1719 3547 1888 3627 aliaparte,

298 3639 467 3719 periculose
481 3640 625 3702 affectum
646 3660 757 3721 corpus
780 3661 845 3704 esse
870 3648 1045 3722 perseverat
1057 3664 1066 3720 ;
1121 3667 1183 3731 qua
1196 3647 1252 3710 tibi
1271 3646 1411 3727 displicet
1433 3633 1570 3718 malum,
1585 3642 1670 3722 quod
1692 3638 1888 3715 commisisti,

298 3732 351 3794 sed
365 3739 492 3813 propter
513 3733 675 3813 antiquam
695 3735 916 3813 valetudinem,
932 3736 981 3797 cui
995 3754 1069 3816 pro-
1120 3741 1182 3803 Deo
1196 3736 1402 3818 conjungeris.
1415 3736 1480 3796 IIoc
1497 3734 1583 3796 enim
1603 3737 1635 3795 et
1654 3732 1713 3794 tibi
1740 3730 1888 3811 displicet,

298 3824 469 3904 pulsandae,
484 3843 520 3887 ac
531 3825 677 3887 sanandae
691 3826 814 3906 penitus
826 3827 928 3907 prima
942 3827 993 3889 illa
1006 3846 1069 3891 me·
1118 3833 1202 3913 quod
1216 3837 1247 3893 et
1259 3830 1316 3893 illi.
1331 3830 1402 3890 lam
1415 3829 1478 3889 duo
1493 3828 1565 3889 estis
1591 3825 1630 3886 ad
1650 3823 1889 3905 expugnandam

298 3915 484 3996 dicamcnta,
499 3924 529 3979 et
543 3918 631 3998 quasi
645 3919 884 3998 preparationes
907 3937 973 3981 non
986 3919 1069 3982 suffi-
1118 3924 1237 3987 febrem
1253 3929 1357 3999 mam,
1376 3926 1411 3982 tu
1439 3925 1470 3981 et
1492 3918 1642 3980 medicus.
1656 3943 1671 3971 ι
1691 3917 1758 3990 Quo
1771 3916 1805 3976 in
1820 3915 1888 3977 loco

298 4008 395 4068 oium.
424 4008 474 4069 Sic
501 4028 573 4071 eum
594 4010 634 4069 ab
669 4010 791 4071 lethalis
825 4016 907 4071 statu
941 4013 1067 4091 peccati,
1119 4015 1349 4089 tumadillam,
1363 4031 1426 4092 qua
1446 4029 1516 4073 sum
1540 4028 1614 4071 usus
1633 4026 1738 4089 supra,
1763 4007 1886 4085 medici,

298 4100 446 4161 trarrsitus
472 4100 508 4161 fit
534 4100 758 4178 adjustitiam,
792 4121 862 4182 qum
886 4104 1068 4184 justificatio
1119 4128 1155 4171 ae
1179 4107 1280 4170 morbi
1307 4104 1529 4166 similiudinem
1551 4102 1661 4164 alludit
1688 4121 1696 4161 ι
1724 4106 1793 4162 tum
1817 4104 1888 4161 ante

299 4191 420 4266 dicitur,
434 4191 470 4253 fit
480 4192 636 4272 quadam,
649 4195 933 4275 pravenientisope
947 4197 1067 4275 gratim,
1119 4201 1234 4279 promti
1247 4196 1473 4279 depulsionem,
1501 4194 1728 4275 perfectamque
1751 4191 1887 4254 reconci-

299 4282 466 4345 voluntstis
480 4285 658 4361 commotio,
674 4289 705 4345 et
719 4285 873 4347 inchoatio
895 4288 1067 4367 charitatis,
1118 4293 1300 4368 liationem,
1330 4288 1499 4351 nonnullas
1523 4286 1661 4367 agnoscit
1687 4283 1889 4365 impulsiones

300 4394 369 4454 quac
384 4377 524 4438 nondum
544 4376 657 4438 sufficit
674 4377 869 4454 adsalutem,
885 4379 1068 4459 perfectam-
1118 4385 1237 4464 paca,
1251 4389 1283 4445 et
1296 4381 1526 4462 opitulationes,
1541 4395 1612 4458 quas
1632 4377 1671 4438 ad
1697 4374 1886 4450 detestanda,

300 4485 361 4547 que
375 4469 548 4531 sanitatem.
571 4471 617 4529 De
630 4488 693 4548 qua
713 4470 860 4549 preclare
878 4472 1069 4552 Augustinus
1118 4484 1150 4540 et
1163 4475 1337 4538 confitenda
1360 4473 1471 4534 delicta
1493 4474 1669 4549 peccatores
1691 4468 1835 4541 incitant,
1857 4471 1888 4528 et

299 4558 338 4619 ad
363 4559 598 4639 Simplicianum
617 4561 661 4622 ita
681 4561 802 4623 scisti*
821 4582 828 4622 ε
848 4564 982 4625 «Sedin
995 4566 1068 4645 qui·
1119 4569 1159 4630 ad
1185 4569 1309 4630 veniam
1337 4563 1519 4627 eliciendam
1550 4561 1699 4623 validiore
1724 4560 1888 4638 impetrato

299 4650 431 4711 busdam
458 4656 545 4712 tanta
565 4656 610 4712 est
628 4652 728 4730 gratia
756 4653 840 4733 fidei,
866 4661 983 4735 quanta
1004 4676 1069 4719 non
1118 4659 1261 4741 prasidio
1275 4656 1383 4738 gratiae
1402 4654 1589 4736 provehunt.
1605 4653 1650 4714 Ex
1668 4651 1717 4713 lais
1730 4649 1886 4727 omnibus,

300 4740 413 4803 suflicit
443 4742 483 4803 ad
516 4743 723 4806 obtinendum
749 4763 882 4825 regnum
908 4748 1067 4826 coelorum,
1119 4770 1189 4833 que
1204 4770 1261 4832 pro
1286 4749 1429 4811 instituto
1455 4745 1578 4827 parcius
1602 4744 1765 4824 explicata,
1784 4742 1887 4822 copio-

300 4834 380 4895 sicut
401 4834 435 4894 in
461 4834 734 4912 catechumenis»
764 4843 822 4899 etc.
854 4840 898 4900 Ac
924 4839 1066 4916 subinde,
1119 4845 1184 4905 sius
1210 4843 1270 4904 alio
1297 4842 1365 4904 laco
1397 4838 1666 4921 pertractabimus,
1698 4834 1888 4897 intellectum

305 4947 320 4984 u
333 4925 415 4986 fiunt
426 4943 500 5004 ergo
513 4927 725 4990 inchoationes
738 4931 882 5010 quaedam
895 4932 978 5010 fidei,
994 4951 1068 4994 con·
1118 4937 1191 4998 satis
1203 4936 1348 5010 arbitror,
1364 4950 1434 5013 quae
1448 4932 1489 4992 sit
1501 4937 1623 5007 natura,
1636 4927 1809 4990 conditiore
1821 4944 1889 5006 gra·

301 5017 494 5098 ceptionibus
514 5019 630 5080 similes
646 5040 654 5080 ι
668 5039 732 5082 non
751 5028 857 5083 tamen
869 5022 971 5086 solum
994 5043 1069 5087 coa·
1119 5028 1182 5105 tiae,
1198 5041 1229 5090 et
1241 5025 1350 5088 auxilii
1362 5025 1455 5101 illius,
1478 5022 1563 5103 quod
1575 5019 1764 5082 Testamenti
1776 5018 1889 5080 veteris

302 5109 373 5189 cipi,
394 5110 448 5172 scd
471 5109 565 5172 etiam
579 5111 662 5173 nasci
684 5131 762 5193 opus
782 5118 838 5190 est,
862 5120 899 5175 ut
912 5116 951 5175 ad
972 5115 1070 5181 vitam
1118 5119 1252 5182 alumnis
1279 5118 1464 5181 attributum
1477 5112 1682 5196 proprie,nec
1701 5118 1807 5173 tamen
1822 5110 1889 5171 sine

302 5202 500 5282 perveniatur
508 5206 659 5265 eternas.
673 5205 876 5273 Nihilhorum
889 5210 1069 5274 tamensine
1120 5213 1234 5275 Christi
1255 5211 1390 5290 meritis,
1414 5209 1508 5270 fuisse
1534 5205 1686 5281 diximus
1714 5202 1890 5284 (luibffltlufl

331 5405 342 5449 l
358 5404 418 5451 irat
430 5419 450 5452 e.
461 5419 483 5450 vr
498 5408 579 5454 Gaii.-
591 5409 607 5453 i
619 5410 676 5462 Aug.
685 5407 694 5452 l
704 5409 733 5454 asi
742 5410 810 5465 strar.
822 5421 845 5467 q.
860 5422 915 5466 rr,-
926 5412 941 5460 8
953 5413 1006 5470 Cup.
1016 5417 1037 5461 t.
