4078 6162
558 278 607 338 DE
627 275 929 343 lNCARNATIONE,
951 277 1028 338 LIB.
1052 277 1103 350 IV,
1127 277 1213 338 cAP.
1237 278 1287 339 IV.
1660 283 1720 343 tea

134 443 257 506 Christo
271 443 404 519 somatis
429 442 469 504 ob
482 441 642 522 idipsum,
668 460 709 504 nc
725 441 842 504 endem
857 441 904 501 di·
994 442 1073 502 Nam
1087 460 1159 503 eum
1180 442 1289 504 decern
1310 440 1454 504 homines
1472 443 1608 522 exempli
1626 444 1723 519 gratia

134 536 207 598 visre
222 554 240 597 a
254 554 287 597 se
300 541 411 598 mutuo
424 553 459 595 ae
472 540 620 613 separatas
631 553 698 595 esse
712 533 902 595 viderentur.
954 551 1104 609 numero,
1119 551 1234 594 nonex
1248 551 1284 594 eo
1299 516 1377 613 ipsi),
1394 536 1477 614 quod
1492 553 1624 595 numero
1638 536 1724 598 dilie-

135 626 581 707 Quosquidem'l'rinitatisilla
585 644 694 731 ‚quam
708 626 808 705 attigi,
824 625 906 686 simi·
954 631 1039 701 runt,
1066 642 1257 705 consequens
1281 630 1326 685 est
1346 625 1414 686 illos
1428 627 1583 705 hypostasi
1597 627 1722 700 distare,

134 720 235 781 litudo
252 719 382 781 refellit:
405 737 445 780 ex
464 728 527 797 q'ua
549 719 746 779 verissimum
763 717 822 778 hoc
841 734 907 779 esse
955 722 1048 795 atque
1062 734 1081 776 a
1094 734 1126 778 se
1141 722 1252 778 mutuo
1266 735 1330 778 esse
1344 717 1490 794 divulsos,
1507 737 1542 779 ac
1555 724 1722 797 separatos:

135 817 276 889 constat,
298 811 382 891 quod
406 812 440 871 in
458 810 554 871 Verbi
573 810 790 871 lnearnatione
810 809 906 870 Maxi·
955 827 1013 870 nec
1027 808 1124 870 ullam
1138 809 1318 888 hujusmodi
1335 809 1565 871 distinctionem
1578 829 1634 889 per
1645 829 1723 887 sese,

135 922 216 979 mus,
235 901 907 984 aliiquePatresnsseruntcontraEutychia·
955 901 1140 980 proprieque
1163 919 1316 963 numerus
1334 901 1500 981 exprimit:
1521 903 1574 963 sed
1597 902 1724 981 quanti-

135 1014 252 1057 nornm
266 995 553 1074 tergiversationem
567 995 668 1055 istam.
684 995 805 1071 Negant
822 995 907 1054 euim
954 996 1051 1053 tatem
1065 993 1216 1054 duntaxat
1226 993 1372 1070 illorum,
1387 1011 1482 1072 quarn
1502 992 1659 1054 dirmetum
1670 1012 1725 1054 vo-

136 1105 308 1149 numerum
320 1087 506 1162 necessario,
525 1092 616 1166 ιιαγιιο
628 1104 667 1147 ex
680 1103 746 1146 sese
758 1085 907 1162 conjunc-
956 1088 1037 1144 cant.
1050 1085 1095 1145 lta
1109 1103 1180 1145 cnm
1190 1085 1325 1164 lapidem
1339 1086 1519 1165 quempiam
1533 1085 1659 1165 duplici,
1674 1085 1725 1147 rel

136 1184 202 1241 tam
216 1178 907 1256 haberesectionem,acseparationemrerum
955 1175 1070 1253 triplici
1098 1176 1200 1238 colore
1223 1177 1367 1238 allectum
1391 1195 1455 1238 esse
1482 1177 1624 1250 dicimus,
1652 1178 1725 1237 toti-

136 1289 259 1346 earum,
274 1273 312 1333 ad
327 1289 405 1352 quas
417 1272 609 1333 adhaerescit.
957 1269 1089 1348 demque
1102 1270 1219 1330 colores
1239 1288 1471 1345 enumeramus,
1487 1288 1550 1329 non
1562 1275 1725 1350 propterea

5 1406 113 1452 umas«
176 1364 319 1425 Eximius
341 1371 387 1425 est
403 1363 442 1424 ud
460 1364 541 1425 hanc
563 1363 693 1425 sentent
686 1380 749 1424 ram
770 1359 909 1438 Gregorii
956 1360 1222 1440 lapidemisium
1213 1380 1248 1422 ιιι
1269 1362 1481 1423 duosveltres
1495 1361 1723 1441 secamuslapi·

5 1466 112 1515 soenm-
136 1455 323 1518 Nazianzeni
343 1456 441 1530 loeus,
466 1473 560 1535 quern
576 1456 730 1518 Maximus
750 1455 883 1515 laudat
874 1471 908 1513 ιιι
957 1453 1023 1514 des
1017 1472 1138 1533 ,neque
1153 1454 1292 1515 colores
1284 1472 1444 1533 1psosase
1458 1471 1593 1514 rnvrcem
1601 1472 1724 1533 separa

14 1522 97 1609 ”rw
137 1548 287 1628 opusculo
314 1548 468 1627 quodam,
496 1549 615 1627 quod
607 1566 640 1608 ιιι
661 1546 781 1608 Schedia
807 1546 908 1607 Patris
957 1563 1037 1606 mus.
1056 1546 1302 1607 Hoeeblaximus

6 1621 107 1673 *³³¹*
138 1640 341 1701 Sirmoudi
317 1659 361 1701 sic
384 1640 582 1701 inscribitur:
609 1637 751 1719 Ejusdem
777 1636 910 1699 Maximi
997 1638 1053 1697 Xl.
1077 1638 1151 1711 Quae
1164 1638 1338 1699 accuratius
1360 1656 1518 1718 exponens
1531 1637 1726 1700 lastinianus
1764 1670 1882 1714 rumerari

136 1731 179 1793 ad
199 1732 339 1795 loannem
361 1731 590 1795 Cubicularram
604 1731 638 1792 de
660 1731 749 1793 rectia
762 1729 909 1792 Ecclesiae
958 1729 1138 1810 imperator,
1153 1731 1247 1792 riade
1261 1749 1394 1792 numero
1416 1731 1563 1836 disputat
1587 1733 1724 1806 «Hanc,
1779 1728 1871 1778 ponunt

136 1824 339 1905 dopraaiibaa,
361 1833 387 1885 et
401 1832 502 1886 contro
517 1823 672 1887 &omnini
679 1869 686 1884 .
704 1822 802 1900 Hujus
815 1840 908 1902 porro
959 1823 1012 1899 ait,
1028 1824 1152 1903 quando
1165 1823 1202 1885 de
1216 1823 1346 1884 diversis
1356 1824 1506 1903 personis,
1523 1825 1728 1904 anthyposta-
1752 1777 1897 1927 scruposas

137 1917 224 1978 varia
249 1924 320 1979 sunt
334 1917 455 1998 capita,
476 1934 611 1996 quornm
624 1917 770 1995 quintum
783 1915 909 1975 titulum
959 1915 1043 1977 sibus
1051 1916 1175 1993 dieitur,
1184 1933 1290 1977 rerum
1302 1916 1441 1995 ipsarum
1449 1916 1599 1994 ejusmodi
1614 1916 1728 1976 hahere
1761 1886 1883 1983 ol'infflss.

135 2008 223 2071 hunc
236 2009 347 2085 habet3
364 2007 531 2070 Numerum
549 2027 643 2090 aeque
653 2006 797 2085 dividere,
819 2026 910 2088 oeque
960 2007 1154 2084 divisionem,
1170 2026 1241 2088 quae
1255 2008 1384 2068 seorsim
1398 2027 1446 2069 res
1460 2008 1627 2085 constituit,
1647 2013 1681 2068 ut
1694 2006 1728 2067 in

135 2100 343 2182 dioidi,neque
353 2100 522 2163 dioa'sr'onem
534 2100 651 2161 omnino
661 2101 693 2161 in
703 2119 748 2175 ea,
761 2099 909 2181 dequibus
959 2100 1095 2169 duobus,
1122 2101 1172 2162 rel
1198 2100 1341 2180 pluribus
1363 2100 1541 2161 hominihus
1570 2099 1724 2160 usuvenit.

135 2191 260 2263 dr'cr'tar,
278 2192 437 2255 casseaco.
462 2193 510 2254 Ibi
533 2194 671 2273 primum
692 2192 844 2270 Gregorii,
865 2191 909 2251 uti
960 2194 1037 2253 Cum
1056 2197 1161 2253 autern
1187 2193 1221 2252 in
1247 2210 1297 2253 res
1324 2192 1428 2253 unitas
1451 2193 1543 2267 cadit,
1570 2197 1644 2252 tunc
1663 2191 1729 2253 sola

136 2285 407 2361 dird,Nazianzeni
417 2285 706 2361 sententiam,velut
715 2284 910 2345 fundamenti
959 2284 1095 2361 ratione,
1118 2289 1149 2345 et
1171 2284 1428 2360 consideratione,
1450 2302 1514 2346 nou
1528 2283 1728 2363 iamenipsa-

135 2375 206 2438 loco
219 2377 338 2453 statuit,
350 2396 389 2438 ex
402 2377 542 2439 oratione
554 2393 656 2438 xxxvi.
677 2400 689 2432 ι
705 2377 754 2437 An
768 2376 909 2453 ignoras,
959 2394 1147 2438 rumrerum
1157 2375 1340 2437 divisionem
1348 2377 1441 2438 hahet
1450 2397 1457 2437 :
1466 2376 1730 2456 quemadmodum

136 2468 256 2548 inquit,
278 2487 447 2530 numerum
470 2468 651 2549 quantitatis
664 2487 770 2530 rerum
791 2468 909 2546 subjee-
960 2469 994 2529 in
1013 2488 1077 2530 una
1102 2469 1263 2548 hypostasi
1286 2468 1422 2530 hominis
1445 2468 1565 2541 accidit,
1595 2485 1665 2547 quae
1693 2484 1731 2527 ex

135 2567 244 2622 tarum
257 2561 466 2641 significandae
492 2564 556 2622 rim
579 2560 710 2637 habere,
726 2579 790 2621 non
804 2566 910 2621 autem
960 2563 1077 2637 anima,
1092 2566 1123 2621 et
1136 2578 1266 2639 corpore
1280 2560 1431 2621 coalescit.
1454 2563 1529 2621 Darae
1550 2560 1663 2639 quippe
1678 2577 1732 2618 ua·

141 2672 253 2714 rerum
274 2654 416 2733 ipsarum
444 2658 565 2713 naturas
580 2653 623 2713 i»
650 2655 805 2714 Hactenus
828 2653 913 2733 apud
961 2659 1040 2714 turae
1062 2652 1106 2713 ihi
1126 2653 1378 2719 considerantur.
1399 2653 1494 2713 altera
1510 2653 1636 2725 animae,
1661 2669 1731 2711 cor-

136 2745 332 2821 Maximum3
362 2745 482 2824 reliqua
511 2744 652 2824 Gregorii
688 2746 726 2806 de
762 2745 912 2805 Trinitate
961 2745 1045 2825 poris
1059 2744 1171 2806 altera:
1188 2763 1291 2824 neque
1310 2752 1416 2806 tamen
1431 2749 1595 2823 propterea
1609 2742 1732 2804 induas

135 2837 387 2917 rerba,propter
398 2835 586 2914 analogiam,
602 2855 697 2915 quam
709 2836 749 2897 ad
762 2837 911 2897 Incarna·
962 2837 1106 2898 homines
1133 2837 1300 2898 dividitur:
1331 2836 1385 2897 scd
1407 2853 1507 2896 unum
1529 2835 1643 2896 scimus
1667 2852 1732 2895 esse
1758 2888 1766 2897 .

137 2928 259 2990 donem
272 2928 401 3004 habent,
413 2928 611 3007 adjungenda
623 2934 706 2989 sunt.
724 2929 910 3007 «Egovero,
961 2929 1138 2997 bominem,
1168 2934 1199 2989 et
1223 2946 1320 2990 unam
1346 2927 1443 3006 ipsius
1471 2924 1728 3005 hypostasimi.»

136 3021 258 3099 inquit,
273 3020 351 3082 adeo
371 3037 440 3080 sam
461 3020 611 3099 simplex,
630 3020 680 3080 vel
693 3020 796 3099 potius
812 3020 910 3099 impe·
962 3021 1055 3081 Plana
1076 3021 1115 3082 de
1131 3020 1189 3081 hac
1215 3021 1323 3081 eadem
1337 3037 1383 3095 re,
1406 3019 1507 3097 deque
1522 3019 1644 3079 numeri
1660 3034 1734 3096 pro·

136 3113 239 3186 ritus,
255 3117 291 3172 ut
304 3112 364 3172 tria
379 3112 507 3190 quidem
520 3112 681 3172 nominem
696 3129 766 3190 quae
780 3129 911 3172 numero
961 3113 1091 3192 prietate
1106 3111 1221 3172 ibidem
1230 3112 1427 3173 lastinianus
1441 3110 1571 3172 disserit.

137 3203 270 3264 totidem
280 3203 431 3281 sunt,‚ctsi
445 3207 557 3263 natura
571 3204 842 3265 differantzunum
856 3221 911 3264 au·
1002 3203 1149 3264 Maxentii
1173 3203 1207 3263 in
1230 3203 1334 3265 libello
1358 3213 1458 3264 contro
1484 3201 1645 3283 Acepdoloa
1668 3218 1733 3262 non

139 3300 217 3368 tem,
229 3300 261 3356 et
269 3299 530 3371 unum,etunnm
537 3295 666 3356 totidem
676 3296 820 3371 unitates,
832 3301 912 3356 tam·
962 3295 1110 3356 absimilis
1127 3301 1174 3355 est
1190 3295 1269 3355 ratio
1287 3293 1309 3354 ¹:
1333 3296 1420 3373 eujus
1441 3294 1492 3355 hir.
1512 3293 1607 3354 verba
1620 3293 1732 3354 descri-

138 3387 199 3449 etsi
214 3387 457 3467 conjungantur,
467 3389 617 3448 essentia:
636 3406 699 3448 non
715 3387 813 3465 magis
827 3387 912 3448 vide·
961 3387 1045 3448 barn.
1065 3409 1079 3445 ιι
1096 3386 1157 3447 Sed
1171 3387 1257 3461 duas,
1275 3387 1441 3465 inquiunt,
1456 3386 1527 3447 ideo
1541 3404 1607 3446 non
1621 3385 1734 3446 debere

137 3478 214 3541 licet
226 3497 276 3539 res
290 3479 372 3558 ipsas
386 3479 523 3555 intuens,
535 3497 629 3558 quam
643 3478 912 3557 rerumquantita·
963 3479 1025 3540 dici
1038 3479 1072 3540 in
1086 3479 1204 3540 Christo
1211 3490 1281 3558 post
1289 3479 1512 3540 adunationem
1523 3478 1657 3539 latemur
1669 3496 1733 3539 esse

138 3576 216 3644 tem,
228 3571 401 3632 secundum
414 3588 511 3650 quam
520 3571 713 3632 enumeratio
722 3570 789 3631 fita.
802 3569 915 3630 »Vides
964 3577 1102 3647 naturas,
1118 3571 1193 3649 quia
1205 3571 1268 3631 duo
1293 3566 1444 3632 uumerus'
1465 3589 1531 3633 esse
1550 3589 1614 3631 non
1634 3574 1734 3650 potest

141 3668 178 3723 nt
196 3662 230 3722 in
238 3662 389 3724 'lhiuitate
399 3666 591 3724 sacrosancta
603 3680 773 3724 numerum
788 3662 916 3723 adhibet
964 3663 1132 3739 indivisus,
1155 3682 1227 3724 eum
1254 3664 1427 3726 secundum
1445 3664 1608 3724 veritatem
1634 3662 1735 3723 omnis

139 3753 309 3832 Gregorius
321 3754 361 3814 ad
375 3773 521 3835 personas
534 3755 705 3831 duntaxat,
720 3755 791 3816 licet
803 3761 915 3815 natura
964 3774 1113 3817 numerus
1126 3755 1270 3819 divisioni
1282 3756 1448 3834 subjaceat.
1476 3756 1547 3816 Here
1572 3762 1603 3815 et
1629 3754 1735 3832 hujus·

139 3846 204 3907 sint
218 3864 319 3907 unum
334 3892 341 3922 ,
356 3846 486 3926 perinde
510 3865 546 3907 ac
571 3847 609 3908 de
636 3847 674 3906 iis
700 3847 821 3922 dicitnr,
845 3865 915 3926 quaa
966 3848 1051 3908 modi
1073 3847 1150 3909 solet
1175 3865 1285 3909 eorum
1312 3847 1578 3928 impudentissima
1607 3842 1732 3925 (contra)

139 3943 258 3999 natura
291 3938 485 4018 discrepant:
515 3944 550 3998 ut
584 3944 747 4019 appareat,
776 3939 855 3999 nihil
882 3940 917 4000 in
966 3939 1149 4002 catholicam
1162 3943 1324 4001 veritatem
1338 3938 1549 4018 argumentari
1562 3937 1736 3998 ventanEt

138 4048 193 4092 res
206 4031 289 4111 ipsas
310 4030 484 4092 redundare
503 4048 542 4091 ex
561 4030 846 4093 accommodatione
860 4050 916 4091 nu·
965 4035 1104 4112 primum
1129 4031 1255 4110 quidem
1280 4050 1345 4092 non
1370 4049 1425 4111 per
1453 4031 1597 4110 seipsum,
1626 4027 1735 4090 sedin

140 4122 234 4184 meri.
966 4142 1072 4185 rerum
1085 4126 1206 4186 naturis
1226 4141 1354 4187 omnem
1369 4123 1536 4184 subsistere
1554 4139 1733 4197 numerum,

179 4299 201 4339 a
220 4284 325 4341 Μιιιιιι.
343 4283 392 4337 Τοῦ
412 4277 501 4349 edred,
526 4286 585 4359 πρὸς
610 4284 730 4355 Ἰωάννην
752 4284 916 4340 hortamurt-
966 4284 1098 4358 despuat
1112 4286 1141 4340 ιδ
1153 4286 1229 4340 ποσδν
1244 4293 1294 4341 τῶν
1308 4288 1458 4359 πραγμάτων
1478 4285 1531 4340 καθ’
1545 4283 1731 4357 δήάρῐδμησις.

142 4368 210 4439 pros:
222 4368 278 4439 περὶ
290 4373 340 4421 τῶν
353 4367 431 4439 ὀρθῶν
445 4372 488 4435 τῆς
503 4367 630 4437 ἐκκλησίας
647 4372 689 4422 τοῦ
705 4369 759 4422 θεοῦ
774 4371 914 4441 δογμάτων,
1000 4368 1022 4424 d
1041 4370 1117 4424 lusu.
1134 4373 1165 4424 tn
1175 4369 1262 4442 Coris.
1275 4368 1328 4442 fid
1346 4373 1377 4425 ι’τι
1393 4368 1525 4441 Append.
1546 4383 1632 4437 rsyn.
1646 4365 1736 4421 Ἴστω-

141 4451 184 4502 καὶ
196 4449 260 4504 ιιατά
273 4451 393 4521 Σεδήρου·
966 4469 1010 4504 σαν
1026 4451 1109 4504 τοίνυν
1124 4453 1162 4504 ὅτι
1174 4452 1189 4504 δ
1203 4452 1303 4524 άριθμδς
1317 4453 1376 4504 ὅταν
1393 4450 1435 4522 μὲν
1451 4449 1489 4504 ἐπὶ
1501 4452 1622 4522 διαφόρων
1638 4450 1736 4522 προσώ-

180 4533 198 4587 ὁ
216 4533 259 4588 ld.
278 4531 337 4587 Ὅτι
349 4532 448 4605 άριδμδς
461 4531 517 4588 οὔτε
529 4536 628 4608 διαιρεῖ,
643 4533 700 4589 οὔτε
712 4535 851 4607 διαιρεῖται,
860 4533 916 4588 οὔτε
965 4533 1223 4600 sacramentaneus
1238 4534 1345 4606 λέγεται,
1363 4539 1413 4586 τῶν
1430 4534 1581 4605 πραγμάτων
1597 4532 1677 4586 αὐτῶν
1691 4531 1735 4600 την

143 4616 261 4688 διαίρεσιν
278 4614 444 4688 ιίσάγιιιιατδ
461 4617 503 4671 τδν
525 4615 587 4672 ἴδιον
600 4619 676 4691 λόγον
693 4618 722 4672 τδ
736 4616 856 4681 σύνολον,
878 4611 916 4680 οἷς
966 4615 1013 4669 bt
1027 4617 1099 4688 μέρος
1114 4616 1166 4690 ἔχει
1189 4616 1314 4688 διαίρεσιν,
1327 4610 1381 4670 οἷον
1400 4617 1435 4677 ὡς
1459 4614 1498 4669 ἐπὶ
1488 4615 1563 4680 ὶ,δῦο
1576 4617 1591 4682 ἢ
1615 4617 1735 4669 πλειόνων

143 4697 293 4770 δκιλάγιται.
966 4698 1108 4772 ἀνθρώπων
1130 4702 1189 4753 ὅταν
1211 4699 1237 4753 δὲ
1259 4698 1298 4753 ἰπὶ
1320 4700 1453 4773 ἡνωμένων
1479 4700 1646 4801 πραγμάτων,
1668 4718 1734 4768 τηνι.

180 4782 431 4838 chesnianam.
450 4798 542 4839 xxxii.
563 4780 916 4854 Ἠάγνοεις,δτιπαςάριθ-
964 4786 1042 4835 ταῦτα
1055 4784 1124 4854 μόνῳ
1137 4784 1218 4855 λόγῳ,
1232 4801 1264 4836 ιια
1263 4782 1349 4855 ὶδιωρ
1351 4782 1386 4853 iq,
1401 4782 1430 4836 oi
1446 4781 1534 4854 μῆν’
1508 4789 1589 4836 αυτων
1600 4789 1649 4836 των
1658 4801 1736 4855 πραγ

146 4865 193 4935 μδς
215 4868 259 4931 τῆς
279 4863 417 4932 ποσότητος
439 4871 489 4918 τῶν
511 4866 661 4937 πραγμάτων
686 4872 736 4920 τῶν
750 4866 915 4937 υποιιειμένων
966 4866 1050 4936 μάτων
1077 4864 1128 4937 ἔχει
1149 4864 1193 4933 τὴν
1218 4802 1349 5001 deciperis?
1367 4859 1421 4918 οἷον
1436 4864 1475 4920 ἐπὶ
1500 4868 1556 4938 μιᾶς
1579 4865 1736 4927 ὑποστάσεως

146 4944 198 5000 ἔστι
216 4946 361 5014 δηλωταιδς,
385 4943 414 4998 οὗ
428 4951 471 5015 τῆς
487 4948 580 5019 ριἰσιως
594 4954 644 5001 τῶν
665 4949 831 5020 πραγμάτων;
851 4945 917 5018 Ἐγὼ
967 4947 1094 5019 ἀνθρώπου
1110 4946 1136 5000 ἔτι
1149 4948 1215 5021 qoph
1217 4968 1238 5012 ς,
1253 4949 1354 5003 ιιαὶσω
1316 4950 1430 5020 σωματος
1450 4950 1612 5016 συνεστώσης.
1633 4948 1676 5001 δυο
1689 4947 1735 5020 γάρ

146 5030 173 5082 δὲ
190 5029 269 5091 οὕτως
283 5029 392 5102 ἀρχαίως
407 5030 468 5102 ἔχω,
489 5029 625 5103 μᾶλλονδὲ
649 5030 792 5102 apaten
775 5049 875 5086 ωστιτ
861 5025 917 5103 τρία
966 5030 1006 5083 καὶ
1023 5029 1125 5084 ἐνταυθα
1144 5030 1227 5101 φύσεις
1247 5032 1403 5104 δεωρουνται,
1425 5032 1496 5103 ἑτέρα
1520 5031 1562 5102 μὲν
1584 5035 1626 5097 τῆς
1645 5032 1734 5103 ψυχῆς,

147 5112 190 5183 μὲν
205 5111 322 5184 ὀνομάζω
340 5112 371 5165 τά
388 5118 497 5167 τοσαῦτα
511 5119 547 5184 τῷ
562 5112 667 5186 ἀριθμῷ,
682 5115 727 5166 κάν
742 5115 851 5182 διέστηκε
872 5050 915 5181 ιἰὴν
966 5115 1006 5166 καὶ
1021 5112 1091 5186 ἑτέρα
1105 5119 1148 5168 τοῦ
1170 5123 1294 5187 σῶματος.
1310 5115 1351 5168 καὶ
1365 5117 1432 5186 ὅμως
1446 5115 1474 5167 οὗ
1494 5113 1534 5166 διά
1552 5119 1626 5166 τοῦτο
1641 5112 1673 5170 εἰς
1691 5113 1735 5167 δύο

147 5195 228 5263 ptera-
245 5194 271 5246 iv
286 5193 322 5264 δὲ,
335 5195 376 5247 καὶ
384 5196 421 5261 δν,
432 5197 473 5249 καὶ
482 5196 508 5249 δν
520 5195 603 5258 άλλως
611 5195 654 5259 τὰς
664 5197 783 5258 τοσαύτας
798 5197 915 5268 μονάδας,
967 5196 1108 5269 ἀνθρώπους
1121 5199 1260 5270 διαιρεῖται,
1276 5197 1341 5251 ἀλλά
1351 5198 1394 5251 ἕνα
1407 5195 1480 5268 ἴσμεν
1495 5197 1537 5250 τδν
1548 5195 1685 5267 ἄνθρωπον,
1695 5196 1735 5248 καὶ

148 5280 192 5331 κᾶν
202 5283 233 5350 τῇ
243 5277 317 5347 αδαίᾳ
329 5280 509 5347 συνάπτονται,
520 5278 549 5332 od
558 5279 619 5350 πρὸς
633 5277 664 5332 τά
675 5278 808 5350 πράγματα
820 5278 916 5351 μᾶλλον
966 5279 1024 5350 μίαν
1039 5279 1114 5334 αὐτοῦ
1128 5280 1172 5348 την
1186 5281 1328 5336 ὑπόστασιν.

177 5422 187 5465 i
203 5422 265 5468 ῐοιο.
278 5420 305 5466 w
316 5423 373 5467 liiii.
383 5421 426 5469 col.
438 5419 484 5468 iol.

193 5677 206 5707 0
