4122 6248
170 2840 194 2883 ΙΙΙ
207 2838 262 2890 Quis

165 2893 265 2936 Christus

311 352 371 414 668
816 350 1142 415 rflnoloclcouun
1165 349 1384 415 DOGMATUM

313 524 360 579 est
373 518 478 594 homo,
495 520 554 581 nisi
567 519 721 583 nascendo
733 520 772 581 de
785 519 914 595 Virgine
926 539 934 594 ;
948 536 1003 581 cur
1016 535 1082 579 non
1133 525 1165 580 et
1177 537 1233 599 per
1247 537 1280 582 se
1299 520 1339 580 sit
1356 518 1450 597 filius,
1472 524 1504 581 et
1523 519 1673 597 Christrrs,
1693 525 1726 581 et
1739 516 1902 593 Dominus,

313 610 435 671 dicatur
447 611 542 675 elium
561 614 684 693 proprie
696 619 787 675 natus
800 631 839 674 cx
855 609 1007 691 Virgine?
1019 610 1082 671 Ab·
1132 612 1187 692 qui
1200 630 1240 673 ex
1252 612 1353 673 Maria
1362 618 1454 674 natus
1464 617 1510 673 est
1518 612 1656 691 Virgine.
1669 611 1708 673 at
1720 611 1902 687 Orientales,

313 702 443 764 surdum
457 703 550 765 nimis
564 712 620 779 est,
643 712 678 767 ut
694 707 788 783 Deus,
809 705 864 785 qui
876 702 1028 765 nascendo
1043 701 1081 762 de
1136 726 1152 763 ι
1166 703 1225 778 Qui
1238 704 1296 765 Dei
1313 705 1494 783 genitricem
1507 708 1692 782 nuncupant
1710 702 1825 764 isdem
1836 702 1905 764 Vir·

313 795 451 875 Virgine,
471 814 555 874 vere,
580 803 611 859 et
633 798 758 879 proprie
784 797 884 859 fectus
910 802 956 857 est
972 794 1080 869 homo,
1132 797 1251 873 ginem,
1266 815 1367 858 unrrm
1380 795 1538 859 affirmant
1550 814 1615 858 csse
1632 795 1758 871 Filium,
1773 801 1806 856 et
1818 795 1904 856 Chri·

314 905 379 949 non
391 905 464 950 vere
476 894 507 950 et
515 890 639 970 proprie
649 890 749 952 deilla
760 896 851 952 natus
864 905 930 951 esse
943 887 1079 948 dicetur:
1132 895 1225 961 stum,
1248 894 1279 950 ct
1292 889 1473 965 Dominum,
1490 887 1661 968 perlectum
1679 887 1714 949 in
1731 886 1903 964 divinitate,

315 984 349 1040 ιιι
362 998 436 1041 vera
449 981 489 1042 sit
508 1000 568 1054 res.
592 1000 687 1062 quem
700 982 801 1044 effecit
813 983 867 1044 ille
880 979 1035 1054 nativitas,
1051 982 1081 1038 et
1131 980 1304 1061 perfectum
1317 981 1351 1041 in
1364 981 1589 1043 humanitates.
1605 1000 1621 1039 ι

313 1073 378 1152 ipsa
393 1072 440 1133 rei
453 1073 520 1151 ejus
531 1074 667 1135 effectrix
679 1093 745 1136 non
758 1075 797 1136 sit
808 1092 882 1135 vera
895 1071 1050 1134 nativitas.
1061 1089 1076 1127 n
1177 1095 1189 1131 ι
1207 1073 1264 1134 llic
1277 1073 1363 1134 enim
1374 1072 1525 1135 mirabilis
1538 1091 1635 1134 sacrce
1647 1067 1786 1151 Virginis
1799 1076 1905 1152 partus

354 1164 500 1226 Proeclere
526 1166 586 1227 hoc
613 1167 740 1246 insuper
767 1166 886 1228 Eterius
913 1170 944 1225 et
970 1164 1082 1225 Beatus
1133 1182 1205 1227 vere
1226 1165 1410 1239 humanam,
1434 1166 1479 1226 nit
1499 1166 1563 1226 Leo
1590 1182 1733 1226 sermone
1755 1165 1848 1224 tertio
1871 1161 1906 1224 dc

312 1255 368 1317 lib.
386 1257 514 1319 lcontrc
534 1257 759 1340 Elr'pcndem¹,
781 1259 820 1320 de
834 1257 959 1318 illorum
970 1254 1081 1334 impie·
1133 1257 1309 1333 Ναιιύιιαιι,
1334 1276 1407 1319 vere
1430 1257 1580 1334 divinam,
1609 1275 1673 1318 uun
1699 1255 1796 1316 edidit
1819 1255 1906 1335 prole

312 1352 376 1408 tate
389 1348 443 1426 qui
460 1358 576 1412 ιεοιιιιοι
591 1350 758 1429 negabant,
781 1375 794 1402 ι
809 1349 948 1427 Denique
961 1347 996 1408 in
1011 1364 1081 1426 per·
1133 1350 1377 1429 ueluremzquia
1385 1368 1449 1410 nou
1459 1349 1504 1410 ita
1512 1350 1714 1429 proprietates
1722 1365 1796 1408 suas
1805 1347 1907 1407 tenuit

312 1441 470 1502 secutione
483 1442 560 1521 quid
573 1443 734 1522 queritur,
756 1441 816 1502 nisi
830 1446 867 1502 ιιι
884 1441 984 1501 Deum
1000 1438 1083 1499 Chri·

312 1540 394 1594 stum
421 1534 595 1613 negemus?
613 1536 722 1614 Iteque
747 1534 800 1612 qui
828 1551 894 1593 non
918 1531 1083 1593 confitetur

314 1625 470 1686 Christum
505 1626 601 1687 Deum
636 1643 765 1702 verum,
804 1625 909 1686 Mariae
942 1622 1083 1702 Virginis

312 1717 423 1793 filium,
441 1722 551 1779 natum
565 1737 604 1781 en
623 1719 687 1779 Deo
700 1736 786 1791 vcro,
802 1716 926 1779 veniam
940 1734 1005 1776 non
1020 1732 1082 1776 me

312 1809 440 1872 rebitur.
457 1831 472 1869 a
494 1836 508 1864 ι
522 1812 651 1891 Propter
663 1812 748 1890 quod
762 1810 812 1891 (ut
825 1808 981 1871 concludit
993 1808 1080 1869 Pela·

311 1902 381 1981 gius
393 1903 513 1982 primus
533 1904 565 1963 in
582 1902 744 1983 epistola²,
759 1909 791 1963 et
802 1900 992 1983 professione
1008 1899 1081 1961 fidei

311 1995 352 2056 ad
360 1995 588 2057 childebertum
597 1998 787 2058 Francorum
808 1992 1081 2075 regemleamdem

312 2087 434 2149 beatem
448 2089 609 2167 Virginem
621 2088 751 2151 Mariam
765 2087 821 2149 Dei
835 2086 1017 2167 genitricem
1030 2104 1081 2147 ve·

311 2179 432 2240 rissime
447 2180 641 2242 confitemur.
657 2180 777 2261 Peperit
787 2180 871 2241 enim
884 2179 1080 2239 incarnatum

312 2273 367 2335 Dei
379 2273 530 2334 Verbum.
544 2293 560 2332 n
577 2273 741 2352 Legendus
755 2271 911 2334 Arnobius
924 2271 959 2332 in
973 2271 1079 2350 dispu-

311 2364 429 2426 tatione
442 2383 507 2426 cum
520 2364 685 2445 Serapione
694 2363 716 2426 ⁸.

352 2456 406 2517 Vl.
429 2457 533 2519 Altera
546 2459 636 2529 ratio,
652 2474 733 2537 quea,
754 2461 790 2517 ιιι
804 2461 835 2517 et
850 2455 977 2535 relique
990 2456 1080 2517 dein-

312 2565 393 2627 ceps,
415 2567 454 2610 ex
481 2549 534 2610 illc
561 2550 670 2629 priori,
697 2548 783 2609 velut
805 2549 961 2627 exstirpe
985 2548 1080 2627 profi-

312 2640 445 2713 ciscitur,
459 2641 529 2702 talis
542 2658 560 2702 a
574 2642 717 2703 Patribus
730 2640 869 2715 affertur,
885 2658 940 2701 cur
954 2641 1082 2701 sanctis-

313 2732 388 2792 sime
411 2733 507 2812 Virgo
530 2743 652 2809 οιοτικος,
675 2752 709 2793 ar
732 2731 791 2793 Dei
808 2731 943 2813 pecteris
959 2732 1082 2812 proprie

312 2842 447 2904 vereque
456 2825 586 2886 dicenda
594 2825 633 2886 sit
646 2845 653 2885 :
670 2824 825 2886 Nimirum
839 2824 923 2902 quod
932 2824 1079 2900 Christus,

143 2946 290 3002 quemgenuit
314 2935 407 2996 quem
426 2919 679 2979 Nestoriauorum
704 2917 798 2978 ctiam
819 2915 1009 2977 confessione
1037 2935 1083 2979 re·

164 2998 218 3042 iden
232 3008 265 3043 cst

179 3052 217 3096 ilci
232 3060 254 3094 et

168 3107 264 3150 bominis

183 3160 249 3205 ttius.

315 3026 386 3070 uera
408 3009 460 3070 ille
478 3010 596 3087 genuit,
619 3027 701 3070 unus
722 3009 762 3069 sit
779 3008 925 3087 idemque
947 3007 1000 3068 Dei
1023 3007 1084 3087 pri·

315 3118 414 3177 mum,
443 3102 554 3162 deinde
576 3101 713 3161 hominis
739 3098 838 3160 lilius:
868 3117 926 3161 nec
948 3098 982 3159 in
1003 3100 1082 3160 duos

313 3197 423 3270 ectus,
439 3192 614 3272 divisusque
628 3192 719 3253 filios.
735 3191 815 3251 Hinc
833 3191 918 3252 enim
931 3192 1080 3270 sequitur,

314 3303 332 3345 a
348 3302 546 3365 quocumque
561 3285 612 3349 ille
626 3285 749 3363 genitus
762 3288 818 3356 est,
835 3283 925 3343 abeo
942 3283 1082 3361 genitum

314 3395 378 3438 esse
392 3379 491 3438 Deum
509 3385 542 3439 et
558 3376 731 3450 hominem,
748 3375 808 3436 hoc
821 3379 867 3435 est
880 3373 981 3434 illium
995 3391 1082 3434 ersm-

313 3471 386 3530 dem
409 3469 571 3547 utriusque
595 3467 732 3528 nominis
754 3484 791 3527 ac
814 3466 936 3545 generis
958 3465 1082 3546 proprie

313 3562 441 3622 dictum.
468 3561 541 3620 Fuit
560 3561 619 3621 hoc
640 3557 856 3621 controversie
880 3563 974 3636 caput
997 3558 1079 3636 ejus,

312 3670 384 3732 quae
406 3653 489 3713 inter
511 3652 660 3731 Cyrillnm
683 3656 713 3710 et
733 3649 920 3725 Nestorium,
943 3650 1082 3728 adeoque

314 3745 486 3806 catholicos
499 3744 591 3819 inter,
607 3751 637 3805 et
649 3741 847 3805 Nestorianos
859 3742 1021 3802 hereticos
1036 3761 1083 3803 cr-

313 3837 400 3907 dens,
423 3855 459 3898 ac
479 3836 647 3898 vehemens
670 3833 805 3895 exstitit:
831 3839 866 3893 ut
888 3832 1002 3912 passim
1022 3833 1081 3894 oh-

313 3936 415 3990 servat
446 3928 590 4009 cyrillus.
627 3928 716 3988 Nunc
748 3925 885 4005 epistolae
919 3925 1010 4003 hujus
1041 3925 1082 3986 nd

1132 1447 1263 1520 utraque
1290 1441 1481 1519 substantia,
1508 1450 1543 1502 ut
1569 1457 1773 1521 personarum
1801 1439 1905 1500 ineis

1133 1534 1230 1614 possit
1250 1552 1316 1595 esse
1329 1533 1474 1595 discretio
1488 1553 1495 1595 :
1512 1552 1569 1595 nec
1583 1532 1627 1594 sic
1640 1537 1752 1593 nature
1764 1531 1799 1591 in
1812 1532 1905 1592 socie·

1132 1631 1228 1687 tatem
1241 1627 1289 1686 sui
1303 1627 1450 1687 creatoris
1467 1631 1511 1687 cst
1534 1630 1703 1704 assumpta,
1725 1629 1763 1685 ut
1780 1622 1833 1684 ille
1851 1623 1905 1683 hn-

1133 1717 1258 1795 hitator,
1279 1723 1309 1780 et
1327 1718 1380 1780 illa
1401 1718 1616 1780 habitaculum
1630 1722 1720 1792 esset,
1744 1715 1799 1776 sed
1812 1715 1857 1776 ita
1869 1721 1906 1776 ut

1132 1817 1253 1872 naturae
1273 1811 1361 1873 alteri
1382 1811 1480 1873 eltera
1499 1811 1692 1872 misceretur.
1707 1810 1748 1870 Et
1759 1808 1904 1888 quamvis

1133 1903 1194 1964 elie
1202 1903 1253 1978 sit,
1264 1921 1334 1982 quse
1342 1904 1521 1983 suscipitur,
1531 1902 1592 1964 alia
1599 1919 1674 1963 vero
1685 1918 1755 1980 quac
1764 1899 1903 1980 suscipit:

1133 1995 1166 2056 in
1178 2000 1297 2056 tentam
1304 2002 1411 2058 nmen
1421 1997 1573 2056 unitatem
1585 1994 1730 2056 convenit
1741 1992 1903 2072 utriusque

1133 2086 1305 2160 diversitas,
1319 2096 1355 2148 ut
1368 2106 1452 2150 unus
1468 2088 1613 2166 idemque
1627 2086 1666 2147 sit
1678 2084 1772 2160 filius,
1788 2085 1843 2164 qui
1857 2102 1902 2158 se,

1134 2183 1165 2241 et
1178 2180 1349 2241 secuudum
1362 2180 1445 2259 quod
1460 2197 1552 2241 verus
1564 2187 1611 2239 est
1622 2178 1718 2239 homo
1730 2181 1818 2256 patre
1829 2176 1906 2238 dicit

1132 2270 1302 2333 minorem:
1328 2276 1359 2332 et
1372 2270 1739 2351 secundumquodverns
1751 2270 1902 2342 cetheus,

1132 2363 1219 2424 Petri
1240 2364 1404 2443 profitetur
1426 2363 1619 2443 equalem.»
1640 2364 1679 2422 Et
1702 2362 1902 2441 Fulgentius3

1137 2473 1152 2511 ιι
1165 2455 1247 2516 Deus
1260 2455 1365 2536 itaque
1379 2473 1451 2516 cum
1465 2473 1520 2516 sue
1538 2472 1631 2516 carue
1650 2471 1733 2514 unus
1748 2457 1797 2513 est
1817 2453 1906 2514 Chri-

1131 2552 1208 2620 stus,
1224 2547 1306 2608 filius
1326 2548 1392 2624 Dei,
1415 2554 1446 2608 et
1465 2547 1549 2608 filius
1564 2545 1711 2616 hominis,
1729 2544 1815 2605 idem
1827 2546 1904 2606 Ver-

1131 2638 1209 2700 bum
1227 2640 1320 2701 simul
1333 2646 1365 2701 et
1377 2657 1449 2700 curo
1461 2659 1469 2715 ;
1486 2640 1549 2700 imo
1566 2639 1652 2700 idem
1665 2637 1805 2698 Verbum
1818 2656 1903 2713 caro,

1131 2731 1207 2809 quie
1226 2732 1311 2792 idem
1335 2733 1415 2792 Deus
1437 2731 1545 2792 homo.
1562 2750 1577 2788 n
1595 2730 1684 2804 Quod
1699 2729 1902 2805 enucleatius,

1131 2841 1168 2883 ac
1180 2841 1277 2903 prope
1291 2823 1473 2884 scholastico
1487 2822 1541 2882 illo
1554 2821 1733 2901 disputandi
1747 2839 1847 2898 more,
1859 2821 1905 2882 ila

1132 2913 1306 2976 Ferrandus
1319 2914 1448 2992 exponit
1458 2912 1598 2974 benicet
1610 2932 1683 2992 ergo
1692 2913 1771 2975 mihi
1779 2914 1901 2994 aliquis,

1131 3009 1240 3067 citrum
1253 3008 1398 3087 proprius
1413 3006 1494 3067 iilius
1508 3006 1563 3067 Dei
1575 3006 1682 3081 Patris,
1695 3007 1761 3086 ipse
1775 3011 1822 3066 cst
1833 3024 1904 3085 pro-

1132 3099 1219 3179 prius
1243 3099 1325 3161 iilius
1351 3098 1488 3178 Virginis
1513 3098 1641 3175 metris,
1663 3117 1704 3158 an
1731 3097 1811 3159 forte
1837 3117 1903 3160 non

1132 3191 1240 3252 habuit
1263 3192 1360 3253 hieria
1380 3192 1543 3271 proprium
1564 3190 1680 3260 filium,
1703 3209 1798 3269 quem
1822 3192 1904 3252 Deus

1130 3282 1223 3344 habet
1237 3283 1400 3363 proprium
1422 3282 1535 3344 filium.
1558 3283 1618 3345 Sed
1637 3288 1669 3343 at
1689 3281 1791 3343 Marin
1809 3282 1906 3345 babet

1132 3376 1293 3456 proprium
1307 3375 1419 3451 lilium,
1432 3374 1505 3454 quia
1519 3376 1637 3454 genuit,
1651 3393 1715 3435 non
1726 3374 1902 3455 adoptavit3

1132 3474 1164 3529 et
1178 3468 1269 3528 illum
1282 3467 1375 3529 habet
1389 3468 1551 3548 proprium
1572 3467 1683 3542 lilium,
1702 3485 1799 3546 quem
1811 3467 1906 3529 habet

1132 3561 1216 3621 Deus
1229 3561 1392 3640 proprium
1405 3559 1518 3637 illium,
1533 3560 1607 3638 quia
1621 3560 1699 3620 duos
1715 3559 1796 3620 filios
1814 3579 1906 3622 num-

1131 3671 1227 3732 quam
1240 3652 1316 3713 fides
1345 3651 1494 3714 cathohca
1513 3652 1671 3733 praedicat.
1692 3653 1798 3714 Restat
1816 3670 1902 3733 ergo,

1132 3749 1167 3805 ut
1181 3745 1207 3804 si
1221 3745 1302 3805 Deus
1316 3744 1372 3805 Dei
1389 3745 1534 3825 proprius
1549 3744 1644 3817 lilius,
1666 3744 1732 3824 ipse
1751 3750 1799 3805 est
1810 3746 1905 3807 etiam

1132 3836 1239 3896 matris
1257 3835 1393 3915 Virginis
1411 3836 1555 3916 proprius
1571 3835 1666 3912 filius,
1686 3836 1812 3915 proprie
1831 3855 1905 3898 enm

1132 3928 1286 4007 genuerit.
1313 3927 1471 4007 Alioquin,
1496 3929 1520 3988 si
1543 3928 1597 3989 ille
1620 3928 1746 4008 proprie
1764 3946 1831 3989 non
1853 3948 1905 4008 gc·

313 4021 452 4084 Acacium
466 4020 560 4081 verba
573 4020 748 4099 relegemus
764 4038 771 4079 :
786 4017 819 4078 in
829 4016 942 4097 quibus
951 4017 1083 4079 Nestorii
1132 4020 1246 4096 nuerit,
1265 4037 1323 4081 nec
1339 4020 1392 4081 ille
1412 4020 1559 4101 proprius
1577 4026 1624 4081 est
1641 4019 1742 4097 filius3
1758 4022 1906 4104 proprius

313 4131 422 4191 nugas,
438 4113 501 4173 sive
522 4110 731 4191 blasphemias
747 4109 862 4188 potius,
882 4127 954 4170 cum
974 4110 1081 4171 Orien·
1132 4117 1177 4174 est
1190 4118 1305 4181 autem
1324 4130 1398 4192 ergo
1419 4113 1473 4173 illa
1490 4112 1615 4193 proprie
1632 4115 1759 4191 genuit;
1781 4132 1905 4176 rernm-

312 4204 421 4265 talium
446 4204 676 4265 Getholirorum
700 4201 888 4281 professione
913 4203 1080 4263 contendit.
1133 4209 1239 4267 temen
1263 4204 1436 4266 seeundum
1463 4205 1701 4282 humanitatem,
1730 4207 1904 4269 secundum

313 4296 470 4357 Nestorius
484 4296 570 4357 euim
590 4296 624 4356 in
644 4294 843 4355 concionibus
857 4294 920 4354 suis
941 4294 1080 4355 dixerat:
1133 4313 1228 4378 quarn
1241 4297 1344 4376 potuit
1360 4297 1441 4358 Deus
1454 4297 1580 4358 nesci.»

313 4388 412 4450 Deum
435 4406 473 4448 ex
498 4387 612 4448 Christi
639 4386 790 4465 genitrice
814 4385 1017 4466 processisse3
1048 4391 1083 4447 ut
1173 4389 1241 4449 Vll.
1256 4387 1398 4448 Eximius
1408 4394 1455 4449 est
1467 4388 1602 4450 Facundi
1619 4390 1851 4453 Hermaniensis
1865 4392 1903 4454 de
1988 4422 2020 4431 ··

315 4480 483 4559 Scripture
496 4481 619 4541 docent.
636 4480 735 4539 Deum
748 4483 853 4538 autem
868 4495 906 4538 ex
919 4477 1085 4557 ipscgeni·
1132 4481 1191 4542 hec
1215 4496 1249 4540 rc
1272 4479 1361 4542 locus
1384 4499 1392 4540 :
1418 4480 1473 4560 qui
1500 4481 1715 4543 Nestorianam
1741 4482 1902 4562 perfidiam

315 4580 392 4647 ιιιιιι,
413 4571 501 4632 nullo
523 4571 615 4632 modo
629 4570 780 4631 docuisse.
796 4569 842 4628 Ex
854 4586 917 4647 quo
936 4569 1084 4648 consequi
1132 4571 1240 4632 lethali
1253 4572 1346 4651 plaga
1359 4572 1501 4634 concidit.
1522 4573 1581 4646 Qui
1595 4579 1665 4653 post
1681 4592 1904 4637 commemores

315 4662 449 4742 cyrillus
458 4664 512 4740 nit,
528 4664 605 4723 duos
620 4662 653 4722 in
667 4661 748 4722 tilios
758 4678 860 4721 unum
874 4660 967 4721 dividi
981 4680 989 4735 ;
1005 4678 1082 4739 quo·
1132 4669 1198 4724 tam
1211 4680 1249 4723 cx
1262 4663 1342 4723 libro
1356 4664 1447 4724 tertio
1462 4663 1570 4725 Hilarii
1584 4666 1770 4727 senteutiam
1787 4666 1812 4743 ⁸,
1832 4686 1903 4747 quae

313 4773 386 4816 rum
411 4754 488 4815 alter
510 4755 657 4830 seorsim,
687 4752 894 4833 privatimque
922 4751 960 4812 sit
980 4751 1079 4824 illius,
1137 4756 1328 4835 oproprium
1344 4760 1375 4817 ct
1387 4774 1496 4817 verum
1509 4756 1682 4819 esseillium
1697 4759 1753 4819 Dei
1764 4760 1819 4838 qui
1832 4779 1903 4822 cru·

315 4847 464 4923 Christus,
494 4851 525 4907 et
552 4846 713 4921 Dominus,
739 4845 794 4925 qui
816 4850 863 4906 est
886 4842 1025 4905 Verbum
1043 4861 1082 4904 ex
1134 4845 1241 4907 citisus
1255 4852 1312 4924 est,
1328 4868 1344 4905 ι)
1359 4846 1514 4909 affirmet:
1530 4848 1615 4910 unde
1633 4848 1758 4928 colligit,
1779 4852 1903 4913 aenam

314 4941 406 5002 Patre
420 4938 581 5019 genitum:
604 4938 683 4999 elter
695 4955 769 4999 vero
785 4938 950 5016 separatim
963 4935 1082 5012 itidem,
1134 4940 1234 5001 Deum
1246 4956 1331 5015 vere,
1347 4944 1378 5000 et
1392 4941 1515 5021 proprie
1536 4941 1662 5003 Patrem
1676 4960 1742 5004 esse
1765 4943 1904 5006 mucilixi

350 5157 370 5197 a
390 5142 498 5196 Cranen.
515 5139 595 5211 epist.
609 5138 651 5194 ud
666 5143 754 5196 Aeac.
773 5140 804 5194 Οι
820 5139 846 5193 at
860 5139 973 5193 ιεοτικοι
988 5138 1079 5212 dropt·
1137 5140 1315 5214 ἀιιρωιιότητι.
1331 5142 1400 5200 Vido
1422 5149 1449 5201 et
1470 5144 1549 5216 epist.
1567 5160 1594 5202 tv
1611 5146 1707 5217 Cyrilli
1734 5153 1761 5204 ct
1783 5147 1848 5207 dini.
1869 5148 1905 5208 de

313 5226 382 5286 ζουσι
398 5223 441 5291 τὴν
457 5222 528 5295 ἅγιαι
542 5224 671 5295 παρθένοι,
686 5223 730 5277 ἕνα
750 5243 777 5278 τε
800 5219 945 5296 εἶναίφασιν
959 5221 1021 5293 uide,
1037 5225 1078 5277 nel
1135 5226 1254 5288 Iuraret.

314 5306 431 5379 Χριστὸν,
450 5307 491 5360 καὶ
514 5307 607 5379 κύριοι,
635 5307 728 5362 τέλειον
748 5305 772 5362 ἔν
796 5308 905 5376 dett-qn,
931 5306 1023 5360 τέλειον
1052 5304 1076 5360 ἔν

345 5500 354 5543 t
369 5498 465 5545 '1⁴0le
477 5500 588 5557 coepas.
602 5496 683 5546 tt-e
698 5499 740 5545 l’cl.
753 5507 769 5545 ι.
783 5501 810 5545 lV
824 5500 945 5549 conc-8
959 5500 984 5545 ln
997 5500 1052 5546 calc.
1069 5499 1178 5546 Iron-l
1189 5501 1252 5546 'lom
1265 5500 1296 5545 lll
1306 5500 1460 5547 corrue·
1471 5501 1485 5545 h
1498 5500 1597 5548 Vocant.
1612 5502 1652 5548 llh.
1661 5502 1678 5554 l,
1689 5492 1750 5555 err,
