4036 6162
568 353 619 416 DE
637 352 937 429 Iactantibus,
959 355 1032 419 LIB.
1055 354 1095 418 11.
1118 355 1202 420 cae.
1225 356 1262 419 Χ.
1648 358 1707 420 θθθ

124 523 191 584 dem
211 519 356 582 hommes
379 519 478 581 aversi
495 537 513 580 a
540 520 595 581 Dei
617 512 888 600 contemplatione,
939 520 1092 583 baberent
1109 520 1263 600 homines,
1283 539 1340 602 per
1357 539 1462 601 quana
1481 523 1591 603 spretis
1608 523 1710 604 abjec-

124 633 156 676 ac
176 612 264 675 velut
286 613 320 673 in
341 610 533 693 profundum
559 611 703 689 demersi,
723 611 832 673 deliris
856 613 891 674 in
940 613 1041 694 lisque
1049 613 1301 691 damonibus,ad
1313 617 1410 676 Deum
1418 621 1544 695 possent
1552 617 1707 679 accedere.

124 714 237 769 aarum
267 704 382 778 oculis,
415 706 449 766 in
481 705 702 784 generatione,
737 704 892 784 rebusque
944 706 1107 768 «Maxime
1134 723 1219 781 verr),
1247 707 1359 787 inquit,
1388 725 1452 768 suae
1486 707 1709 770 lucarnationis

125 798 318 862 sensibilibus
333 800 432 860 Deum
454 798 669 878 inquirebant,
688 817 723 859 ac
745 798 892 860 mortales
942 799 1083 878 exemplo
1097 799 1130 860 iel
1148 799 1312 862 salubriter
1328 801 1489 880 persuasit,
1511 807 1547 862 ut
1560 803 1710 881 quoniam

125 893 277 963 homines,
305 897 336 953 et
360 892 516 953 daemones
535 890 594 952 sibi
614 891 688 951 deos
708 891 889 970 fingebant:
941 889 1086 951 homines
1098 890 1237 971 plerique
1251 892 1421 954 divinitatis
1435 891 1526 967 avidi,
1542 911 1599 973 per
1611 899 1710 973 potes·

125 987 239 1049 ideirco
251 1002 359 1046 amans
379 983 555 1059 hominum,
571 980 807 1062 communisque
825 981 894 1043 Sal·
941 987 1021 1043 tates
1043 982 1188 1052 coelestes,
1203 1002 1280 1063 quas
1300 984 1374 1045 deos
1397 989 1554 1063 putarent,
1571 986 1711 1065 ritusque

127 1084 213 1139 rator
224 1075 366 1137 omnium
382 1075 435 1135 Dei
450 1075 590 1136 Verbum
602 1074 661 1135 sibi
682 1092 794 1153 corpus
807 1091 892 1134 assu·
942 1090 1039 1133 vanos
1051 1074 1231 1136 illicitorum
1249 1094 1313 1136 non
1328 1093 1498 1152 sacrorum,
1518 1076 1572 1136 sed
1583 1078 1707 1138 sacrile-

128 1171 192 1247 mit,
213 1173 246 1230 et
262 1173 413 1247 tanquam
431 1167 527 1227 homo
545 1167 626 1228 inter
635 1166 777 1228 homines
790 1183 894 1227 verse-
943 1165 1078 1244 giorum,
1106 1166 1308 1229 ambiendum
1335 1167 1392 1228 sibi
1418 1167 1645 1229 arbitrarentur
1671 1169 1711 1229 ad

126 1268 197 1324 tur:
219 1277 377 1322 assensus
397 1260 564 1321 hominum
585 1260 728 1321 omnium
742 1264 891 1336 occupat:
944 1259 1054 1334 Deum,
1069 1258 1168 1337 magis
1188 1259 1332 1338 superbe,
1349 1276 1443 1338 quam
1461 1258 1510 1339 pie
1527 1278 1534 1319 :
1552 1278 1614 1339 qua
1631 1260 1665 1320 in
1678 1277 1712 1320 re

127 1354 228 1434 utqui
255 1352 412 1432 corporeis
435 1352 469 1411 in
490 1352 584 1413 rebus
597 1352 695 1412 inesse
709 1351 808 1412 Deum
823 1367 894 1412 cum
943 1367 1001 1430 pro
1017 1350 1134 1428 angelis
1147 1352 1262 1411 sanctis
1275 1351 1319 1411 eis
1331 1369 1363 1411 se
1382 1351 1539 1412 daemones
1559 1350 1711 1430 superbia

127 1447 236 1509 animis
253 1445 317 1506 suis
334 1449 524 1524 reputarent,
541 1462 580 1505 ex
591 1444 639 1516 iis,
658 1461 729 1523 quae
744 1442 895 1503 Dominus
944 1442 1127 1520 cogitatione
1141 1448 1321 1523 supponunt
1338 1463 1345 1503 ι
1362 1445 1474 1504 scirent
1493 1443 1634 1504 homines
1647 1449 1713 1503 tam

126 1558 177 1620 per
189 1556 286 1619 opera
300 1538 439 1617 corporis
465 1537 607 1611 efficeret,
625 1535 787 1597 acritatem
806 1534 895 1595 intel·
945 1534 1123 1614 proximum
1146 1551 1212 1596 esse
1232 1536 1331 1596 Deum
1351 1535 1457 1615 pietati
1478 1535 1657 1612 hominum,
1673 1535 1712 1594 ad

127 1631 267 1711 ligarent,
283 1647 320 1690 ac
335 1647 390 1709 per
404 1629 506 1708 ipsunt
520 1628 557 1688 ad
574 1627 672 1691 Patris
685 1645 718 1688 se
732 1626 895 1705 cogitatio·
945 1645 1039 1706 quem
1052 1627 1137 1688 velut
1147 1627 1239 1706 longe
1265 1628 1415 1707 positum,
1439 1646 1495 1708 per
1518 1627 1714 1707 mterpositas

127 1741 196 1786 nem
209 1722 452 1784 attollerent·¹.s
944 1724 1109 1800 potestates
1120 1719 1308 1792 ambiebant,
1326 1725 1361 1780 ut
1380 1720 1540 1781 bominem
1558 1721 1714 1800 suscipere

162 1815 249 1876 XIV.
262 1813 428 1891 Gregorius
439 1812 514 1873 item
526 1812 694 1892 Nyssenus,
710 1816 898 1889 «propterea
946 1812 1145 1891 dignaretur;
1163 1817 1194 1872 et
1211 1829 1284 1872 cum
1301 1811 1354 1873 illo
1368 1812 1453 1872 uniri
1470 1812 1712 1891 quodammodo,

128 1908 223 1969 Deum
233 1906 364 1966 incarne
373 1911 571 1984 conspectum
581 1921 656 1975 esse,
669 1908 700 1963 et
714 1919 786 1962 oum
794 1902 895 1962 homi-
946 1910 983 1965 ut
996 1905 1025 1964 ei
1038 1907 1081 1965 sic
1095 1910 1290 1984 coaptaretur
1303 1904 1398 1964 bomo
1411 1909 1504 1979 totus,
1516 1903 1716 1983 quemadmo-

127 1999 215 2061 nibus
232 2002 390 2059 vermium
408 1997 470 2071 ait;
495 2001 530 2057 ut
552 2013 592 2056 ne
613 1995 745 2074 amplius
772 1994 817 2054 illi
839 2013 896 2074 pro
947 1996 1023 2057 dum
1049 1996 1162 2058 animas
1191 2014 1301 2075 corpus
1315 2016 1344 2057 ο.
1362 1998 1401 2055 Et
1427 1996 1461 2055 in
1484 1995 1564 2056 libro
1587 1993 1622 2055 de
1645 2012 1715 2055 aare

127 2091 277 2153 animisui
304 2089 455 2150 sententia
469 2088 508 2149 de
527 2087 657 2167 eoquod
672 2092 717 2146 cst
731 2086 896 2166 opinaren-
946 2088 1099 2169 Religione
1111 2089 1209 2168 capite
1224 2104 1271 2148 ιν.
1290 2087 1467 2166 «Idipsum,
1482 2086 1595 2166 inquit,
1609 2092 1715 2147 actum

127 2190 176 2244 tur
189 2203 196 2244 :
209 2178 701 2262 nequeeollecusexqutbuscam
714 2177 897 2256 conjecturis
947 2187 992 2242 est
1008 2181 1172 2253 temporali
1192 2180 1419 2260 dispensatione
1439 2178 1624 2239 adsalutem
1641 2195 1713 2238 nos·

129 2276 315 2355 suspiciones
327 2291 384 2353 pro
398 2274 489 2348 veris,
503 2279 536 2333 at
553 2271 651 2332 firmis
665 2270 794 2331 decretis
802 2269 899 2330 habe-
946 2280 1040 2349 tram,
1055 2277 1090 2333 ut
1103 2278 1247 2333 naturam
1262 2272 1433 2332 humanam
1453 2271 1520 2350 ipsa
1533 2270 1590 2331 Dei
1604 2270 1713 2343 virtus,

130 2366 218 2430 rentl
234 2386 243 2426 ι
260 2388 274 2423 ι
289 2366 327 2427 de
346 2366 384 2426 iis
406 2384 512 2443 agens,
535 2382 606 2444 quae
629 2363 668 2424 ad
686 2364 785 2423 Deum
802 2362 897 2441 perti·
947 2371 979 2427 et
1005 2367 1059 2428 Dei
1080 2365 1228 2444 sapientia
1248 2363 1511 2424 incommutabilis
1530 2368 1560 2423 et
1581 2361 1715 2423 consub-

129 2466 220 2535 nent;
236 2476 305 2538 que
317 2458 387 2519 ideo
400 2476 457 2537 per
477 2474 509 2517 se
531 2457 630 2517 Deum
652 2454 812 2516 hominem
833 2453 897 2515 lac·
949 2459 1098 2520 stantialis
1111 2457 1208 2532 Patri,
1226 2462 1257 2517 et
1268 2462 1422 2518 coeterna
1436 2456 1590 2535 suscipere
1607 2455 1716 2529 digna·

130 2560 209 2628 tum,
227 2551 384 2612 elocutum
395 2566 460 2610 esse
470 2549 556 2609 dieii.
947 2557 1034 2612 retur
1046 2572 1054 2626 ;
1073 2567 1236 2630 perquam
1249 2567 1306 2609 nos
1322 2548 1455 2622 doceret,
1471 2547 1504 2609 id
1518 2565 1583 2608 esse
1597 2546 1718 2607 homini

166 2643 303 2724 Cyrillus
316 2641 543 2703 Alexandrinus
564 2640 596 2701 ia
619 2637 743 2700 laciom-
776 2639 899 2715 «Opus
948 2643 1124 2719 colendum,
1143 2642 1227 2722 quod
1246 2641 1285 2701 ab
1306 2641 1393 2701 omni
1412 2646 1554 2702 creatura
1575 2640 1717 2700 intellec-

131 2742 205 2811 erat,
219 2734 333 2815 inquil,
346 2733 474 2794 omnino
484 2732 645 2813 sapientia,
656 2737 687 2791 θῐ
696 2730 900 2809 intelligentia
949 2736 1024 2798 tuali
1037 2742 1068 2796 et
1079 2735 1223 2796 rationali
1236 2733 1400 2794 colendum
1419 2738 1475 2794 est.
1484 2753 1507 2825 p
1525 2734 1568 2793 De
1581 2732 1641 2793 hac
1658 2731 1717 2791 im·

130 2828 166 2888 iis
178 2828 235 2907 qui
250 2826 470 2886 munerarent
483 2845 491 2885 ι
506 2825 560 2902 qui
580 2822 620 2884 ob
642 2823 796 2901 insignem
817 2822 900 2882 stoli·
948 2834 1069 2909 portata
1087 2846 1142 2908 per
1168 2828 1324 2888 Christum
1348 2826 1415 2886 veri
1429 2827 1483 2887 Dei
1506 2825 1628 2902 notitia,
1650 2823 1718 2902 lege

131 2919 259 2980 (litatem
279 2936 345 2998 pru
369 2918 514 2978 creatore
528 2920 701 2977 creaturam
714 2913 898 2991 adorabant,
949 2921 1141 2983 Bernardum
1156 2937 1299 2983 sermone
1313 2935 1344 2980 τι
1359 2916 1530 2979 incantica.

130 3031 163 3073 ac
174 3010 281 3089 lignis,
297 3016 329 3071 et
340 3009 494 3089 lapidibus
512 3009 585 3069 deos
603 3005 822 3082 inscribebant,
840 3011 898 3067 etc.

131 3102 318 3184 Hujusmodi
336 3103 421 3162 enim
443 3107 532 3163 erant
549 3101 691 3180 gentium
709 3097 830 3172 morbi3
847 3097 900 3158 sed

130 3215 184 3276 per
211 3195 305 3256 illum
330 3193 467 3255 ίίίιττοίω
493 3199 587 3267 sunt3
608 3192 724 3272 quippe
753 3190 901 3267 sapientia

130 3288 325 3369 locupletatus
356 3292 430 3346 snut
462 3286 502 3346 ab
530 3286 608 3366 ipso,
638 3288 669 3344 et
693 3281 901 3361 intelligentes

131 3379 216 3443 lacte
236 3384 337 3440 sante.
354 3399 369 3436 ο
387 3379 491 3439 blavis
510 3375 680 3456 disciplinae
699 3374 768 3448 fuit,
791 3373 896 3433 doctri·

132 3490 244 3552 noque
265 3470 395 3533 coelestis
422 3468 558 3531 adivino
582 3466 729 3547 magistro
747 3465 782 3526 in
803 3469 902 3526 terras

134 3564 233 3626 allatae
245 3585 254 3640 ;
270 3582 340 3643 quaa
366 3562 475 3624 eadem
500 3566 532 3622 et
556 3560 665 3638 religio
693 3565 725 3618 et
751 3557 902 3636 sapientia

133 3656 245 3718 dicitur
261 3677 269 3717 ι
283 3656 364 3717 Nam
395 3654 458 3714 oin
484 3652 633 3732 sapientia
656 3649 777 3728 religio,
812 3653 843 3708 et
870 3649 902 3708 in

132 3749 282 3827 religione
296 3746 446 3827 sapientia
456 3750 510 3808 est.
526 3746 606 3820 Ergo
619 3760 685 3803 non
694 3746 795 3821 potest
803 3758 903 3819 segre

134 3843 210 3921 gari,
226 3840 272 3901 ait
288 3836 475 3900 Lactantius¹
491 3856 499 3912 ;
517 3836 590 3916 quia
604 3851 711 3913 sapere
726 3832 805 3892 nihil
818 3830 902 3891 aliutl

135 3940 189 4009 est,
204 3932 268 3994 nisi
284 3933 384 3994 Deum
400 3947 510 3992 verum
527 3928 629 4008 justis,
646 3942 683 3987 ac
697 3925 755 4004 piis
773 3923 904 3985 cultibus

135 4027 290 4089 bonorare
304 4046 335 4085 n.

175 4118 369 4198 Augustinus
389 4133 463 4177 vero
489 4114 523 4174 in
540 4111 667 4193 epistola
687 4109 778 4171 tertia
803 4106 905 4169 nomi·

139 4212 234 4275 nolim
250 4210 318 4272 ideo
339 4208 415 4271 dicit
436 4207 632 4269 incarnatnm
652 4221 717 4266 esse
739 4204 849 4276 Deum,
872 4206 907 4260 ut

172 4448 194 4488 a
212 4433 298 4488 Clau.
309 4430 400 4487 vsa.
411 4426 511 4494 Ἐπειδὴ
526 4424 730 4498 γάροίάνθρωποι
744 4420 909 4493 ἀποστραρίν-
994 4417 1011 4473 b
1029 4416 1110 4474 Nisa.
1127 4414 1188 4471 init.
1205 4411 1254 4469 lib.
1268 4412 1279 4467 l
1292 4416 1367 4467 amal.
1386 4413 1465 4466 Eun.
1480 4400 1557 4469 Οθτσς
1573 4405 1612 4460 ἀπὶ
1625 4410 1668 4474 τῆς
1681 4411 1727 4479 γῆς

138 4512 337 4586 τεςπλνπρθςτθν
347 4511 401 4564 θεὸν
413 4510 526 4582 θεωρίαν,
535 4508 577 4561 καί
591 4508 625 4569 ὡς
640 4505 664 4559 ἓν
671 4506 736 4578 βυθῷ
751 4504 906 4576 βοθισθέντις,
957 4502 1035 4573 ὤφθη,
1051 4500 1091 4553 καί
1113 4500 1164 4560 τοῖς
1183 4496 1318 4569 ἀνθρώποις
1336 4493 1528 4565 συναντστράρη,
1541 4491 1584 4544 ἵνα
1603 4491 1688 4562 μηκέτι
1702 4490 1726 4545 oi

138 4592 524 4667 κάτωτσθςάρθαλροθςέχοντις,
540 4590 564 4644 ἓν
570 4589 717 4663 quintiani
723 4590 775 4649 τοῖς
788 4585 911 4654 αἰσθητοῖς
958 4586 1080 4657 ἅνθρωποι
1093 4580 1156 4636 κατὰ
1169 4580 1211 4643 τάς
1226 4578 1318 4633 ἑαυτῶν
1332 4579 1432 4651 γνώμας
1444 4576 1498 4648 περί
1513 4582 1557 4630 τοῦ
1572 4575 1642 4636 ὄντος
1655 4572 1727 4638 θοξά-

140 4681 183 4735 τθν
206 4680 259 4734 θεὸν
273 4679 415 4746 ἀνεζήτουν,
437 4675 579 4748 ἀνθρώπως
596 4674 706 4742 θνητοὺς,
726 4671 767 4725 καί
790 4672 909 4742 δαίμονας
958 4671 1028 4732 (aar.

141 4758 530 4832 ίωτοῖςθεοῑιςάνατιιποθρινοι·
548 4759 635 4812 τούτου
657 4754 755 4811 ἔνεκαθ
772 4754 909 4826 φιλάνθρω·
994 4750 1093 4805 oCra.
1118 4747 1165 4803 lib.
1185 4746 1215 4817 V,
1232 4751 1300 4802 lom.
1325 4744 1349 4801 ll
1371 4747 1404 4800 in
1425 4746 1497 4799 Esa.
1518 4739 1592 4795 Ἔδει
1613 4741 1660 4814 γάρ
1678 4740 1727 4794 ἔθει

140 4864 196 4909 τος,
211 4847 251 4899 καὶ
263 4845 344 4907 κοινθς
357 4844 455 4897 πάντων
466 4840 558 4913 σωτὴρ,
572 4841 587 4893 θ
604 4845 648 4894 τοῦ
662 4840 716 4892 θεοῦ
727 4839 802 4909 λόγος
812 4836 909 4908 λαρὸἀ·
958 4833 1054 4904 σορίας,
1069 4830 1110 4883 καί
1120 4830 1239 4892 συνέσεως
1252 4829 1305 4892 τοῖς
1322 4827 1524 4899 πεπλανημένοις,
1539 4826 1563 4878 ol
1576 4824 1617 4878 θιά
1633 4822 1727 4893 πολλὴν

141 4946 176 4981 νει
188 4928 267 5001 ίαιιτῷ
281 4922 365 5000 σῶμα,
378 4927 418 4979 καί
429 4924 462 4986 ὡς
477 4924 602 4996 ἅνθρωπος
616 4921 640 4976 ἐν
651 4921 785 4993 ἀνθρώποις
797 4917 909 4989 ἀναστρί·
959 4915 1104 4987 ἀὸιλτηρίαν
1127 4911 1309 4984 προσεκύνησαν
1329 4915 1359 4984 τῇ
1373 4911 1449 4965 κτίσει
1464 4907 1531 4981 παρὰ
1545 4907 1586 4961 rba
1599 4908 1726 4973 κτίσαντα,

141 5029 221 5081 ριται,
230 5012 271 5065 καί
284 5010 327 5073 τάς
339 5008 460 5076 αἰσθήσεις
468 5007 566 5060 πάντων
581 5004 713 5077 ἀνθρώπιον
727 5002 905 5077 προλαρθάνιι,
959 4999 1037 5062 ξύλοις
1049 4997 1092 5050 καί
1108 4995 1185 5058 λίθοις
1200 4994 1365 5069 ἐπεγράφοντο
1378 4995 1456 5057 θεσίις,
1474 4999 1527 5048 eto.
1541 4985 1621 5045 Ταῦτα
1637 4990 1683 5062 γάρ
1697 4986 1726 5057 ἣν

140 5094 184 5146 ἵνα
206 5094 231 5147 οί
253 5093 276 5147 ἀν
297 5093 446 5165 σωματικοῖς
460 5094 571 5154 νοοῦντες
581 5083 642 5142 εἶναι
657 5088 699 5143 τθν
711 5088 774 5151 laba,
790 5085 831 5156 ἀφ’
846 5080 880 5137 ὧν
896 5083 910 5136 ὁ
959 5083 990 5138 τὰ
1007 5087 1057 5137 τῶν
1076 5078 1149 5133 ἐθνῶν
1161 5078 1352 5151 ἀρρωστήματα·
1367 5075 1533 5149 λελιίτρωνται
1551 5073 1577 5126 bl
1589 5074 1621 5126 δι’
1641 5072 1724 5126 αὑτοῦ.

141 5176 223 5249 καίριος
237 5176 361 5250 ίρηάζεται
373 5175 415 5228 διὰ
429 5181 478 5229 τῶν
489 5178 533 5228 τοῦ
545 5173 660 5246 σώματος
673 5171 761 5244 ἔργων,
777 5169 820 5224 ἀπ’
828 5168 909 5222 αιἰτῶν
958 5165 1141 5233 sitalcus-laesa
1159 5162 1206 5235 γὰρ
1227 5161 1271 5230 τὴν
1296 5160 1354 5234 παρ’
1378 5160 1452 5214 abaci
1473 5153 1727 5229 σορίαν,καίσιινετιιί

142 5262 248 5327 νοήσωσι
257 5261 301 5329 την
315 5260 440 5329 ἀληθειαν,
461 5258 502 5312 καί
527 5258 559 5311 δι’
579 5250 654 5311 αὑτοῦ
668 5257 709 5310 τθν
730 5255 824 5326 πατέρα
838 5251 909 5324 λοηί·
959 5250 1073 5323 ηιηθνασι
1092 5268 1099 5303 :
1115 5262 1179 5317 quta
1194 5245 1343 5317 Procopius
1358 5244 1484 5300 imilalus
1497 5239 1626 5312 quiedam
1643 5237 1726 5294 etlam

144 5361 244 5397 σιωται.
960 5331 1104 5404 exscripsit
1117 5329 1152 5386 ad
1167 5329 1293 5387 terbum.

173 5522 186 5563 t
203 5518 259 5566 laet
270 5520 287 5567 l.
300 5520 364 5571 lm.
376 5531 412 5564 ur.
