4072 6164
360 301 421 363 588
876 304 1202 370 rflnomolcouutt
1221 304 1441 372 DOGMATUM

360 468 507 543 maxime,
524 475 556 531 οῖ
577 470 697 551 quinta,
720 476 817 543 sexta,
840 472 969 552 aliisque
988 471 1130 552 eomplu-
1179 478 1346 552 quaerant
1359 474 1497 553 eorporis
1508 473 1643 554 propria,
1656 460 1859 535 teritVerbnm
1866 490 1921 535 eor-

360 560 458 637 ribus‚
478 567 544 637 tam
557 563 686 641 epistola
699 564 759 625 ista
773 565 880 645 Cyrillt
895 563 935 625 ad
946 564 1129 640 Nestorium,
1180 567 1265 644 poris
1276 582 1397 646 expers,
1412 573 1471 639 ete,
1488 566 1567 627 Nam
1580 582 1651 645 quse
1664 566 1758 627 Verbi
1770 567 1922 627 humanitas

362 670 457 732 quam
485 653 546 714 alie
580 655 724 733 quaedam
757 656 896 735 ejusdem
929 657 1041 736 seripta
1071 674 1129 737 pro
1179 657 1365 736 patiebatur,
1381 676 1418 720 ee
1430 658 1571 719 Verbum
1592 675 1665 718 eum
1684 656 1737 718 illa
1755 658 1920 738 eopulatom,

362 745 463 812 sertis,
485 751 516 807 et
532 746 711 808 orthodoxis
720 748 868 828 judicata,
884 754 915 809 et
927 749 962 811 in
975 762 1130 810 summam
1179 750 1219 811 ad
1233 764 1266 811 se
1277 751 1380 830 ipsum
1386 749 1538 811 referebat
1550 754 1603 825 ;ut
1611 766 1670 810 nos
1680 749 1839 811 divinitatis
1845 750 1922 811 Verbi

362 838 577 899 austeritatem
595 847 754 921 assumpta
766 841 893 903 fuerint.
909 842 958 903 Ibi
976 856 1049 917 ergo
1068 844 1129 922 Cy·
1179 842 1344 921 participes
1357 859 1422 904 esse
1434 838 1621 922 pessimum.

361 928 1130 995 rilluseommunionemaffeationnmhumanmum
1222 937 1261 995 tt
1293 932 1425 1014 Cyrlllue
1460 933 1494 995 in
1528 934 1657 1015 epistola
1689 931 1730 994 od
1760 932 1922 997 Valeriorum

362 1022 433 1083 ideo
446 1039 541 1102 penas
554 1023 694 1086 Verbum
716 1024 809 1087 fuisse
831 1026 917 1103 dicit,
939 1027 1023 1106 quod
1036 1027 1131 1105 hujus
1178 1027 1354 1107 episcopam,
1387 1048 1403 1085 u
1430 1028 1528 1089 Deum
1555 1026 1694 1087 Verbum
1720 1026 1822 1088 usserit
1840 1026 1922 1088 homi-

362 1113 489 1195 propria
512 1134 583 1176 earo
607 1117 657 1178 sit.
684 1119 791 1198 Itaque
814 1123 924 1180 natum
950 1134 1030 1192 essa,
1060 1134 1129 1199 pas-
1180 1136 1254 1179 nem
1283 1118 1416 1193 metum,
1451 1117 1657 1198 immtibilem
1686 1117 1807 1197 quidem
1837 1119 1923 1181 dirius

362 1222 495 1287 eumque
510 1207 650 1270 Verbum
670 1226 728 1271 nos
750 1211 863 1287 diuers,
885 1234 899 1264 ι
921 1207 994 1290 quta
1019 1226 1131 1291 eorpus
1180 1215 1292 1270 natura
1315 1210 1486 1285 mansisse3
1503 1210 1557 1272 sed
1579 1209 1750 1271 neeessario
1763 1226 1815 1271 sua
1830 1208 1922 1273 iasim-
1992 1220 1993 1237 ³

361 1298 459 1369 illud,
488 1300 573 1380 quod
599 1302 695 1381 ipsius
723 1303 885 1383 proprium
916 1301 1032 1364 factum
1063 1310 1127 1380 eat,
1179 1306 1255 1378 tem,
1280 1316 1351 1382 qum
1373 1303 1474 1363 earnis
1495 1306 1585 1363 erant
1603 1319 1680 1379 suoe,
1705 1301 1854 1380 pertulisse
1865 1303 1921 1379 dici,
1992 1336 1993 1341 κ

361 1408 487 1471 pessum
505 1398 570 1453 est:
591 1393 661 1456 ideo
679 1394 747 1456 hmo
762 1395 868 1457 omnia
885 1412 942 1475 pro
962 1394 1053 1457 nobis
1066 1397 1131 1478 ipae
1180 1408 1251 1475 que
1266 1410 1338 1455 earo
1355 1393 1452 1474 ipsius
1462 1392 1590 1474 pertulit
1607 1403 1629 1454 ⁰.
1644 1417 1660 1449 ο
1682 1394 1721 1454 Εῖ
1734 1391 1923 1456 iuSctoliisde
1992 1394 1993 1401 ’

360 1483 473 1545 dicitur
486 1494 658 1562 passus⁰.s
1179 1484 1395 1547 Iueumntr'oae
1405 1485 1437 1546 id
1452 1482 1595 1565 exemplo
1609 1485 1723 1564 probet
1734 1487 1838 1548 anime
1850 1486 1923 1548 ratio

402 1577 448 1637 Ite
462 1576 599 1638 Gelasins
619 1577 703 1658 Papa
715 1579 749 1639 in
766 1578 846 1640 libro
865 1580 903 1641 de
922 1578 1033 1641 duobos
1046 1588 1132 1643 nota·
1179 1578 1270 1653 nolis,
1290 1595 1391 1657 aquae
1405 1594 1462 1639 sua
1473 1577 1545 1639 feeit
1558 1594 1604 1655 ea,
1621 1592 1695 1657 que
1708 1578 1748 1638 ad
1760 1578 1923 1658 corpusne

360 1666 455 1740 ris¹‚«
468 1669 568 1750 ipsam
582 1669 729 1732 deitatem
741 1672 786 1732 ait
802 1676 904 1733 totum
917 1672 1129 1750 snumfueera‚
1180 1671 1314 1732 nentt.»
1341 1673 1386 1732 Ita
1401 1675 1431 1732 οῖ
1452 1692 1468 1728 u
1481 1670 1622 1731 Verbum
1643 1671 1743 1732 earnis
1758 1670 1923 1733 infirmitates

361 1759 511 1839 quidquid
535 1779 607 1823 earo
628 1781 774 1843 perpessa
790 1770 860 1825 eat:
884 1765 964 1826 sieut
991 1772 1023 1826 et
1048 1766 1131 1827 filius
1178 1768 1329 1842 tanquam
1348 1763 1487 1842 eorporis
1509 1763 1557 1823 sui
1582 1763 1725 1842 proprias
1738 1762 1794 1823 sibi
1811 1761 1921 1843 impub-

360 1850 498 1914 hominis
515 1871 608 1915 auum
619 1855 715 1918 habet
727 1862 829 1919 totum
838 1853 990 1938 quidquid
1004 1857 1128 1919 estDei:
1179 1855 1223 1916 vit
1233 1864 1286 1915 1.»
1306 1856 1385 1916 Item
1399 1853 1570 1934 inepistola
1589 1854 1631 1917 ad
1643 1852 1819 1916 Menoetae:
1839 1855 1921 1927 eone

360 1949 392 2006 et
405 1945 463 2006 sub
476 1962 685 2026 nnapersona
705 1949 817 2010 merito
840 1967 922 2012 unus
941 1957 1033 2028 atque
1046 1950 1129 2011 idem
1179 1948 1280 2008 earnis
1300 1952 1384 2024 aunt,
1413 1963 1469 2008 sua
1495 1946 1577 2022 tecit,
1603 1953 1641 2007 nt
1654 1952 1686 2008 et
1705 1946 1766 2026 pati
1786 1946 1920 2026 proprium

360 2036 473 2099 dieitur
485 2038 560 2117 poti,
576 2039 770 2120 quidquidut
783 2042 969 2102 Deushomo
982 2043 1126 2121 patitur.»
1179 2040 1299 2101 dicatur
1311 2039 1407 2119 ipsius
1421 2037 1448 2098 ²¹.
1463 2058 1479 2096 ο
1494 2040 1535 2099 nt
1543 2038 1619 2100 alibi
1635 2040 1759 2118 saepius.
1774 2039 1821 2100 Sia
1832 2038 1921 2098 Paulus

360 2130 427 2204 Quo
441 2129 475 2191 iu
488 2131 556 2193 1οοο
582 2131 644 2193 duo
658 2133 712 2193 ilia
730 2134 845 2194 Grecis
859 2133 1055 2212 frequentata
1069 2135 1129 2196 Pa·
1180 2131 1350 2193 Emesenus
1368 2132 1401 2192 in
1420 2131 1550 2192 homilia
1563 2130 1758 2192 alexandrie
1772 2144 1862 2191 eoram
1874 2130 1920 2208 Cy·

359 2222 460 2283 tribus
472 2221 600 2284 feliciter
621 2225 780 2303 expressit,
796 2240 866 2304 quoe
881 2232 926 2302 riv
938 2233 1061 2289 ἀντίδοσιν
1071 2226 1132 2288 effi·
1179 2224 1250 2284 riilo
1263 2225 1355 2295 dieta,
1373 2239 1458 2284 usna
1470 2224 1569 2283 t'arere
1585 2228 1631 2283 ait
1654 2222 1789 2283 Verbum
1807 2223 1852 2282 Dei
1863 2238 1919 2300 pro

359 2312 449 2375 siunt
465 2333 473 2374 r
488 2332 602 2395 nempe
615 2316 699 2394 quod
709 2335 791 2378 unus
802 2317 948 2397 idemque
959 2319 997 2379 ait
1007 2334 1046 2379 ex
1058 2319 1132 2379 dua·
1179 2317 1264 2395 prise
1276 2317 1324 2378 sui
1338 2316 1476 2396 eorporis
1488 2315 1679 2392 affectiones,
1703 2321 1734 2377 et
1755 2314 1792 2375 ad
1812 2315 1920 2394 seipsum

359 2404 420 2467 bus
433 2411 464 2468 et
477 2406 511 2467 in
526 2406 648 2468 duabus
671 2409 792 2471 naturis
811 2410 949 2471 Christus
969 2412 1129 2486 Dominus,
1179 2408 1605 2470 intemperamentum
1631 2408 1812 2488 Ancyreum
1822 2407 1916 2486 episto

231 2534 245 2562 ο
359 2504 391 2559 οῖ
419 2516 482 2558 una
502 2517 635 2577 persona
655 2501 753 2562 Verbi
770 2521 777 2561 r
793 2508 863 2563 tum
889 2503 984 2581 quod,
1004 2510 1132 2584 propter
1179 2514 1239 2580 pus
1252 2500 1572 2579 inhomilioquadem
1589 2498 1625 2560 de
1638 2500 1792 2560 nativitate
1813 2496 1917 2569 Domini

359 2591 666 2669 bujusindividuam,
677 2609 894 2674 summamque
906 2595 1131 2658 euminferiore
1185 2611 1197 2648 α
1211 2593 1322 2653 Nostra
1335 2593 1436 2652 Deum
1450 2592 1494 2652 ait
1504 2591 1609 2653 fecisse
1621 2608 1691 2666 suu,
1700 2608 1761 2651 non
1771 2588 1920 2651 naturaliter

358 2688 470 2745 natura
488 2684 750 2762 eonjunotionam,
773 2704 867 2747 auum
886 2687 959 2748 feeit
981 2688 1131 2767 quidquid
1179 2700 1245 2744 esse
1257 2702 1382 2763 passum
1393 2680 1417 2744 ν’.
1434 2704 1451 2741 ο
1466 2684 1555 2757 Quod
1568 2682 1737 2744 enimuero
1750 2681 1918 2760 Verbipatie

358 2772 433 2837 huie
445 2776 554 2837 aeoidit
570 2796 577 2836 :
593 2782 625 2837 et
637 2776 768 2839 vicissim
790 2782 891 2838 totum
912 2777 989 2838 illud
1011 2778 1132 2840 obtinet
1179 2773 1281 2850 batur,
1307 2776 1352 2835 ait
1373 2775 1556 2836 Ambrosius
1570 2774 1655 2851 ²,vel
1673 2792 1798 2836 nameus
1810 2773 1918 2833 incarne

358 2867 465 2943 homo,
482 2868 699 2949 quodcumque
715 2871 778 2930 Deo
791 2870 956 2930 tribuitur.
1180 2866 1236 2928 Dei
1258 2866 1400 2929 Verbum
1422 2862 1597 2946 patiebatur
1624 2884 1730 2941 earne,
1747 2867 1820 2927 siout
1842 2862 1917 2942 scrip

398 2959 482 3019 VHI.
498 2960 586 3032 Quod
601 2962 754 3038 posterius
776 2961 860 3043 (nam
882 2962 921 3022 de
935 2962 1037 3040 priore
1057 2962 1131 3022 satis
1178 2965 1248 3020 tum
1255 2962 1319 3031 est,
1338 2957 1455 3019 Cbrstto
1470 2960 1604 3020 incarne
1614 2958 1719 3039 passma
1731 2978 1739 3033 ;
1751 2959 1782 3018 in
1794 2956 1918 3034 sentique

359 3049 527 3131 estaotum)
544 3052 677 3128 Cyrillua
701 3071 756 3131 per
777 3054 910 3113 verbum
931 3060 1088 3129 οἰκειοῦσθαι,
1101 3061 1132 3116 οῖ
1180 3070 1237 3131 pro
1261 3051 1400 3130 eorporis
1418 3052 1630 3130 assumptione
1650 3050 1808 3125 referebat,
1825 3054 1918 3126 utque

360 3151 550 3216 ῖοιοποιεῖοθοι,
595 3144 644 3203 vel
684 3150 748 3205 ἴδιον
778 3153 920 3220 ποιεῖσθαι,
958 3145 1131 3223 significare
1179 3149 1286 3204 nostra
1304 3148 1388 3218 sunt,
1416 3142 1481 3223 ipse
1491 3145 1674 3222 susciperet,
1703 3149 1732 3205 et
1746 3142 1918 3203 suisoireum
1992 3136 1993 3149 ¹

361 3237 534 3310 consuevit,
558 3235 729 3315 itidemque
753 3236 820 3311 alii3
850 3252 929 3314 quos
947 3237 998 3297 vel
1031 3236 1131 3299 imita-
1179 3235 1305 3296 vestiret
1318 3232 1469 3295 humana.

363 3334 414 3389 tus
445 3325 497 3389 ille
519 3334 583 3403 est3
606 3328 655 3388 rel
687 3328 727 3388 ad
762 3327 967 3389 imitationem
1002 3328 1131 3390 adduxit
1221 3328 1338 3389 Rursus
1351 3326 1644 3387 commemorandus
1658 3327 1716 3388 boa
1733 3326 1795 3386 loro
1813 3322 1918 3403 cyntius

358 3421 418 3482 sui.
435 3419 621 3482 Athanasius
635 3420 787 3499 imprimis
804 3419 837 3480 in
848 3420 929 3481 libro
947 3419 982 3481 de
1003 3419 1131 3482 soluturi
1179 3418 1235 3497 q'ni
1248 3418 1327 3478 libro
1342 3418 1477 3479 seeundo
1502 3418 1535 3477 iu
1559 3417 1712 3491 loannem,
1740 3418 1834 3491 «Qun
1853 3412 1917 3474 nudo
1992 3426 1993 3487 ᾗ

359 3511 485 3574 adventu
496 3511 565 3573 lesu
582 3511 711 3585 Christi,
732 3513 836 3586 «Sua,
852 3511 964 3590 inquit,
978 3528 1047 3591 quae
1057 3517 1132 3572 sunt
1180 3510 1282 3570 Verbo
1296 3509 1626 3589 soliqueoonveniunt‚
1650 3510 1761 3589 inquit,
1774 3504 1916 3585 erumpo,
1992 3510 1993 3517 ’

358 3603 496 3683 eorporis
508 3604 644 3683 propria,
660 3602 731 3664 fecit
742 3602 764 3663 1.
780 3629 794 3658 ο
823 3605 859 3663 Et
873 3603 907 3663 in
920 3602 1000 3663 libro
1018 3608 1130 3682 quarto
1181 3603 1266 3681 qnod
1281 3620 1320 3663 ex
1333 3602 1465 3682 Virgine
1485 3602 1610 3680 prodiit,
1635 3603 1723 3663 vetut
1739 3599 1850 3681 propria
1867 3598 1917 3675 ejus

360 3695 611 3758 ooutroArs‘ouos.
630 3717 645 3752 u
663 3694 802 3755 Verbum
819 3695 981 3757 homiuem
1000 3695 1043 3755 ait
1063 3712 1130 3756 esse
1181 3696 1336 3775 mutet:
1353 3700 1384 3755 et
1400 3711 1507 3755 rursus
1516 3693 1619 3774 ipsum
1643 3710 1700 3755 sua
1715 3692 1767 3754 illa
1784 3691 1917 3766 facitque

359 3787 487 3862 fautum,
509 3794 541 3849 et
560 3805 615 3848 sua
637 3786 742 3849 fecisse
765 3805 836 3866 qnae
860 3793 934 3848 sunt
954 3787 1056 3848 <urnis
1068 3797 1091 3848 ⁶.
1110 3808 1126 3846 υ
1180 3786 1236 3848 soli
1250 3787 1337 3849 carni
1353 3790 1534 3866 competunt
1547 3816 1571 3863 p.
1586 3808 1601 3845 υ
1615 3788 1655 3848 Et
1671 3788 1802 3848 Joanues
1818 3784 1917 3843 bamus·

360 3880 438 3942 item
450 3880 482 3940 in
495 3877 674 3961 epistolaod
685 3878 875 3960 Epictetum:
892 3881 994 3955 «Sua,
1014 3880 1129 3958 inquit,
1179 3897 1285 3941 oenus.
1299 3881 1343 3940 Ea
1356 3896 1427 3958 qum
1445 3877 1613 3939 «humana
1630 3884 1715 3955 sunt,
1734 3876 1788 3938 sibi
1809 3871 1918 3935 Verbum

397 4123 416 4162 ct
437 4107 502 4163 Ciu.
520 4111 587 4161 tom.
613 4105 646 4169 V,
673 4121 728 4176 pur.
752 4106 787 4161 li.
813 4104 915 4173 Ἐπειδὴ
938 4103 965 4158 δὲ
988 4105 1017 4158 τὸ
1031 4106 1133 4177 γεγονός
1218 4103 1331 4177 [Tem.
1349 4105 1382 4171 V,
1397 4120 1456 4176 par.
1480 4098 1917 4178 1.(11κειοοτοιγ1ρὴμχγο1οο

362 4186 437 4245 uisui
461 4186 524 4243 ἴδιον
546 4192 620 4260 σῶμα
633 4188 736 4243 πέπονθε
755 4192 842 4253 ταῦτα,
857 4188 931 4242 πόλιν
946 4184 1017 4251 αὐτὸς
1036 4184 1133 4260 λέγεται
1182 4186 1309 4260 σώματος.

362 4270 445 4328 παθεῖν
460 4270 520 4343 tatp
534 4272 615 4345 ἡμῶν.
1216 4287 1238 4342 y
1255 4269 1324 4327 ibid.
1344 4269 1391 4323 Καὶ
1403 4268 1505 4341 ἠφάνιζε
1521 4268 1564 4344 μέν
1586 4270 1621 4333 ὡς
1647 4270 1701 4334 θεός
1728 4268 1769 4332 τὰς
1789 4275 1832 4322 τῶν
1849 4258 1917 4334 aaut

399 4356 415 4413 b
433 4357 568 4412 Attienus.
588 4352 632 4408 nrt
643 4354 682 4407 aui
696 4350 818 4408 οἰκεῐωται
833 4354 865 4407 τὰ
876 4358 920 4407 τοῦ
934 4354 1060 4427 σώματος.
1183 4350 1318 4420 ἀσθενείας
1334 4350 1452 4408 οἶκειοῦτο
1463 4372 1491 4427 γε
1507 4353 1554 4427 μὴν
1567 4351 1652 4419 οὗτός,
1668 4354 1702 4418 ὡς
1717 4350 1776 4406 ἰδίου
1786 4354 1888 4423 σώματος·

399 4439 471 4496 old.
492 4439 543 4492 Νῦν
567 4440 593 4491 δὲ
618 4431 661 4490 rot]
683 4438 759 4509 λόγου
781 4438 915 4510 γενομένου
941 4436 1079 4508 ἀνθρώπου,
1094 4436 1134 4488 καὶ
1218 4434 1296 4492 tid.
1313 4442 1381 4492 tom.
1398 4436 1430 4501 V,
1443 4451 1500 4507 par.
1518 4435 1553 4492 ΙΙ.
1572 4422 1915 4510 Ολκειοόμενοςδέτὲυαμαᾶι

363 4516 559 4596 λδιοποιουμένου
573 4518 605 4574 τὰ
619 4522 661 4588 τῆς
675 4521 771 4593 σαρκός.
1181 4518 1224 4573 ἵνα
1235 4520 1276 4572 καλ
1288 4516 1363 4573 αὗτοΰ
1371 4520 1471 4591 λέγεται
1486 4521 1515 4573 τό
1529 4519 1624 4575 παθεῖν.

398 4604 419 4660 d
438 4606 540 4660 11111111-
558 4603 587 4659 in
600 4600 841 4674 epist·t1dEpicl.
855 4601 931 4656 Ἀλλὰ
941 4602 981 4656 καὶ
993 4601 1133 4655 ἰδιοποιεῖτο
1218 4602 1231 4656 ό
1248 4600 1353 4657 Pontus
1369 4614 1426 4673 pat.
1442 4601 1482 4658 lll
1496 4601 1574 4674 Eplt.
1591 4602 1676 4659 Cotto.
1696 4598 1726 4656 Εἰ
1738 4600 1783 4674 γὰρ
1794 4600 1830 4652 καὶ
1841 4592 1916 4649 otuu

362 4686 394 4743 τὰ
408 4693 452 4741 τοῦ
467 4688 583 4759 σώματος
599 4682 668 4752 ἴδια,
692 4685 727 4748 ὣς
746 4676 833 4740 ἑαυτοῦ
847 4686 946 4758 όλόγος
960 4686 974 4738 ό
988 4684 1132 4756 ἀσώματος,
1183 4704 1223 4739 ται
1237 4690 1281 4738 τοῦ
1306 4680 1368 4739 iotae
1386 4686 1502 4757 σώματος
1515 4683 1547 4740 τό
1566 4684 1660 4755 utini
1679 4682 1730 4748 θεός
1751 4684 1827 4755 λόγος,
1839 4678 1872 4731 καὶ
1890 4670 1915 4733 ῖῖῖ
1992 4686 1993 4693 ’

362 4774 417 4829 eie.
434 4768 465 4823 Ἃ
486 4766 535 4842 γὰρ
549 4768 578 4823 τό
592 4766 743 4840 ἀνθρώπινον
766 4766 860 4841 ἔπασχε
887 4774 931 4822 τοῦ
954 4768 1041 4840 λόγου,
1056 4761 1134 4820 ταῦτα
1184 4766 1270 4822 ἔαυτόν
1281 4764 1404 4840 ἂναφέρει.
1992 4802 1993 4829 ,

363 4855 442 4909 συνὼν
458 4852 525 4925 αὐτῷ
539 4852 553 4905 ό
566 4853 641 4924 λόγος
662 4849 696 4914 εἰς
724 4848 807 4905 ἑαυτόν
834 4848 956 4925 ἀνέφερεν,
977 4851 1020 4904 ἵνα
1033 4854 1077 4919 τῆς
1089 4854 1132 4903 τοῦ
1214 4852 1235 4923 j
1254 4850 1393 4907 Tneonor.
1406 4852 1438 4906 in
1456 4848 1534 4923 Eph.
1550 4867 1612 4923 eyes.
1632 4844 1818 4922 Οἰκειωσαμόνου
1831 4836 1914 4912 atiel·

362 4934 440 5010 λόγου
454 4938 569 5005 θεότητος
584 4936 715 5009 μετασχεῖν
730 4934 882 5007 δυνηθῶμεν.
1184 4952 1252 5006 τερα,
1268 4932 1296 4987 οὗ
1310 4934 1430 4996 παθόντος
1438 4932 1515 5005 φύσει.

400 5022 545 5078 80111111..
575 5025 641 5074 tom.
657 5019 689 5082 V,
716 5032 773 5088 per.
804 5010 950 5074 11.Οὗκοῦν
979 5011 1061 5084 ἐπειδή
1088 5034 1133 5088 περ
1218 5017 1366 5074 11011111..
1387 5014 1455 5071 Ἐπεὶ
1466 5019 1528 5070 κατά
1540 5036 1595 5070 τινα
1608 5017 1698 5090 τρόπον
1710 5012 1797 5078 tzitta
1808 5004 1914 5083 reperitis*

365 5098 549 5176 ἔνανθρωπόσας
572 5096 602 5170 ἣν
625 5099 640 5155 ό
662 5100 714 5164 isba
733 5101 817 5172 λόγος,
833 5102 952 5173 μεμένηκε
971 5099 1013 5173 μὲν
1042 5098 1134 5167 ἀπαθὴς
1184 5104 1220 5172 τῷ
1236 5098 1444 5172 ἔκτῆςπαρθένου
1463 5106 1526 5175 ναῷ,
1542 5099 1574 5154 τὰ
1587 5104 1672 5172 γυμνῷ
1693 5098 1733 5152 καλ
1745 5098 1807 5171 μόνῳ
1816 5090 1914 5163 spitum

364 5184 460 5253 θεϊκῶς,
474 5184 637 5259 οἰκειούμενος
652 5183 679 5238 δὲ
698 5180 834 5255 tumuisse
846 5182 878 5237 τὰ
888 5186 932 5252 τῆς
945 5181 1031 5236 ἑαυτοῦ
1045 5180 1134 5255 σαρκός
1184 5180 1308 5255 τῷλόγῳ.
1321 5180 1476 5237 einnonem
1490 5180 1517 5236 δὲ
1530 5184 1604 5237 πάλιν
1618 5180 1687 5245 οὗτός
1700 5180 1731 5237 τὰ
1744 5181 1800 5253 μόνῃ
1815 5173 1913 5246 epitom

365 5269 449 5324 παθεῖν
458 5270 554 5343 λέγεται
568 5266 600 5324 τὰ
613 5266 676 5322 κατὰ
690 5266 778 5340 σάρκα.
1134 5288 1136 5292 ’
1183 5265 1308 5340 τῇοαρκῑ.

394 5466 406 5510 1
421 5462 518 5509 1ου.11
530 5464 589 5509 sset.
601 5463 692 5508 Pate-
702 5462 717 5507 2
729 5458 795 5507 nib·
808 5458 824 5506 t.
835 5460 863 5507 ds
872 5461 946 5507 1ου-
955 5459 991 5505 tl
1006 5461 1054 5507 Pst-
1066 5466 1098 5504 11.
