4078 6162
320 344 383 411 scs
826 341 1151 410 remmittuntur!
1170 338 1388 409 nodutim

322 515 464 576 tubum
477 512 744 594 persistentiae,
758 526 901 594 qucmsx
915 510 1085 588 motatum
1179 513 1235 573 lx.
1251 512 1401 586 Quocirca
1412 524 1479 573 non
1490 510 1574 573 titio
1587 508 1707 572 mccc
1723 510 1906 589 compositio
2023 578 2024 599 ρ

321 612 353 669 ct
365 607 559 669 humanitate
573 607 779 687 compositum
793 607 970 668 asserebant
982 606 1087 667 cattio·
1138 605 1203 667 ullo
1216 604 1402 685 expertibus
1414 603 1539 685 proprie
1563 603 1654 665 dictis
1669 621 1677 663 ε
1691 607 1723 664 et
1738 601 1854 663 idcirco
1867 616 1906 664 ne
2023 618 2024 689 1

320 697 383 775 lici,
406 699 505 759 Βοοτυ
526 696 668 761 Verbum
692 705 814 778 portem
833 715 898 759 esse
921 697 1043 771 Christi,
1059 703 1090 759 et
1138 697 1317 778 compositio
1331 697 1458 776 quidem
1468 698 1503 757 tlt
1516 700 1699 757 ceterarum
1707 694 1908 773 similis,qnas
2023 692 2024 701 ¹

322 791 477 853 minorem
498 791 632 852 Christo.
650 792 775 865 Quodsi
789 808 862 871 pers
880 790 994 851 (lhrimi
1009 791 1090 850 Deus
1138 789 1172 851 in
1201 794 1314 851 natura
1350 804 1457 850 rerum
1481 788 1610 849 usitatas
1643 786 1811 848 cernimus.
1847 784 1908 847 Sed
2023 778 2024 859 J

322 887 379 958 cst,
408 884 564 962 quomodo
592 884 683 955 Deos,
713 883 740 943 si
765 882 963 962 imperfectus
982 888 1029 943 est
1040 881 1085 941 to
1142 881 1265 942 cambo
1278 881 1313 942 in
1325 899 1390 942 une
1403 896 1535 961 persona
1548 879 1725 958 jungtmtur
1739 894 1806 938 non
1827 893 1910 937 com-
2023 930 2024 951 ι

323 974 510 1051 contraham
535 974 674 1054 inquam,
697 975 730 1035 id
744 974 921 1035 Maxentius
934 973 1088 1054 opponit:
1138 973 1291 1054 positione
1309 973 1413 1052 aliquo
1437 989 1476 1033 ex
1498 971 1657 1051 partibus;
1685 970 1739 1030 sed
1766 966 1910 1029 unitione
2023 1008 2024 1015 ν

327 1064 426 1126 «Non
439 1082 505 1127 csse
518 1066 733 1146 imperfectum
745 1065 1091 1144 Deumlierbum;quia
1140 1064 1344 1146 perlectorum
1367 1070 1563 1141 naturarum,
1587 1078 1658 1142 que
1684 1078 1782 1122 unam
1804 1076 1911 1122 essen·
2023 1072 2024 1129 1

322 1174 387 1218 non
401 1162 438 1217 ut
450 1158 650 1237 perficeretur
666 1158 877 1238 assumptione
891 1158 991 1219 carnis
1008 1156 1091 1217 indi·
1139 1158 1216 1219 tiam
1228 1158 1281 1218 illa
1294 1158 1356 1218 duo
1369 1172 1434 1218 non
1448 1155 1539 1217 faoit⁰
1556 1175 1581 1216 :s
1590 1160 1626 1215 ut
1638 1154 1828 1216 Athanasius
1840 1152 1912 1229 scri·

321 1249 390 1327 guit
415 1268 422 1309 ι
448 1250 501 1311 sed
527 1258 564 1310 ut
588 1264 659 1311 caro
686 1249 886 1331 perficeretur
912 1250 946 1309 in
979 1248 1091 1309 melius
1139 1249 1195 1322 bit,
1210 1250 1249 1310 ab
1272 1249 1441 1328 Euthymio
1465 1249 1585 1323 citatus,
1605 1248 1660 1326 qui
1680 1245 1818 1326 etpenlo
1838 1249 1911 1306 ante
2023 1250 2024 1325 f

323 1344 524 1417 commutata,
540 1343 671 1403 carniae
686 1340 809 1417 uniens,
830 1341 1017 1421 compositus
1029 1341 1090 1401 leo·
1140 1340 1270 1415 dixerat,
1290 1341 1474 1402 «Christum
1491 1340 1661 1401 Dominum
1683 1337 1836 1418 appellari
1849 1337 1911 1399 duo
2023 1328 2024 1409 ¹

323 1439 374 1494 tua
388 1439 444 1508 est,
460 1433 515 1512 qui
530 1440 605 1494 ante
614 1438 682 1493 erat
694 1434 760 1494 sine
773 1433 869 1493 dubio
881 1450 1002 1494 summe
1016 1433 1091 1493 sim·
1140 1432 1285 1512 perlecta.
1309 1450 1325 1489 o
2023 1474 2024 1515 ,

323 1524 406 1604 pler,
420 1524 1093 1605 etineompcoitus,periectusqueperemnia
1181 1525 1277 1587 Porro
1292 1525 1318 1585 si
1339 1522 1554 1605 compositionis
1585 1521 1775 1583 vocabulum
1808 1518 1911 1583 laxius
2023 1518 2024 1533 ¹

323 1619 431 1696 utpote
445 1617 569 1678 Deos.»
1141 1633 1338 1696 usurpemus,
1354 1612 1704 1690 ueoadcommunium,
1723 1614 1911 1693 etrulgata-

364 1708 450 1769 vlit.
466 1710 602 1770 ioannes
617 1709 822 1769 Damascenus
843 1707 924 1769 libro
942 1709 1044 1787 primo
1057 1706 1094 1769 de
1141 1726 1224 1783 rum,
1244 1709 1383 1787 adeoque
1401 1706 1592 1768 nannelium
1610 1706 1751 1786 exempla
1763 1705 1910 1785 respicis·
2023 1750 2024 1765 ι

324 1796 409 1873 Fido,
428 1801 528 1879 capite
542 1800 719 1874 decimano
733 1800 833 1860 tribus
845 1817 940 1879 agens
952 1799 1093 1879 personis
1142 1815 1222 1868 mus,
1231 1806 1332 1880 potest
1340 1801 1428 1860 omni
1436 1800 1572 1860 deuecta
1585 1798 1755 1879 imperfecti
1768 1799 1909 1873 notione,
2023 1860 2024 1877 ρ

324 1892 447 1969 divinis,
464 1910 514 1953 eas
531 1908 625 1954 cesse
639 1892 788 1973 periectas
800 1891 917 1969 asserit,
928 1909 967 1952 ne
981 1908 1020 1953 ox
1034 1892 1090 1952 tri-
1142 1909 1214 1952 vere
1233 1893 1420 1972 proprieque
1440 1891 1501 1952 dici
1522 1892 1690 1969 composita
1704 1890 1823 1950 Christi
1841 1908 1911 1971 per·

324 1982 383 2043 bus
405 1984 592 2064 imperfectis
610 2001 706 2045 unam
724 2001 927 2063 agnoscemus
946 1988 1092 2045 naturam
1143 2000 1234 2057 sona3
1247 1983 1311 2044 sire
1324 1984 1462 2044 Christus
1478 1984 1555 2061 ipse,
1567 1983 1632 2043 imo
1643 1988 1674 2043 et
1687 1981 1741 2042 Dei
1753 1981 1851 2056 lilius,
1874 1999 1913 2043 ex

322 2074 392 2137 fieri
418 2076 595 2155 perlectam.
627 2077 708 2137 »Ao
730 2076 879 2151 stibinde;
904 2075 1093 2154 «Quidquid
1143 2082 1275 2154 utraque
1300 2081 1413 2137 nature
1437 2076 1633 2155 compositus.
1661 2073 1750 2148 Quod
1785 2075 1912 2154 qrridem

324 2169 409 2231 enim
420 2168 562 2230 coalescit
580 2186 618 2230 ex
637 2169 834 2249 imperfectis,
851 2168 883 2229 id
904 2169 1034 2229 omnino
1048 2172 1094 2228 est
1143 2168 1287 2230 omnibus
1301 2169 1360 2229 illis
1380 2168 1572 2246 argcsmentis
1589 2166 1776 2239 ostenditur,
1800 2167 1913 2246 quibam
2023 2190 2024 2245 p

323 2260 1091 2340 compositumssnQuidautemimperiectumvocct,
1141 2257 1912 2321 hacteuusvelduesinChristonaturaainessezvei
2023 2294 2024 2337 t

323 2350 458 2413 declarat
468 2353 943 2433 mox:«mximpertcotis,pcrro
956 2352 1092 2412 diximus
1142 2351 1910 2432 hypostasimcompositamessedemonstravimus.
2023 2366 2024 2385 l

323 2444 476 2523 inequites
489 2444 904 2524 significantesqumeflectoe
915 2462 953 2505 ex
960 2445 1036 2523 ipsis
1046 2442 1094 2504 rei
1142 2445 1264 2506 Etenim
1276 2444 1302 2505 si
1317 2466 1333 2502 ο
1344 2443 1482 2505 Christus
1496 2460 1535 2504 ex
1554 2443 1675 2503 duabus
1694 2458 1799 2503 unum
1814 2443 1912 2505 facum

322 2536 455 2615 speciem
468 2553 533 2597 non
547 2537 1024 2616 servantNamlapislignumet
1034 2535 1093 2595 lor·
1141 2542 1196 2605 est,
1213 2558 1226 2595 a
1243 2542 1280 2597 ut
1305 2537 1443 2616 loquitur
1464 2535 1630 2614 Gregorius
1651 2534 1909 2596 Nazianzenus⁸:

322 2642 396 2689 rum
408 2628 531 2707 singula
542 2646 672 2708 peraeae
685 2628 821 2708 perlecto
833 2633 907 2688 sunt
924 2629 958 2687 in
979 2632 1093 2688 natura
1142 2628 1167 2688 si
1181 2630 1251 2689 due
1264 2628 1298 2688 in
1308 2629 1360 2688 illo
1374 2627 1585 2706 conjunctores
1594 2627 1689 2688 unite
1702 2630 1829 2688 naturee
1841 2632 1913 2690 sunt
2023 2658 2024 2709 ;

322 2720 446 2800 proprie
464 2736 593 2781 :verum
604 2721 631 2780 si
643 2720 682 2780 ad
696 2721 827 2781 domum
847 2718 1003 2798 respicias,
1021 2732 1091 2797 queo
1141 2721 1332 2780 substantivo
1346 2738 1441 2795 nexu,
1455 2720 1684 2781 nonacoidente
1701 2738 1708 2779 ε
1724 2719 1767 2780 ita
1780 2722 1816 2781 ut
1830 2737 1913 2781 unus
2023 2716 2024 2743 ³

322 2828 359 2874 ex
379 2811 440 2872 illis
459 2813 599 2887 eflicitur,
624 2811 871 2890 unumquodque
897 2810 1024 2870 illorum
1047 2815 1094 2870 est
1141 2812 1264 2891 proprie
1289 2830 1325 2873 ac
1346 2830 1402 2891 per
1424 2829 1458 2873 se
1477 2811 1532 2873 Dei
1553 2811 1634 2872 illius
1661 2815 1753 2890 atque
1772 2811 1913 2873 carious

321 2903 546 2983 imperfectum.
571 2906 641 2965 Non
661 2902 747 2965 euim
767 2903 889 2980 singula
905 2919 963 2982 per
980 2919 1012 2961 sc
1026 2902 1094 2978 ipse
1141 2906 1251 2966 existat
1263 2905 1297 2965 in
1311 2911 1444 2983 utraque
1461 2904 1585 2983 proprie
1598 2904 1655 2963 sibi
1670 2909 1784 2964 natura
1797 2903 1912 2966 schole
2023 2962 2024 2989 ρ

322 2999 395 3072 snut
415 2996 527 3055 domus
540 2992 563 3055 ⁶.
586 3015 603 3053 o
625 2996 742 3055 Verum
764 2994 894 3054 ioannis
913 2993 1094 3054 Damasceni
1141 3001 1210 3056 tens
1230 3015 1237 3056 ι
1254 2997 1280 3057 si
1298 2997 1426 3075 pernicie
1442 3001 1487 3057 est
1507 2995 1677 3056 sabstootioe
1699 3014 1757 3056 ano
1775 3012 1912 3076 pesona,

322 3103 387 3147 nou
413 3087 486 3146 satis
506 3093 613 3148 exacto
633 3092 679 3147 est
697 3087 757 3146 ista
776 3085 938 3146 delinitio:
962 3080 999 3144 ut
1018 3084 1093 3145 alibi
1142 3104 1274 3147 necnon
1288 3086 1437 3167 biformis,
1448 3090 1600 3156 etcoolocc,
1624 3085 1657 3146 id
1670 3091 1717 3148 est
1729 3085 1843 3168 duplos:
1854 3106 1868 3156 ,·
1881 3094 1916 3149 ot
2023 3138 2024 3155 ,

321 3177 596 3239 animadvertimus
620 3176 641 3238 ¹.
663 3179 772 3255 Itoquc
793 3176 968 3255 castiganda
988 3182 1093 3237 estex
1141 3178 1322 3239 Ambrosius
1338 3178 1361 3255 ⁸,
1384 3178 1576 3257 Augustinus
1584 3176 1607 3253 ⁸,
1638 3177 1753 3257 aliique
1782 3178 1915 3258 loquum

322 3270 372 3339 iis,
395 3286 466 3348 qum
476 3269 570 3349 paulo
586 3274 679 3330 antea
701 3268 790 3329 dixi*
808 3268 997 3346 :imperfecti
1010 3268 1093 3346 judi·
1140 3276 1204 3347 tur,
1228 3270 1366 3349 prolecto
1392 3268 1519 3331 nonnisi
1542 3269 1763 3349 compositione
1777 3270 1912 3333 domum
2023 3268 2024 3337 t

322 3363 453 3423 oiumac
465 3361 593 3442 periecti
618 3378 656 3421 ex
676 3378 713 3422 eo
730 3361 900 3440 petendum
913 3376 989 3432 csse,
1008 3360 1092 3438 quod
1141 3366 1325 3422 naturarum
1346 3361 1429 3422 iuter
1449 3379 1492 3437 se,
1517 3378 1599 3421 uuus
1619 3364 1721 3440 potest
1735 3378 1775 3422 ex
1790 3363 1912 3424 duabus

322 3459 434 3515 natura
461 3453 616 3528 convenit,
656 3468 721 3513 non
753 3452 837 3531 quod
862 3453 1027 3513 hominum
1053 3469 1093 3512 ex
1141 3453 1229 3530 effici,
1240 3459 1275 3526 ut
1290 3472 1305 3510 o
1320 3453 1373 3533 qui
1387 3458 1479 3514 antea
1491 3453 1633 3533 simplex,
1646 3456 1678 3514 et
1688 3454 1911 3534 incompositus

322 3545 449 3606 arbitrio
460 3546 585 3624 pendet,
597 3544 678 3604 utin
696 3548 762 3604 arte
774 3544 873 3604 lactis.
888 3543 968 3603 Nam
982 3543 1093 3603 domus
1141 3551 1218 3619 erat,
1230 3545 1416 3624 compositus
1428 3544 1527 3606 factata
1545 3544 1584 3606 sit
1600 3562 1607 3605 ε
1623 3565 1638 3603 o
1661 3551 1698 3604 nt
1717 3546 1762 3605 cit
1783 3546 1910 3609 Maxen-
2023 3574 2024 3635 p

322 3654 387 3697 non
402 3642 448 3698 est
461 3634 1092 3714 unaquaedamperseeubstautia3neque
1140 3638 1202 3698 tiua
1212 3634 1235 3697 ⁸.
1256 3637 1345 3710 Quod
1357 3643 1462 3716 postea
1474 3637 1593 3697 firmius
1605 3637 1698 3698 mam
1724 3637 1913 3718 approbabi-
2023 3674 2024 3681 ν

322 3727 450 3808 lapides,
465 3733 520 3788 aut
541 3728 627 3806 ligna
649 3742 687 3786 ex
709 3744 774 3788 sese
788 3732 890 3806 partes
909 3733 982 3787 sunt
995 3726 1089 3791 iilius.
1141 3734 1204 3804 tur,
1219 3746 1291 3789 cum
1313 3728 1351 3789 de
1365 3728 1483 3789 unitate
1511 3726 1566 3788 iiiii
1589 3729 1644 3789 Dei
1663 3732 1813 3808 sequente
1829 3729 1910 3790 libro

323 3817 1092 3899 ltaqueperiectoesunthypostases.Alioq11inulla
1141 3819 1361 3900 disputabitur.

322 3928 372 3972 res
385 3913 444 3973 erit
451 3911 624 3991 hypostasis
641 3928 649 3971 τ
665 3910 839 3989 quianullus
854 3916 912 3982 est,
934 3928 1006 3988 qum
1027 3928 1092 3971 non
1181 3912 1219 3971 X.
1237 3911 1285 3972 Sit
1301 3911 1398 3989 igitur
1416 3911 1598 3991 compositio
1612 3912 1727 3991 duplex
1741 3932 1749 3973 :
1765 3928 1828 3974 rma
1840 3930 1910 3994 qus!
1930 3942 1973 3985 ς..
2002 3938 2007 3947 ·

323 4004 419 4085 possit
432 4004 465 4064 in
486 4003 745 4083 qualemcumque
763 4002 871 4064 renim
895 4002 1091 4081 compositio·
1141 4003 1459 4082 istcciordicipotest3
1475 4004 1550 4080 sive,
1565 4003 1642 4063 utin
1653 4003 1766 4065 scholis
1778 4003 1910 4085 loquun-
1938 3996 2020 4105 Ἃ.

323 4112 408 4156 nem.
425 4094 543 4175 Quippe
570 4093 622 4157 vel
647 4093 790 4158 homines
816 4094 877 4173 ipsi
894 4100 997 4174 partes
1020 4100 1094 4156 sunt
1140 4100 1204 4169 tur,
1219 4095 1382 4155 s'atrs'cseco
1400 4114 1407 4154 :
1424 4095 1459 4155 in
1474 4113 1535 4175 qua
1549 4100 1653 4175 partes
1674 4097 1800 4175 proprie
1819 4096 1908 4159 dieta
1929 4107 1973 4152 ιιιι
2011 4100 2015 4105 ’

324 4184 567 4261 communitatis,
595 4200 633 4246 ac
658 4185 861 4266 reipublice:
893 4202 952 4247 nec
978 4185 1092 4264 singuli
1142 4186 1462 4247 mutuoseefflciuut:
1487 4188 1572 4247 etin
1593 4187 1909 4263 cuiusnamroc,non
2023 4256 2024 4263 ρ

323 4281 431 4341 civitas
442 4285 564 4353 sunt,ac
572 4276 743 4356 respublica
754 4297 761 4337 :
773 4296 832 4338 uec
844 4283 948 4338 tamen
956 4283 1095 4357 propter·
1125 4278 1257 4352 minus,
1281 4294 1376 4356 quam
1395 4279 1556 4358 suppositi,
1568 4278 1762 4340 effectionem
1780 4296 1909 4341 concur·
2023 4294 2024 4353 ἢ

325 4390 361 4433 ea
371 4371 587 4450 imperfectum
596 4368 713 4447 aliquid
728 4375 822 4430 sunt:
848 4387 905 4430 nec
918 4387 937 4429 a
951 4386 1093 4448 persone
1142 4374 1218 4430 rant
1234 4387 1241 4430 ι
1257 4370 1429 4448 cujusmodi
1441 4371 1474 4430 in
1484 4370 1689 4448 naturalibus,
1705 4376 1735 4431 et
1748 4372 1910 4434 ordinariis
2023 4372 2024 4377 ’

324 4464 511 4544 proprietate
525 4467 737 4523 removentur.
756 4461 817 4522 Sed
829 4461 898 4522 vide
912 4478 982 4539 que
991 4462 1045 4521 illo
1059 4461 1094 4520 in
1143 4462 1286 4521 occurrit.
1299 4461 1349 4521 Sic
1363 4462 1397 4521 in
1406 4461 1533 4523 homine
1546 4480 1659 4542 corpus
1672 4464 1832 4539 animaret
1843 4465 1909 4524 liceo
2023 4474 2024 4521 t

325 4554 391 4614 loco
405 4556 444 4615 de
458 4553 638 4616 [tumescent
655 4552 757 4613 verbis
783 4553 848 4613 istis
864 4552 1093 4613 adnotavimus.
1143 4552 1277 4614 vicissim
1301 4554 1423 4633 corpori
1449 4554 1651 4633 copulantur,
1678 4558 1852 4636 mutuoque
1878 4570 1908 4616 se
2023 4560 2024 4619 3

326 4706 395 4762 ἔσται
409 4707 543 4781 συνδρομὴ,
560 4706 627 4780 εἴπερ
641 4706 706 4763 ἐστὶν
721 4706 851 4763 ἔκτελεῑου
860 4707 945 4778 λόγου,
956 4706 997 4759 κοιλ
1007 4703 1097 4777 σαρκὸς
1145 4704 1202 4776 γὰρ,
1220 4708 1260 4759 καὶ
1274 4704 1354 4775 ξύλον,
1370 4708 1410 4761 sai
1426 4709 1534 4778 σίδηρος,
1549 4708 1652 4763 ἕκαστον
1668 4708 1721 4761 ποθ’
1736 4707 1810 4764 torst
1822 4710 1910 4764 rents
2023 4712 2024 4717 ’

326 4789 442 4859 ἂτελοῦς;
1146 4784 1197 4841 ἔστι
1210 4788 1274 4842 κατὰ
1289 4789 1331 4857 τὴν
1348 4788 1408 4845 ἰδίαν
1423 4790 1503 4861 φύσιν.
1518 4791 1578 4862 πρὸς
1601 4791 1628 4844 δὲ
1642 4791 1671 4844 τὸ
1685 4790 1709 4852 ἐξ
1723 4791 1804 4847 αὐτῶν
1827 4792 1911 4847 tuost·
2023 4778 2024 4795 ¹

362 4887 383 4927 α
400 4871 478 4927 Jottt.
496 4871 612 4927 Dtmtsc.
627 4871 675 4928 lib.
692 4872 715 4937 1,
728 4888 788 4943 cap.
803 4888 830 4927 x.
851 4870 936 4943 Φαμὲν
952 4868 979 4924 δὲ
993 4870 1096 4923 ἕκαστον
1145 4868 1265 4942 λούρτνον
1280 4869 1371 4943 οἴκημα
1382 4870 1464 4935 ἀτελὲς
1475 4871 1556 4926 οὔτῶν
1568 4874 1669 4927 ἕκαστον
1680 4874 1795 4947 ὑπάρχει.
1805 4874 1910 4948 οὔδὲγάρ
2023 4858 2024 4927 i

326 4960 376 5010 τῶν
391 4960 465 5027 τριῶν
480 4950 574 5008 τελείαν
602 4954 667 5027 ἔχειν
686 4955 830 5019 ὒπόστασιν,
855 4954 898 5007 ἵνα
925 4954 957 5026 μὴ
982 4951 1007 5007 ἔκ
1020 4959 1096 5025 τριῶν
1148 4950 1211 5005 ἔστιν
1226 4954 1329 5006 ἕκαστον
1343 4953 1395 5007 καθ’
1410 4953 1482 5008 ἑαυτὸ
1496 4949 1571 5018 οἶκος.
2023 4950 2024 5017 ¹

327 5037 421 5092 ἀτελῶν
449 5036 506 5109 μίαν
534 5037 647 5091 σύνθετον
666 5037 736 5109 pilcis
757 5038 851 5091 τελείαν
865 5032 1026 5109 γνωρίζομεν,
1041 5041 1095 5091 etc.
1183 5036 1351 5091 olorinis.
1368 5037 1442 5107 apud
1462 5036 1546 5092 Euti.
1564 5038 1637 5092 Paos.
1652 5039 1770 5111 primii,
1792 5045 1835 5096 ts.
1856 5038 1908 5097 XV.
2023 5034 2024 5047 ¹

326 5122 380 5176 Πᾶν
390 5120 438 5194 γὰρ
448 5118 472 5182 ἐξ
486 5119 580 5174 ἀτελῶν
595 5120 763 5192 συγκείμενον,
779 5118 890 5175 σύνθετον
910 5119 1006 5180 πάντως
1021 5115 1095 5171 ἐστὶν.
1152 5116 1197 5171 Ἐν
1213 5117 1247 5170 tot
1262 5118 1288 5172 di
1298 5120 1434 5191 προσώπῳ,
1446 5118 1474 5171 οὗ
1486 5119 1548 5174 κατὰ
1562 5122 1669 5176 σύνθεσιν
1684 5119 1910 5194 poposcissent
2023 5158 2024 5181 ι

363 5203 468 5260 bibiti.
493 5202 598 5257 Ἀτελῶν
621 5202 647 5257 δὲ
670 5200 781 5276 εἴπομεν,
805 5207 854 5256 τῶν
878 5202 1055 5274 μὴσωζόντων
1071 5200 1100 5253 τὸ
1149 5200 1235 5254 ἕνωσιν
1247 5200 1347 5253 τελείων
1362 5200 1455 5273 φύσεων
1469 5200 1498 5254 οὗ
1514 5203 1571 5275 μίαν
1581 5203 1665 5259 οὐσίαν
1675 5205 1718 5267 τὰς
1730 5205 1774 5261 δύο
1787 5211 1908 5261 ποιοῦσαν.
2023 5212 2024 5279 ¹

329 5278 394 5349 cido<
403 5291 447 5341 τοῦ
463 5284 487 5347 ἔξ
506 5284 585 5340 οὔτῶν
599 5284 793 5357 ἀποτελουρένου
808 5284 961 5359 πράγματος.
976 5284 1042 5346 λίθος
1054 5282 1097 5356 μὲν
1185 5281 1254 5339 ibid.
1264 5283 1313 5336 Tot
1325 5285 1443 5339 δεσπότου
1453 5283 1560 5356 Χριστοῦ
1570 5287 1601 5341 τὰ
1610 5286 1652 5341 cto
1662 5288 1743 5345 τέλεια
1754 5288 1907 5361 καλουμένου.
2023 5306 2024 5341 t

330 5490 344 5533 θ
357 5430 372 5533 ἑ
383 5428 445 5472 lom.
457 5428 485 5480 li,
495 5428 573 5533 uniit
581 5429 607 5473 ds
620 5429 681 5473 iric.
694 5439 715 5473 c.
728 5428 829 5472 utu-i
845 5427 921 5483 Parae.
931 5427 944 5470 t
955 5434 977 5470 ot
989 5438 1064 5482 scq-
1074 5427 1088 5470 s
1100 5426 1159 5471 citat
1168 5437 1188 5469 o.
1199 5437 1229 5475 τι,
1245 5424 1260 5481 ς
1271 5425 1319 5468 8.-
1330 5428 1344 5471 l
1357 5426 1599 5484 tricamerata.
1613 5451 1640 5462 -
1654 5431 1668 5474 c
1681 5431 1735 5487 Snp.
1747 5442 1769 5476 ο.
1779 5443 1809 5481 rr,
1824 5430 1839 5487 ς
1852 5432 1910 5475 to-

372 5500 427 5544 upra
439 5500 515 5544 parag.
542 5520 549 5533 .
