4078 6162
378 342 439 404 teo
881 342 1207 408 rfleetoelecuuu
1227 344 1458 409 meltum.

377 508 464 568 tione
479 506 580 584 dignis
592 507 844 569 insultationibus
861 509 1078 573 haereticorum
1092 528 1146 572 no-
1194 511 1362 590 uuimaque
1385 513 1534 589 cernitur,
1553 514 1598 575 ult
1621 512 1847 592 adsciturus
1864 534 1915 578 an·

379 599 465 661 mine
478 617 510 661 se
524 600 657 662 invicem
671 602 897 676 uccusere.Tu,
912 601 1029 682 inquit,
1044 604 1145 684 Euty-
1193 605 1275 685 plius
1308 623 1374 667 esse
1399 605 1485 681 duo;
1515 607 1567 668 sed
1595 625 1692 668 uuum
1715 625 1752 668 ex
1774 608 1807 668 iis
1827 609 1916 671 snind

380 692 566 768 chianuses;
582 696 614 753 et
626 697 661 753 tu
675 693 876 755 Nestoriauus
889 712 935 771 es,
950 715 965 753 a
983 700 1042 757 ele.
1195 696 1302 759 offleii
1320 716 1327 759 2
1344 717 1359 756 s
1380 699 1469 777 cujus
1489 698 1584 760 verbu
1605 699 1752 778 superiori
1771 700 1855 780 capiti
1866 701 1918 763 red·
1997 696 1998 769 ζ

418 784 471 847 IV.
493 785 687 863 ltpbrusmius
711 786 922 872 Antiochenus
951 788 1034 867 apud
1063 787 1147 849 Pho·
1195 788 1342 851 didimus.
1379 790 1517 857 Quodsi
1542 791 1611 853 due
1637 796 1752 852 neure
1774 808 1832 852 non
1852 800 1916 868 suut,
1997 784 1998 869 ζ

378 875 489 953 tium¹‚
505 876 672 938 nonnullos
686 877 824 958 alioquin
845 879 1034 940 orthodoxos
1051 880 1146 945 refert
1194 883 1335 962 sequitur
1361 883 1478 945 includi
1505 901 1557 944 eus
1580 883 1613 945 iu
1640 900 1799 946 numerum
1815 884 1917 949 uinus

378 969 487 1029 eodem
501 969 595 1030 modo
611 979 749 1049 putasse,
773 986 943 1031 numerum
962 977 1146 1033 naturarum
1195 979 1349 1056 oportere.
1997 972 1998 1059 ζ

377 1079 451 1122 voee
465 1061 648 1142 neutiquam
665 1062 913 1142 exprimendum,
930 1063 983 1124 sed
996 1063 1145 1124 inanimo
1235 1066 1323 1127 Idem
1344 1083 1438 1147 porro
1460 1066 1592 1147 cyrillus
1613 1067 1647 1128 is
1667 1065 1919 1129 Commonitorium

376 1153 574 1215 retinendum
587 1175 595 1231 ;
611 1172 648 1215 eo
662 1155 746 1234 quod
760 1154 896 1235 (lyrillus
909 1155 942 1215 in
958 1154 1087 1235 epistola
1100 1174 1145 1217 se·
1195 1156 1369 1239 Eulopsism,
1380 1158 1488 1220 scribit
1497 1177 1530 1220 se
1543 1158 1862 1238 inlinridiamrocutnm
1871 1176 1918 1221 aue
1997 1190 1998 1239 1

377 1245 479 1307 eunde
515 1245 555 1307 ed
586 1246 756 1308 Suecessum
785 1246 915 1322 dixerit,
947 1265 1041 1308 snos
1069 1247 1146 1309 duas
1194 1251 1277 1330 apud
1294 1251 1445 1329 quosdam
1467 1251 1689 1312 catholicarum
1708 1251 1919 1331 pultium‚quod
1997 1274 1998 1335 ι

376 1339 411 1399 in
425 1338 545 1400 Christo
558 1344 686 1403 naturus
709 1338 938 1419 iutellipere⁶;u
961 1358 1025 1400 non
1040 1345 1145 1401 autem
1194 1361 1337 1404 assensus
1358 1347 1438 1405 esset
1451 1342 1645 1423 Espositiom'
1659 1342 1728 1424 fidei
1748 1343 1784 1403 ab
1807 1344 1919 1405 Oriente
1997 1352 1998 1429 j

376 1430 484 1492 dione.
1194 1435 1276 1495 libus
1285 1434 1917 1514 editu,inquanauuasduaseonflubueu.
1997 1508 1998 1523 χ

416 1523 565 1602 Eulogius
576 1522 804 1584 Alexandrinus
816 1523 900 1604 upud
909 1524 1054 1586 eumdem
1068 1525 1145 1586 Pho·
1194 1527 1229 1588 ld
1247 1526 1332 1588 enim
1351 1527 1492 1589 Nestoria
1510 1527 1631 1600 fuvere,
1652 1546 1750 1607 neque
1764 1528 1838 1589 bunc
1853 1528 1920 1587 aiter
1997 1578 1998 1615 3

376 1615 456 1676 tium
469 1616 508 1676 de
523 1615 722 1695 Eutychianis
740 1633 846 1694 egens,
869 1616 1020 1695 quasdem
1045 1634 1084 1677 ex
1106 1617 1145 1677 iis
1193 1617 1918 1698 sentireQuorumcalumniisoeaurreusCyn'llus,

375 1712 492 1785 uernat,
505 1708 562 1768 etsi
575 1712 702 1769 naturas
711 1708 788 1769 duas
801 1711 1028 1788 consequentiae
1040 1725 1145 1770 neces-
1194 1729 1261 1773 rem
1274 1711 1318 1772 itu
1331 1711 1501 1792 componit.
1515 1716 1552 1773 ut
1565 1712 1645 1773 duas
1657 1711 1779 1792 quidem
1790 1711 1819 1771 in
1835 1709 1921 1773 Christi

375 1799 465 1860 situle
490 1805 641 1879 coguntrrr
665 1817 847 1879 agnoscere,
872 1818 938 1862 uon
965 1818 1016 1862 eas
1038 1806 1144 1862 tamen
1194 1803 1920 1883 compositionemnaturasconferemuszeeiemn

374 1908 449 1952 soce
468 1892 534 1972 lpse
562 1892 699 1972 profiteri
724 1892 824 1959 velle:
852 1892 937 1972 quod
955 1894 1023 1971 jam
1050 1910 1145 1972 supra
1193 1900 1359 1976 postquam
1385 1914 1437 1957 eus
1470 1897 1700 1977 copulavimus,
1726 1913 1815 1959 unum
1835 1894 1920 1956 musi·

374 1984 573 2046 memoreri¹.
594 2004 609 2042 a
630 1984 749 2065 Quippe
761 2002 839 2058 vox,
855 1985 1003 2061 duarum,
1019 1985 1142 2065 inquie-
1192 1993 1318 2049 tuamne
1339 1990 1556 2050 tautummodo
1579 1995 1725 2051 naturum
1751 1988 1919 2048 inuuauu:

375 2075 460 2150 bant,
477 2077 661 2157 separatim,
677 2096 712 2138 ae
737 2094 793 2157 per
813 2094 845 2138 se
858 2077 1004 2157 privatim
1021 2096 1058 2138 ea
1071 2096 1143 2156 qum
1193 2081 1922 2161 quodJamsuperiusattigimus.Vacatsrgamtu·
1997 2082 1998 2153 ἦ

374 2169 456 2230 inter
477 2187 509 2231 ss
536 2169 684 2230 differunt
706 2168 892 2231 constituitl.
925 2194 940 2224 ι
964 2171 1034 2231 Νοο
1056 2170 1145 2231 aliter
1192 2185 1299 2234 rurum
1311 2191 1472 2243 numerus,
1496 2172 1549 2254 qui
1567 2174 1601 2235 iu
1613 2174 1732 2237 unitate
1755 2169 1864 2234 retinui
1874 2186 1920 2230 uon
1997 2190 1998 2231 ᾳ

375 2260 527 2340 Severus,
544 2263 688 2323 columen
715 2262 919 2342 Eutycblunes
934 2268 1044 2339 seatae,
1058 2264 1144 2342 apud
1192 2270 1303 2345 potest.
1997 2316 1998 2329 ι

373 2354 519 2415 eumdem
541 2353 702 2433 Photium,
726 2372 766 2414 ex
792 2354 980 2434 Ephrasmlo,
1010 2354 1141 2433 dicebat,
1234 2356 1358 2419 Procius
1374 2357 1450 2418 item
1465 2357 1498 2418 in
1512 2356 1643 2437 epistola
1656 2355 1696 2418 ud
1708 2356 1851 2427 lmese,
1867 2368 1921 2412 cun
1997 2356 1998 2391 i

376 2447 510 2507 «animo
524 2446 651 2526 quidem
669 2464 705 2506 nc
725 2447 911 2524 cogitatione
931 2464 1040 2528 capere
1054 2465 1145 2527 opor·
1191 2448 1331 2523 dixisset,
1354 2449 1387 2510 iu
1406 2449 1467 2510 illis
1486 2449 1620 2510 loannis
1638 2448 1757 2524 verbis,
1771 2446 1811 2509 Et
1827 2444 1921 2507 Vetas

371 2542 436 2599 tere
455 2538 583 2618 speciei,
610 2556 645 2599 ac
658 2543 780 2599 neturae
795 2537 1003 2600 diversitatem
1016 2557 1142 2617 eorum,
1193 2559 1260 2602 caro
1284 2540 1483 2620 factumest:
1512 2540 1701 2602 vocabulum
1730 2561 1745 2598 u
1769 2538 1865 2618 suctum
1882 2541 1920 2605 est,
1997 2606 1998 2609 Ἴ

372 2647 442 2711 ques
450 2630 643 2692 inunitatem
654 2630 902 2710 inexplicabilem
916 2631 1072 2708 coierunt3
1089 2633 1142 2694 sed
1191 2632 1385 2693 individuum
1393 2629 1919 2710 vimunitiouissummsssignifioaren
1997 2704 1998 2719 χ

370 2740 569 2803 nequaquam
586 2723 783 2803 pronuntiari
802 2741 877 2784 voce
898 2723 1034 2786 debere.
1050 2750 1064 2779 s
1081 2726 1143 2786 Ve-
1192 2725 1235 2785 sic
1247 2725 1327 2785 illud
1348 2726 1492 2805 deinceps
1509 2725 1663 2805 explicat:
1682 2746 1694 2782 ι
1710 2725 1750 2784 Ut
1760 2723 1834 2784 enim
1843 2720 1922 2780 unius
1997 2760 1998 2781 2

371 2815 601 2895 rumperditos,
617 2818 800 2876 atamentes
814 2814 887 2876 istos
901 2815 978 2876 adeo
991 2816 1142 2877 insanisse
1191 2817 1224 2877 iu
1239 2818 1316 2879 duas
1333 2817 1468 2878 unitates
1489 2818 1584 2879 securi
1596 2836 1665 2879 non
1679 2816 1922 2896 pessummque
1997 2834 1998 2885 ι

371 2925 427 2987 pro
443 2906 1019 2987 oaeumuorumimportunitau‚nihil
1027 2908 1142 2968 mirum
1190 2909 1299 2971 inbsec
1312 2909 1469 2986 dividitur,
1481 2909 1584 2970 unitus
1596 2927 1665 2970 non
1676 2913 1731 2983 est,
1745 2907 1794 2968 sed
1804 2900 1921 2981 binurius)
1997 2940 1998 2991 1

371 3004 427 3062 est.
437 2999 518 3060 Illud
528 3000 749 3061 catholicorum
763 2999 971 3079 quorumdam
985 2999 1142 3078 singulare
1190 3003 1233 3079 sie
1246 3002 1329 3082 quod
1343 3018 1444 3062 uuum
1466 3007 1512 3063 est
1535 3018 1662 3063 summa
1683 3001 1810 3075 unitate,
1831 2998 1859 3057 in
1875 2995 1922 3056 duo
1997 2994 1998 3037 l

371 3098 593 3168 commentum,
610 3110 646 3152 ac
655 3108 799 3170 penuque
812 3091 978 3167 ridiculum
987 3098 1043 3167 est,
1058 3092 1142 3172 quod
1191 3093 1286 3154 dividi
1309 3093 1482 3173 nequitu»
1508 3095 1552 3154 Ex
1573 3094 1689 3171 quibus
1714 3091 1795 3171 sequi
1815 3087 1921 3158 videlun
1997 3140 1998 3151 .

372 3182 466 3243 refert
480 3181 619 3243 Gelusius
633 3200 710 3262 pape
722 3183 758 3243 in
771 3182 852 3243 libro
877 3182 913 3244 de
927 3182 1039 3244 duabus
1054 3189 1143 3246 natu·
1190 3186 1332 3248 unitione
1357 3191 1541 3247 naturarum
1559 3185 1695 3247 ducrum
1718 3183 1858 3247 subletum
1873 3194 1922 3239 ene

371 3273 445 3347 rts⁸3
465 3279 602 3336 econtra
616 3275 842 3353 Eutychianos,
853 3275 908 3355 qui
918 3292 1015 3336 unam
1028 3276 1142 3356 praedi·
1190 3277 1305 3341 binarii
1317 3294 1497 3357 numerum,
1513 3278 1586 3339 etin
1595 3278 1777 3358 exqsrisitam
1788 3270 1922 3335 mouuden

372 3372 443 3428 eunt
456 3368 489 3428 in
510 3372 617 3428 nostro
632 3367 837 3446 Redemptore
852 3375 1013 3438 naturam,
1031 3368 1141 3431 duasa
1190 3387 1256 3432 esse
1269 3388 1463 3432 conversum.

372 3459 463 3519 nobis
496 3460 608 3520 merito
640 3459 859 3539 proferendas:
896 3466 1003 3521 eontra
1035 3466 1141 3522 sutem
1230 3463 1283 3522 Vl.
1306 3463 1421 3523 Eodem
1435 3462 1586 3542 pertinet,
1611 3464 1697 3543 quod
1713 3464 1746 3523 in
1759 3453 1923 3539 depositione
1943 3458 1971 3501 nr

318 3612 322 3618 ,
372 3551 578 3620 Nestorienos,
595 3552 650 3631 qui
663 3552 806 3612 dividunt
830 3557 958 3613 naturas
980 3552 1140 3613 incudem
1188 3553 1277 3631 fidei,
1302 3573 1373 3634 quae
1394 3561 1457 3616 κατὰ
1472 3564 1544 3635 μέρος
1560 3556 1696 3631 dicitur,
1718 3555 1790 3616 fuleo
1807 3543 1923 3625 (lugaria

373 3642 494 3702 Domini
509 3642 720 3717 Sacramenta,
735 3644 1141 3706 unamnostrnoonlessiano
1190 3646 1423 3722 Thaumaturga
1452 3647 1576 3708 uihurae
1598 3649 1751 3728 scriptum
1776 3649 1830 3715 est,
1849 3638 1922 3698 «N011

371 3735 588 3813 promendam.
605 3756 620 3792 ο
1191 3739 1261 3799 dues
1271 3756 1422 3818 personne,
1434 3739 1615 3818 nequeduae
1626 3746 1745 3801 neturss
1755 3758 1789 3814 3»
1805 3742 1923 3827 tanquan

412 3825 450 3886 V.
472 3826 552 3889 Huic
577 3826 797 3907 qualicumque
824 3827 952 3888 tandem
985 3828 1139 3908 opinioni,
1190 3831 1313 3892 numeri
1337 3828 1497 3909 poeniteat.
1523 3831 1576 3892 Sic
1593 3833 1680 3911 epud
1702 3824 1882 3907 Eunyniun
1900 3834 1923 3875 Μ

372 3934 442 3996 ques
465 3918 549 3979 salve
565 3924 750 3979 naturarum
775 3918 959 3994 differentia,
981 3920 1141 3980 numerari
1190 3923 1341 4003 Europen
1349 3920 1385 3982 ds
1393 3921 1596 3984 lncomuts'oue
1608 3921 1785 4002 exantiquis
1797 3912 1921 3980 Panibus,

336 4015 478 4071 ·tamen
498 4028 550 4072 ess
576 4011 730 4090 prohibat,
744 4029 802 4072 nec
825 4011 982 4072 binarium
1010 4011 1140 4091 exprimi
1191 4015 1356 4093 aquodam
1377 4014 1420 4074 ita
1433 4014 1584 4094 scriptum
1598 4014 1790 4096 perhibetur.
1807 4008 1922 4080 «Quem-

371 4101 499 4181 petitur,
528 4103 744 4163 auctoritatem
770 4110 969 4183 sumpserunt
986 4104 1069 4164 illius
1084 4121 1141 4184 pa·
1190 4106 1360 4166 admodum
1374 4123 1474 4166 unum
1496 4123 1534 4166 ex
1557 4124 1669 4169 eorum
1682 4121 1791 4186 genere
1804 4104 1853 4175 esi,
1871 4107 1923 4173 οῦδ
1997 4138 1998 4167 ι

370 4193 456 4252 troni
464 4194 673 4273 quorumdam
682 4196 857 4255 exPatrum
865 4196 1033 4272 sententiis,
1046 4195 1142 4255 maxi-
1191 4198 1402 4277 multipliciter
1415 4198 1577 4260 dicuutur:
1604 4199 1765 4279 Siquidem
1778 4199 1808 4256 et
1821 4200 1924 4252 numan

371 4300 421 4345 me
434 4303 508 4345 vero
524 4286 639 4364 Cyrilll.
663 4285 720 4347 Hic
729 4288 813 4347 enirn
822 4287 856 4346 in
871 4286 1000 4366 epistola
1006 4287 1142 4349 secunde
1191 4307 1293 4350 unum
1307 4289 1430 4367 dicitur,
1445 4296 1491 4367 ut,
1513 4292 1648 4371 exempli
1661 4307 1761 4363 ceusu,
1782 4288 1889 4353 Potum
1901 4277 1925 4333 θ*
1997 4294 1998 4363 i

369 4373 410 4434 ad
423 4373 604 4456 successum,
618 4384 802 4438 naturarum
817 4380 848 4439 iu
864 4378 986 4438 Christo
1007 4379 1141 4440 duarum
1193 4398 1292 4441 unum
1306 4382 1416 4460 speeie,
1428 4388 1464 4442 ut
1477 4383 1572 4443 homo
1582 4403 1590 4458 ;
1602 4389 1635 4443 et
1645 4399 1768 4462 genere,
1780 4366 1923 4439 utenimllt

371 4467 628 4546 conjunctionem
647 4470 813 4550 explicans,
830 4470 1032 4531 similitudine
1044 4471 1139 4548 illius,
1193 4474 1238 4533 lta
1252 4472 1346 4534 etiem
1359 4474 1434 4535 duo.
1447 4475 1527 4536 Nam
1536 4474 1670 4535 dicimus
1681 4488 1806 4534 numero
1817 4467 1869 4526 duc
1880 4478 1887 4521 ι
1899 4460 1925 4516 ul

372 4576 442 4636 quas
469 4562 502 4622 iu
529 4564 752 4641 compositione
779 4563 916 4624 hominis
938 4581 977 4624 cx
1000 4582 1141 4643 corpore,
1193 4571 1265 4625 sunt
1274 4567 1381 4626 Petrus
1393 4571 1424 4626 et
1437 4568 1565 4628 Paulus:
1580 4567 1689 4627 etduo
1702 4565 1805 4645 specis,
1815 4556 1924 4617 utbono
1997 4582 1998 4659 p

408 4766 429 4805 ct
448 4751 514 4805 Clu.
541 4747 561 4805 ll
589 4749 631 4805 ad
649 4751 716 4805 Sue.
737 4749 787 4803 Δύο
809 4749 852 4822 μὲν
875 4751 923 4822 γὰρ
943 4751 983 4803 καὶ
1007 4749 1046 4804 ἐπ’
1068 4749 1143 4804 abead
1192 4751 1241 4819 tle,
1255 4753 1296 4805 καὶ
1310 4751 1493 4825 ἑτιροφυὶςτῶι
1513 4751 1546 4815 sle
1566 4751 1699 4825 inpieque
1718 4736 1925 4820 dppmlillstl‘

373 4827 477 4905 νοοῖιμιι
491 4831 534 4895 τὰς
546 4832 635 4904 φύσιος.
1185 4835 1312 4889 'lebbeus
1325 4834 1357 4908 μὴ
1373 4840 1461 4908 χρῆναι
1475 4836 1502 4890 bl
1515 4837 1595 4910 λέγειν
1606 4841 1693 4890 ταῦτα.

409 4915 425 4971 b
444 4916 548 4971 Eueoo.
570 4915 643 4985 apud
658 4914 737 4971 Pbot.
762 4915 824 4970 cod.
848 4932 942 4970 ccxxx.
967 4915 1002 4969 ‘H
1016 4916 1073 4988 γὰρ,
1088 4917 1142 4980 δύο,
1227 4917 1249 4973 d
1267 4920 1335 4974 Cre.
1354 4935 1397 4989 ep.
1415 4936 1434 4973 ιι
1449 4919 1492 4976 ud
1511 4921 1576 4975 Suc.
1596 4917 1674 4973 Ὥστε
1689 4915 1721 4971 τὰ
1744 4916 1794 4984 aa,
1808 4899 1925 4983 ιιηιιὲτῑιὼ

374 4998 452 5071 φωνὴ,
468 4999 551 5070 φασὶν,
566 4995 613 5051 ἀνὰ
630 4998 713 5070 μέρος,
728 4998 768 5052 καὶ
786 4998 840 5052 καθ’
856 4998 930 5053 ἑαυτὰ
951 5000 1144 5073 τὰδιαφέροντα
1193 4995 1254 5053 εἶναι
1269 5001 1323 5072 eto,
1336 5001 1368 5053 δι’
1383 5001 1472 5074 ippone
1487 5001 1513 5055 δὲ
1528 5001 1697 5055 ἀποτελεῖσθαι
1711 5002 1736 5052 ἓν
1751 5000 1820 5061 ζῶον.

374 5082 463 5149 τίθησι.
1228 5098 1243 5138 c
1262 5083 1358 5139 Peuce.
1376 5101 1419 5156 ep.
1436 5101 1465 5140 n.
1486 5084 1582 5158 Ὥσπερ
1595 5084 1643 5157 γὰρ
1661 5085 1676 5152 ἡ
1700 5081 1774 5157 pasl<
1787 5075 1862 5130 (Μ’
1879 5085 1926 5137 ili

410 5165 575 5220 oErrtnAEtt.
599 5163 672 5235 apud
695 5164 775 5219 Phor.
801 5164 863 5221 cod.
883 5180 987 5220 ccxxix.
1014 5164 1072 5219 Ὅτι
1092 5172 1142 5219 τῶν
1193 5161 1403 5239 θεῖηείςμοιάδας
1416 5168 1468 5221 eto·
1483 5169 1499 5237 ἡ
1512 5168 1560 5241 γὰρ
1574 5147 1926 5237 siesabsnupooptndsb

375 5245 424 5300 tut
438 5247 545 5319 Σευήρου
558 5248 709 5320 ληρούντων,
729 5248 763 5311 ὡς
779 5245 867 5301 issatis
882 5247 925 5319 pls
939 5248 987 5321 χρὴ
997 5249 1027 5301 τὸ
1038 5247 1142 5320 trepon-
1194 5245 1232 5316 εἴη
1244 5248 1329 5321 μονὰς,
1340 5249 1404 5303 ἀλλὰ
1418 5252 1486 5314 δυάς·
1505 5251 1582 5315 οὕτως
1595 5251 1624 5304 ab
1634 5251 1662 5304 lu
1676 5249 1738 5302 κατὰ
1748 5245 1790 5313 τὴν
1802 5243 1866 5311 ὄψ’
1880 5232 1926 5284 iss·

1194 5350 1243 5395 στι,
1258 5331 1303 5386 obs
1316 5335 1344 5386 ἂν
1358 5334 1486 5405 διαιρεθείη
1497 5334 1530 5397 εἰς
1543 5334 1596 5388 tto.

403 5493 414 5535 l
431 5492 483 5536 cod.
496 5492 574 5537 Μ-
587 5493 601 5538 2
613 5494 666 5549 Cup.
674 5505 710 5545 ιιι,
723 5505 798 5549 perag.
808 5493 935 5539 b-tluit.
947 5492 986 5537 tib.
995 5500 1011 5539 t.
1019 5493 1047 5538 lv
1060 5496 1115 5543 sus.
1129 5493 1178 5539 lit·
