4122 6248
266 356 336 424 1604
771 356 1095 421 meticulosius
1122 355 1339 421 oosuartm

278 542 383 586 carere
401 524 502 586 forma
521 530 552 587 et
570 524 731 587 chacham
748 542 813 586 non
835 529 954 604 potest3
977 521 1043 585 sine
1093 521 1163 600 init,
1194 523 1392 603 maximeque
1415 521 1569 603 pestilens,
1593 519 1678 601 qnod
1703 529 1786 602 yion,
1808 520 1861 583 uel

279 635 341 697 qua
352 635 392 678 ne
406 634 454 678 eras
468 617 593 695 quidem
605 619 662 694 sit,
680 617 797 679 nedum
811 615 981 696 perfeetum
995 633 1045 676 cus
1094 623 1191 692 οὐσίαν,
1205 616 1266 676 hoc
1278 617 1324 677 est
1337 622 1488 691 naturam,
1502 618 1558 675 aut
1573 612 1734 691 samiam,
1749 612 1788 674 ah
1801 611 1860 695 hy-

279 709 450 770 secundum
462 709 645 772 essentiam:
660 727 730 790 quae
740 708 917 788 nisireipsa,
933 712 1044 769 etactu
1092 707 1205 788 postest
1231 707 1429 784 nescierunt,
1456 705 1662 768 nolueruntvc
1688 722 1860 767 secernas.

278 801 328 877 sit,
341 801 402 863 hoc
414 808 460 863 ast
472 802 590 878 existat,
599 802 733 864 nihilum
746 817 812 863 esse
822 806 975 862 censetur.
989 801 1045 861 Est
1094 800 1192 861 Testis
1212 806 1258 862 est
1278 802 1416 862 Joannes
1438 800 1644 859 Damaseenus
1665 796 1701 857 in
1719 798 1812 858 tertio
1824 796 1862 858 de

278 892 363 953 enim
375 892 478 973 ipsum
492 894 612 968 sitonici
626 899 671 955 cst
684 912 751 970 esse,
765 892 948 968 eiecistere,
963 892 1044 954 inter
1093 889 1153 972 pide
1181 890 1346 954 orthodoxa
1373 891 1475 965 libro,
1506 888 1606 950 verhis
1631 888 1707 950 istis
1734 890 1860 966 siloe,

277 990 418 1062 οοσιώοιις,
439 989 471 1046 et
487 993 587 1063 φυσικὰς
602 1003 709 1047 rerum
733 984 935 1065 proprietates
955 983 1044 1045 facile
1093 982 1206 1061 inquit,
1226 989 1281 1056 est,
1305 980 1390 1062 quod
1411 981 1565 1043 haereticis
1587 997 1726 1041 errorem
1744 978 1861 1059 objicit,

277 1076 420 1156 prinecps
431 1097 440 1152 ;
462 1081 494 1137 et
510 1078 613 1157 primo
634 1077 703 1139 loco
726 1077 853 1157 ponitur
874 1075 913 1135 ah
935 1074 1044 1135 eodem
1094 1074 1179 1154 quod
1191 1074 1275 1135 idem
1293 1092 1359 1136 esse
1380 1078 1539 1146 naturam,
1561 1076 1592 1133 et
1604 1071 1799 1151 hypostasim
1813 1089 1864 1132 ar-

278 1171 402 1229 suctore
421 1167 455 1228 in
476 1168 556 1229 libro
578 1166 611 1229 ie
630 1166 744 1230 duobus
768 1166 884 1231 Christi
910 1165 1045 1227 uolunta·
1093 1164 1283 1227 bitrenturi.
1301 1188 1313 1224 ι
1328 1165 1380 1228 Sic
1393 1165 1478 1227 enim
1491 1162 1860 1244 persuasumhahehant:

278 1256 377 1332 tibus,
392 1260 481 1339 quasi
495 1259 734 1321 fundamentum
752 1258 954 1338 reliquarum.
970 1258 1044 1331 Qui·
1093 1263 1238 1319 naturam
1262 1275 1389 1319 omnem
1411 1255 1590 1336 perfectam,
1613 1261 1644 1317 et
1663 1254 1728 1315 suis
1740 1254 1863 1316 ahsolu-
1884 1312 1886 1317 .

277 1367 352 1411 nam
365 1368 439 1431 ergo
453 1351 547 1412 salvas
561 1351 751 1431 irstegroeque
765 1353 929 1412 manerent
942 1348 1044 1429 (quod
1093 1354 1157 1410 tam
1178 1349 1327 1426 numeris,
1348 1349 1427 1410 nihil
1446 1348 1620 1409 desiderare
1637 1346 1782 1426 amplius,
1798 1364 1862 1426 quo

276 1448 342 1501 tam
364 1459 444 1524 saepe
465 1443 550 1504 idem
571 1447 678 1505 auctor
699 1440 845 1523 inculcat)
860 1446 1045 1502 naturarum
1093 1441 1198 1503 minus
1210 1441 1395 1521 hypostasis,
1414 1445 1446 1502 et
1463 1440 1491 1501 si
1509 1440 1636 1520 quidem
1654 1456 1672 1500 c
1690 1454 1804 1515 genem
1820 1439 1864 1499 sit

277 1539 543 1615 οισιώοειςοιαφοραι,
558 1535 617 1597 Ιιοο
631 1539 677 1596 est
685 1533 882 1610 substantioe,
894 1533 943 1593 vel
952 1551 1045 1594 euen-
1093 1533 1314 1611 rationalium,
1342 1549 1476 1611 persona
1503 1536 1674 1594 censeatur.
1706 1528 1796 1605 Quod
1822 1547 1863 1591 ex

279 1622 366 1684 tiaies
379 1623 569 1703 diffamata,
585 1626 610 1690 si
631 1627 733 1710 prima
749 1626 867 1688 deeset
884 1624 1041 1701 omnium,
1092 1624 1265 1686 Aristotelis
1287 1624 1461 1704 pracsertim
1484 1622 1680 1704 philosophia
1701 1627 1863 1701 sumptum

278 1714 464 1777 existentia?
1093 1733 1158 1778 esse
1178 1715 1457 1778 demonstravimus
1471 1715 1532 1776 aiio
1549 1715 1583 1776 in
1599 1712 1710 1789 loco¹;
1726 1721 1758 1776 et
1777 1716 1863 1777 Ana-

1093 1807 1204 1869 stasius
1218 1809 1334 1870 Sinaite
1347 1808 1382 1868 in
1395 1826 1433 1869 eo
1444 1807 1544 1883 libro,
1559 1808 1613 1888 qui
1630 1815 1739 1888 ὀοηγος
1751 1806 1863 1868 inscri-

1092 1900 1188 1973 hitur,
1217 1900 1317 1981 capite
1342 1918 1447 1977 nono,
1474 1900 1649 1962 luculenter
1676 1898 1716 1961 de
1741 1899 1802 1961 hac
1827 1916 1863 1961 rc

495 2043 822 2130 caparra.
1093 1991 1864 2163 ..ἬιῗΙὛιιιΙἪ

1093 2177 1183 2258 pium
1197 2176 1258 2238 hoe
1271 2176 1408 2238 hausisse
1428 2175 1532 2238 refert.
1551 2198 1567 2235 a
1589 2176 1794 2255 Quicumque,
1807 2175 1863 2253 ait,

1094 2287 1134 2331 ex
1146 2269 1326 2349 prescripto
1338 2269 1521 2330 Graecanica
1530 2267 1867 2348 philosophiaehristo·

277 2360 325 2421 Aa
338 2364 449 2422 natura
466 2360 596 2421 humana
615 2357 731 2422 Christi
743 2359 904 2440 proprium
917 2356 1044 2438 πάρνοπι
1094 2360 1173 2435 telis,
1189 2366 1317 2421 naturas
1329 2366 1442 2422 uocant
1453 2360 1643 2441 hypostases,
1660 2365 1691 2421 et
1703 2376 1862 2439 personas,

315 2450 492 2513 subsistendi
511 2449 628 2513 modum
646 2449 759 2513 haheat.
786 2455 815 2513 l.
839 2449 942 2531 Hujus
963 2467 1044 2532 ροισι-
1093 2452 1194 2515 necin
1202 2456 1307 2514 saneta
1315 2452 1465 2514 'lhinitate
1475 2451 1867 2532 possunttreshypostases

316 2543 416 2604 stiouis
431 2542 551 2622 [metus
572 2543 741 2625 seponitur.
754 2546 786 2605 h.
802 2541 1045 2605 Nestorianorum
1094 2545 1214 2619 dicere3
1243 2562 1295 2618 ne,
1318 2544 1403 2624 quod
1425 2543 1498 2606 feeit
1520 2543 1623 2620 Arius,
1651 2548 1715 2604 tres
1735 2549 1866 2605 naturas

316 2642 344 2695 et
361 2633 623 2716 Eutychianos-um
645 2635 723 2696 iuter
736 2653 766 2695 se
782 2633 975 2715 comparauit.
997 2632 1046 2695 Hi
1095 2637 1247 2697 affirmare
1269 2635 1462 2697 rideantur:
1487 2653 1589 2715 neque
1609 2652 1702 2714 porro
1726 2634 1806 2696 duas
1830 2635 1867 2696 in

316 2724 389 2788 duas
401 2732 469 2788 ante
486 2726 648 2788 ophionem
663 2724 829 2809 hypostases
847 2732 1046 2806 ayncomnt:
1096 2728 1217 2790 Christo
1231 2732 1357 2788 natsuas
1368 2726 1508 2807 profiteri
1519 2730 1648 2806 queunt,
1661 2744 1702 2787 ne
1709 2724 1788 2787 duas
1798 2743 1868 2806 per·

316 2838 352 2881 ac
364 2827 502 2882 saturam
517 2816 595 2879 idem
606 2836 662 2880 esse
673 2836 739 2879 cum
751 2816 904 2900 hypostasi
917 2817 949 2877 io
963 2835 1045 2880 area-
1096 2837 1197 2892 sonas,
1220 2824 1252 2880 et
1273 2818 1454 2898 hypostases
1467 2818 1592 2898 inipso,
1614 2817 1748 2878 Nestorii
1767 2817 1868 2880 instar

317 2918 355 2972 tts
368 2909 453 2972 rehus
468 2918 625 2992 putarunt.
648 2911 680 2971 3.
702 2907 786 2985 Quod
802 2912 978 2971 auctoritate
995 2926 1046 2970 oe·
1096 2910 1236 2973 confiteri
1248 2915 1409 2989 cogantur.
1430 2910 1510 2971 Nam
1526 2909 1565 2969 ah
1578 2908 1743 2970 Aristotele
1760 2908 1868 2971 didicit

317 3011 413 3063 terum
431 3003 590 3083 probatur.
614 3003 644 3062 l.
681 2999 806 3078 Quidam
826 3000 942 3081 opinati
964 3008 1044 3075 suut,
1096 3002 1265 3077 Nestorius,
1288 3006 1413 3062 naturas
1436 3001 1593 3082 appellare
1611 3000 1803 3081 hypostases.
1830 3002 1869 3061 st

316 3111 430 3155 omnem
456 3092 750 3173 subeundumque
773 3100 912 3173 separata
934 3110 990 3174 per
1019 3110 1047 3152 sc
1096 3112 1171 3156 vcro
1186 3097 1293 3153 sancta
1305 3091 1439 3153 Ecclesia
1453 3090 1672 3163 Aristotelicas,
1686 3092 1868 3173 Groecasque

317 3184 457 3254 consulit,
483 3203 538 3246 esse
558 3183 751 3265 hypostasim:
776 3183 856 3245 uelut
878 3192 917 3245 est
944 3184 1047 3246 anima
1095 3184 1516 3264 vaniloquentiasdcclinans,
1529 3183 1870 3265 ctEvangeiiee,atquc

316 3275 483 3338 rationalis.
499 3277 529 3338 5.
547 3274 592 3338 De
603 3275 765 3356 hypostasis
778 3274 942 3337 conditione
954 3275 1048 3337 chito·
1098 3276 1281 3357 Apostolus,
1292 3282 1328 3336 ut
1337 3275 1431 3356 paulo
1447 3282 1520 3337 ante
1534 3274 1680 3345 diximm
1691 3275 1730 3336 de
1744 3275 1869 3338 Christo

315 3366 513 3449 diaprasium,
527 3377 557 3430 et
575 3374 716 3449 quatenu
728 3387 767 3429 es
780 3374 901 3444 nutura,
916 3375 945 3428 et
960 3366 1049 3429 certis
1099 3368 1238 3445 credens,
1262 3374 1357 3448 negat
1377 3367 1462 3429 idem
1484 3384 1550 3429 esse
1570 3371 1738 3445 naturam,
1760 3373 1793 3429 et
1812 3368 1871 3449 hy·

315 3459 549 3540 proprietatibus
561 3466 684 3521 constat.
699 3460 733 3521 o.
753 3459 889 3522 Muaeime
907 3458 960 3520 ilii
979 3478 1046 3521 con-
1099 3457 1281 3542 postasimi.
1299 3481 1311 3518 ι

319 3550 1047 3632 veoireotperscaeseorsimcohoereat.i.Etiom
1139 3552 1238 3630 Igitur
1255 3571 1272 3609 u
1289 3567 1390 3611 unum
1406 3555 1452 3611 est
1472 3549 1599 3611 haeresis
1622 3549 1785 3630 utriusque
1806 3569 1871 3613 cer

318 3651 354 3703 ut
364 3661 438 3724 pars
451 3646 560 3703 masii
576 3643 663 3703 totius
677 3643 855 3723 cujuspiam.
871 3643 903 3703 8.
922 3641 1049 3723 Triplec
1098 3649 1225 3720 tamen,
1248 3648 1284 3703 ut
1303 3643 1346 3703 ait
1368 3640 1514 3703 Leontius
1523 3640 1547 3717 ¹,
1574 3643 1716 3720 quamvis
1736 3641 1810 3703 finis
1831 3643 1871 3703 sit

319 3752 409 3814 ycuas
420 3734 640 3816 proprietatum
654 3737 689 3794 in
702 3733 877 3795 micantia.
892 3734 922 3796 9.
939 3732 1050 3815 Hypo·
1099 3733 1255 3796 differens.
1270 3733 1318 3795 lili
1331 3733 1426 3808 enim,
1442 3733 1474 3794 id
1486 3738 1534 3794 est
1546 3733 1731 3807 Nestoriani,
1747 3739 1786 3795 ut
1797 3752 1871 3796 cum

319 3826 405 3887 stasis
431 3830 461 3887 ct
480 3843 608 3906 pesona
633 3843 691 3907 pro
721 3823 818 3886 eodem
847 3833 991 3906 usurpata
1016 3825 1050 3885 io
1099 3825 1220 3886 naturis
1239 3825 1419 3905 hypostases
1432 3823 1587 3886 inierant:
1612 3824 1764 3902 aliircro,
1780 3825 1871 3887 idest

322 3915 546 3979 Chuhedouuui
575 3915 697 3998 syuodo.
727 3914 859 3977 Nullum
878 3914 1052 3977 subsistendi
1101 3916 1300 3997 Eutychiani,
1315 3922 1352 3978 ut
1365 3917 1623 3997 perhypostases‚
1637 3924 1765 3978 naturas
1778 3917 1871 3978 etiam

322 4004 440 4066 madiam
461 4005 621 4087 proprium
640 4003 743 4067 haim
765 4011 906 4079 naturum
924 4002 1051 4065 hominis
1099 4008 1256 4085 tollerent,
1267 4008 1376 4070 codem
1387 4013 1571 4087 argumento
1580 4007 1628 4069 usi
1639 4013 1750 4070 sunt.»
1765 4008 1871 4089 ltaque

323 4097 358 4158 in
384 4094 513 4158 Christo.
545 4099 595 4159 li).
626 4094 709 4171 Quod
727 4095 908 4176 arysmcutis
936 4094 1052 4178 aliquot
1103 4099 1329 4180 Monophysitae
1342 4100 1443 4161 varias
1459 4099 1637 4161 exdircrsis
1649 4100 1793 4161 Patribus
1806 4118 1873 4162 sen·

321 4186 474 4269 protatur.
1098 4191 1222 4267 tentias,
1237 4197 1389 4270 tanquam
1401 4192 1441 4252 ab
1451 4191 1566 4272 Cyrillo
1576 4191 1730 4269 collectas,
1741 4192 1873 4254 circnm-
2046 4206 2047 4273 i

1098 4282 1249 4359 ferebant,
1271 4301 1341 4364 quas
1360 4289 1488 4345 naturas
1504 4283 1632 4345 easdem
1649 4284 1780 4346 omnino
1801 4301 1873 4347 cum
2046 4276 2047 4345 Ι

110 4398 260 4442 „amaya
324 4372 349 4434 Ι.
371 4372 417 4432 Ει
430 4371 575 4433 omnihus
589 4370 701 4432 erroris
719 4370 920 4449 argumentis,
939 4370 1051 4449 quibus
1098 4374 1318 4453 hypostasibus
1339 4393 1406 4437 esse
1426 4374 1666 4436 confirmarent:
1689 4381 1726 4436 ut
1739 4376 1871 4438 Anasta·
2046 4376 2047 4437 i

120 4453 247 4557 ffl'g'off,
283 4462 458 4544 praecipites
471 4464 531 4525 acti
544 4468 635 4537 sunt,
652 4461 690 4524 de
705 4462 921 4524 Incarnations
935 4481 1049 4543 perpe·
1099 4465 1209 4525 siusin
1223 4465 1321 4545 capite
1334 4466 1455 4528 deumo
1468 4480 1512 4529 τοῦ
1531 4466 1821 4546 “ΟδηγοῦριοᾶΙ<Ιίῑ’.
1835 4468 1873 4528 st
2046 4440 2047 4523 Ι

115 4566 259 4652 mihinam
284 4571 353 4615 ram
379 4555 545 4618 sentientes
565 4554 719 4632 haerctiei,
745 4553 992 4634 vulgatissimum
1019 4554 1052 4616 id
1098 4556 1184 4634 apud
1204 4557 1371 4620 Rusticum
1388 4557 1596 4639 Accphalus⁸,
1609 4575 1649 4620 ex
1661 4577 1699 4621 eo
1712 4559 1800 4639 quod
1811 4560 1873 4621 hu·

2046 5964 2047 5997 i

132 4343 235 4390 uersuti

321 4749 342 4789 a
361 4734 476 4789 Dtstlsc.
499 4732 546 4788 lib.
567 4733 615 4797 ΙΙΙ,
635 4748 696 4804 cap.
712 4748 751 4788 ιιι.
775 4731 852 4786 Ἀλλά
870 4734 944 4786 τοῦτο
958 4731 1010 4787 teat
1022 4732 1051 4786 th
1100 4733 1232 4807 ὁμολογεῖν
1245 4732 1269 4787 ἔν
1279 4736 1377 4807 Χριστῷ
1387 4734 1432 4798 τὰς
1444 4735 1535 4808 φάσεις,
1545 4734 1632 4808 ἵναμὴ
1647 4734 1821 4809 ἀναγκασθῶσι
1834 4738 1875 4793 παὶ

285 4821 370 4872 ποιοῦν
387 4817 442 4877 τοῖς
457 4815 586 4888 οιΙριτιποῖς
599 4814 643 4883 τὴν
656 4816 762 4885 πλάνην,
779 4816 808 4870 το
825 4813 900 4869 ταύτὸ
912 4815 993 4888 λέγειν
1007 4814 1051 4883 τήν
1100 4817 1144 4870 tto
1168 4819 1298 4890 πρόστυπα,
1318 4818 1359 4871 κοιλ
1379 4816 1523 4880 ὑποστάσεις
1548 4818 1682 4891 ὁμολογεῖν
1703 4818 1876 4893 Νεστοριονῶς

286 4900 366 4973 φύσιν,
379 4899 419 4953 κοιλ
433 4898 477 4967 τὴν
490 4897 634 4952 ὑπόστασιν.
1101 4898 1139 4972 ty'
1150 4898 1227 4972 αὐτῷ.
1243 4897 1303 4953 Ἀπὸ
1316 4898 1365 4971 γάρ
1377 4898 1559 4973 Ἀριστοτέλους
1567 4901 1691 4973 πσρέλσὸι
1703 4903 1745 4954 παὶ
1759 4900 1877 4958 ὁΝιστό-

227 4994 228 4997 ’
322 4983 455 5039 ὁΔιιιιι.
474 4980 549 5035 Ὅσοι
560 4981 623 5036 κατὰ
636 4981 679 5034 τὸν
693 4982 751 5054 ὅρον
766 4986 810 5050 τῆς
824 4980 972 5050 Ἑλληνικῆς
985 4982 1053 5053 φιλο-
1101 4983 1245 5056 ριοςλέγιιν
1259 4982 1303 5044 τάς
1316 4982 1408 5054 picem
1422 4983 1576 5046 ὑποστάσεις.
1598 4982 1660 5051 hii
1681 4983 1740 5056 άγΙσ
1760 4984 1875 5055 &lysis

285 5065 373 5137 σοφΙας
391 5063 583 5136 Ἀριστοτελοιῆς
595 5065 694 5136 λάγουοι
710 5063 753 5127 τάς
761 5064 842 5136 φάσεις
852 5064 997 5126 διαστάσεις
1012 5064 1053 5117 οιαὶ
1102 5064 1261 5138 ἀποφυγοῦσα
1274 5064 1318 5127 τάς
1335 5064 1539 5137 Ἀριστοτελικάς,
1560 5068 1602 5121 καὶ
1623 5065 1752 5135 Ιλληνιιλς
1772 5087 1875 5141 ματαιο-

285 5149 415 5219 tiphoeus,
430 5146 458 5199 oh
472 5147 586 5201 δύνανται
602 5145 657 5202 οὔτε
677 5144 716 5200 ist
729 5150 773 5214 τῆς
784 5146 855 5218 hylas
868 5148 965 5219 τριάδος
987 5148 1052 5218 τρεῖς
1101 5148 1197 5220 λογίας,
1223 5148 1403 5221 Εὖαγγιλιπῶς,
1424 5150 1467 5203 οιαὶ
1491 5147 1681 5215 Ἀποστολικῶς,
1695 5150 1731 5214 ὥς
1750 5151 1800 5223 πρὸ
1815 5152 1872 5223 βρο·

283 5228 429 5291 Ιιποστάσεις
443 5229 529 5302 εἰπεῖν,
543 5230 586 5283 ἵνα
599 5229 633 5302 μὴ
644 5230 684 5283 πολ
697 5232 762 5304 τρεῖς
774 5230 856 5303 φύσεις
869 5229 1009 5301 εἶιρτθῶσιν,
1019 5229 1053 5290 ὡς
1102 5231 1167 5305 χάος
1191 5228 1295 5302 εἴρηται,
1318 5231 1351 5285 τὰ
1370 5233 1424 5304 περὶ
1446 5231 1555 5303 Χριστοῦ
1574 5229 1733 5299 monuwa,
1752 5231 1782 5286 ch
1806 5233 1876 5305 λάγιι

285 5309 417 5382 ὁ”άριιος,
431 5312 552 5384 λέγοντες·
574 5312 630 5367 οὔτε
645 5312 692 5385 μὴν
706 5315 780 5367 πάλιν
800 5312 901 5367 δυνατὸν
916 5310 998 5374 αὐτοῖς
1010 5309 1054 5367 sio
1101 5313 1176 5367 ταῦτο
1190 5313 1326 5385 τὴνφύσιν,
1340 5315 1382 5368 καὶ
1395 5313 1440 5383 τὴν
1451 5314 1597 5371 ὑπόστασιν.

308 5478 320 5522 t
337 5476 382 5522 tu.
395 5477 423 5522 li
434 5477 460 5522 ts
477 5477 537 5522 thiu.
547 5489 567 5522 c·
579 5490 596 5533 ι,
605 5490 681 5536 perse¹
692 5479 742 5533 9,-
754 5479 827 5525 stu.
838 5483 896 5527 eom.
907 5480 966 5527 ticet.
977 5479 1059 5528 οιΕιιι.
1070 5485 1087 5527 t.
1098 5479 1185 5527 iisset
1197 5489 1245 5537 par.
1253 5480 1310 5527 lt-
1319 5482 1419 5527 thum.
1430 5482 1481 5529 init.
1492 5494 1514 5538 c,
1526 5483 1599 5529 ι.-Ι
1611 5483 1675 5529 τοι.
1687 5481 1714 5526 Ν
1725 5482 1836 5529 stuata
