3994 6164
490 287 540 347 DE
561 285 866 363 INCARNATlONE,
888 285 963 346 LIB.
987 287 1013 354 l,
1035 283 1123 345 GAP.
1141 283 1207 344 XV.
1589 288 1649 348 225

82 451 227 515 damultra
248 449 355 522 etiam,
381 467 477 530 quam
498 457 710 529 necesseerat,
724 454 825 515 Deum
873 451 1043 532 pemodnm
1069 450 1172 524 fuisse,
1208 464 1282 509 cum
1311 464 1374 525 qua
1393 465 1458 509 non
1492 450 1648 529 dogmatis

80 542 177 627 proprie
187 541 350 619 fatebatur,
358 547 627 621 omumternatum,
640 564 677 606 ac
683 546 826 625 genitum
874 544 978 622 aliqua
990 542 1133 604 societate
1142 543 1310 621 jungatur:
1326 557 1366 599 ne
1378 540 1560 602 Nestoriana
1574 544 1648 623 qui·

81 635 197 715 negabat¹
219 636 356 714 Uterque
379 642 486 697 antem
506 655 592 698 error
614 654 687 697 cum
709 646 825 699 νεοτόκον
875 636 948 697 dem
977 640 1130 714 excepte:
1159 634 1209 695 cni
1223 631 1393 715 capitaliter
1405 633 1543 707 inimica,
1560 640 1591 695 et
1611 653 1651 696 ex

81 728 185 788 notione
195 745 261 788 non
270 727 426 807 congruit.
877 734 941 790 toto
956 746 1021 789 esse
1035 726 1190 788 contraria
1201 727 1295 807 vulgo
1310 728 1458 790 creditur.
1473 726 1557 793 Quin
1570 725 1650 786 illud

112 820 163 881 Sed
183 819 411 881 accuratissime
436 819 579 881 omnium
600 820 769 900 disputavit
789 821 827 881 de
876 820 994 900 pariter
1016 819 1225 896 intelligetur3
1246 821 1398 882 nonnulla
1423 819 1536 899 passim
1550 819 1649 897 Euty·

81 912 333 973 hacreFacnndns
346 911 618 987 Hermionensis¹3
641 914 696 992 qui
709 920 773 974 tam
788 913 828 974 ab
877 912 939 986 chi,
968 911 1096 990 ejusque
1130 916 1220 972 sectae
1248 912 1354 989 tribui,
1383 930 1454 991 quae
1488 909 1650 990 propalam

82 1003 207 1075 liatorio,
224 1021 323 1083 qnam
336 1004 375 1063 ab
390 1005 528 1084 Eutyche
544 1005 704 1084 repudiari
720 1023 829 1066 rocem
877 1003 922 1064 illi
951 1004 1106 1080 negabant
1136 1003 1226 1065 :Sed
1261 1005 1345 1083 quod
1377 1003 1507 1065 decretis
1541 1019 1651 1063 corum

84 1096 262 1175 illanreipsa
276 1095 377 1157 docet.
397 1098 493 1157 «Non
502 1097 587 1158 enim
601 1102 700 1176 potest
712 1098 746 1159 B.
760 1097 830 1157 Vir·
880 1102 1087 1157 consentanea
1118 1101 1226 1172 erant,
1262 1104 1294 1157 et
1327 1116 1366 1157 ex
1399 1096 1446 1156 his
1479 1095 1650 1156 necessario

83 1186 164 1264 ginem
181 1202 267 1251 vere.
289 1191 321 1246 et
340 1186 466 1265 proprie
489 1186 590 1247 dicere
608 1191 741 1247 matrem
761 1186 828 1264 Dei,
881 1189 1106 1267 sequebantur;
1131 1188 1254 1249 tametsi
1275 1189 1492 1265 diffiterentur,
1517 1206 1575 1267 pro
1589 1204 1652 1248 cer·

83 1277 335 1356 adnnncnpative
348 1277 831 1359 potius,acperiunctorie,qnam
879 1280 930 1355 tis,
961 1286 992 1342 et
1019 1280 1163 1342 confessis
1189 1299 1299 1342 eorum
1323 1280 1522 1361 opinionibus
1546 1279 1652 1340 habita

84 1368 243 1431 concredit
269 1387 396 1432 carnem
424 1389 462 1431 ex
485 1388 517 1431 se
541 1371 684 1433 omnium
703 1370 830 1431 domino
879 1371 1019 1434 fuerunt.

84 1462 257 1524 animasse
273 1462 345 1523 Non
368 1481 442 1542 ergo
457 1464 671 1524 Nestorianam
693 1467 829 1537 tantnm,
921 1466 965 1526 llo
978 1484 1050 1526 cum
1063 1464 1197 1527 haereses
1218 1466 1284 1528 istae
1303 1484 1413 1528 omnes
1426 1467 1466 1527 ad
1480 1467 1543 1528 duo
1557 1465 1652 1543 potis-

84 1555 275 1616 rerumetiam
289 1555 516 1635 Eutychianam
538 1556 683 1617 haeresim
701 1555 831 1616 destruit
881 1556 997 1619 simum
1011 1558 1197 1620 offenderint
1209 1559 1366 1620 catholicae
1380 1558 1453 1619 fidei
1468 1558 1652 1637 capitaque

85 1646 289 1726 lacooniessio‚
319 1666 380 1727 qna
404 1648 516 1711 dicihrr
530 1649 565 1708 Β.
588 1648 685 1710 Maria
701 1666 785 1725 vere,
801 1653 833 1708 et
880 1649 1010 1710 totidem
1025 1650 1145 1710 naturis
1159 1651 1192 1711 in
1214 1650 1335 1711 Christo
1357 1651 1567 1726 continentur,
1591 1650 1653 1710 duo

85 1741 183 1818 proprie
196 1744 297 1801 mater
310 1740 410 1801 Dein
434 1742 526 1802 Plura
541 1740 657 1802 ibidem
678 1742 716 1801 de
738 1740 833 1818 hujus
881 1760 938 1801 nos
951 1742 990 1802 ad
1009 1742 1128 1820 fastigia
1150 1741 1351 1821 Eutychiana
1375 1742 1501 1803 haeresis
1522 1749 1553 1804 et
1568 1760 1653 1803 com-

86 1831 195 1914 nominis
209 1832 397 1912 proprietate
405 1832 522 1909 scribit,
538 1851 607 1912 quar
622 1851 680 1894 nos
693 1851 749 1893 suo
764 1832 832 1893 loco
882 1834 1041 1894 munionis
1059 1852 1131 1896 cum
1149 1833 1276 1913 reliquis
1296 1851 1450 1895 summam
1471 1835 1651 1895 referemus.

87 1923 236 1985 reddemus.
883 1926 1035 1986 Naturam
1049 1926 1185 1987 hominis
1196 1932 1388 2005 assumptam
1402 1946 1466 1986 non
1480 1927 1591 2005 reipsa,
1600 1927 1654 1987 sed

116 2016 258 2078 Postremo
291 2035 357 2076 non
382 2016 460 2077 illud
495 2017 664 2086 omiserim,
704 2016 831 2078 Avitum
883 2018 1071 2098 solaspecie‚
1086 2019 1271 2098 complures,
1291 2025 1409 2079 utente
1423 2018 1568 2092 diximus,
1587 2019 1653 2078 hae-

87 2106 270 2171 l'iennensem
284 2107 319 2168 in
333 2108 461 2188 epistola
471 2110 606 2171 secunda
619 2110 657 2170 de
669 2110 833 2190 Eutychia·
882 2110 1050 2172 reticorum
1062 2117 1204 2172 veterum
1218 2110 1359 2171 arbitrati
1376 2117 1469 2185 sunt3
1487 2116 1523 2170 ut
1541 2110 1655 2171 Valen-

87 2201 225 2263 naheresi
250 2202 473 2279 disputantem,
503 2203 581 2263 mire
607 2202 833 2263 hallucinatum
882 2202 977 2275 tinus,
1000 2204 1125 2275 Marcio,
1150 2201 1350 2276 Manichacus,
1383 2220 1461 2281 quos
1483 2211 1603 2279 Δοαητὰς,
1624 2209 1655 2263 et
1690 2229 1812 2273 mm

88 2294 235 2365 esse,dum
247 2312 314 2373 qnae
333 2294 466 2354 Nestorii
486 2295 613 2374 propria
638 2299 721 2371 sunt,
741 2296 834 2374 Euty·
884 2303 1064 2374 φαντασιαστὰς
1091 2302 1225 2356 vocant:
1255 2296 1293 2356 de
1325 2295 1439 2374 quibus
1471 2301 1574 2357 actum
1610 2301 1655 2357 est
1677 2282 1824 2379 pauwae-

16 2396 62 2435 ἰι
87 2381 131 2443 chi
142 2383 246 2446 tribuit.
262 2386 352 2446 llnnc
366 2385 504 2447 enimait
517 2404 582 2447 non
596 2395 715 2449 θεοτόκον
729 2386 836 2446 B.Vir·
883 2405 978 2465 supra
992 2387 1015 2448 ².
1029 2388 1240 2449 Theodoretus
1254 2389 1288 2447 in
1300 2393 1410 2467 quarto
1423 2386 1649 2466 deHceresidus,

16 2490 63 2549 tec
87 2477 186 2554 pinam,
197 2479 248 2539 sed
260 2488 425 2559 Χριστστόασν
439 2478 630 2559 appellasse:
648 2484 703 2540 «ut
715 2480 832 2541 scilicet
883 2480 981 2557 capite
994 2497 1061 2554 νην,
1078 2479 1240 2558 Eutychen
1252 2479 1306 2547 ait,
1329 2480 1541 2559 «jampridem
1555 2481 1656 2544 exole-

16 2554 41 2591 ²
88 2569 168 2631 divisa
187 2571 327 2633 credatur
351 2589 494 2651 persona,
521 2590 592 2653 que
611 2579 712 2633 servat
725 2571 835 2633 divini·
884 2577 948 2632 mm
963 2572 1117 2632 Valentini
1130 2572 1509 2633 haeresiminstaurassess.
1522 2599 1536 2627 ι
1556 2576 1654 2635 Anas·

89 2662 302 2743 tatisnatnram,
317 2664 357 2724 ab
371 2683 420 2742 ea,
435 2682 506 2743 qna
526 2665 672 2726 sustinuit
684 2664 835 2745 passionis
884 2664 979 2724 tasius
1002 2664 1079 2724 item
1105 2664 1233 2739 Siuaita,
1263 2664 1409 2725 eumdem
1431 2665 1614 2726 hereticum
1637 2684 1657 2726 a

89 2751 250 2833 injuriam.»
885 2756 1130 2832 Valentinianis,
1163 2756 1375 2831 Marcionitis,
1410 2762 1441 2815 et
1477 2757 1656 2817 lilanichaeis

886 2849 1026 2910 didicisse
1037 2848 1150 2909 referto
1159 2847 1395 2928 phantasticam,
1410 2851 1441 2907 et
1454 2848 1657 2926 specietenus

886 2946 1089 3021 apparentem
1102 2940 1213 3001 Christi
1229 2957 1355 3000 carnem
1365 2938 1386 3000 l.
1404 2961 1419 2997 o

927 3034 967 3093 ΙΙ.
988 3035 1052 3094 Leo
1066 3050 1192 3112 quoque
1215 3031 1356 3112 pontifex
1376 3031 1414 3091 de
1439 3049 1475 3092 eo
1498 3031 1541 3091 sio
1554 3030 1660 3091 scribit

888 3125 1017 3204 epistola
1027 3142 1072 3185 xi.
1090 3146 1105 3182 (ν
1116 3125 1174 3197 Qui
1192 3125 1390 3202 unigenitum
1412 3123 1469 3183 Dei
1484 3123 1597 3184 Filium
1616 3124 1659 3185 sic

273 3164 495 3253 CAPUT
536 3165 636 3252 XV·
888 3217 927 3277 dc
954 3221 1043 3277 utero
1069 3218 1103 3280 B.
1132 3216 1269 3295 Virginis
1296 3216 1446 3295 praedicat
1475 3222 1596 3291 natum,
1625 3220 1662 3276 ut

889 3308 1022 3369 humani
1031 3308 1160 3386 quidem
1168 3306 1304 3386 corporis
1318 3307 1453 3385 speciem
1467 3306 1662 3385 gesserit,sed

890 3402 1037 3460 humanae
1052 3399 1153 3461 carnis
1166 3398 1279 3459 veritas
1293 3398 1395 3458 Verbo
1410 3397 1498 3458 unita
1514 3416 1580 3459 non
1593 3399 1661 3460 fue·

94 3503 272 3587 Conponunt·
293 3506 489 3589 Eutychiana
501 3505 620 3570 torosis
632 3526 698 3569 cum
713 3508 760 3584 iis,
773 3526 841 3589 quae
892 3493 975 3552 Pii-¹>
993 3492 1031 3551 Ei
1043 3491 1186 3566 subinde,
1204 3491 1362 3593 “Negatis
1379 3489 1464 3550 enim
1484 3491 1663 3552 Mflfflflmsli

124 3598 201 3660 illum
231 3608 449 3673 antecessarum,
478 3598 640 3669 Valentini,
668 3598 839 3676 Marcionis,
894 3584 960 3659 Dei>
997 3589 1029 3644 θῑ
1054 3583 1231 3655 hominum,
1267 3581 1406 3643 hominis
1433 3582 1509 3643 JtSU
1542 3581 1663 3658 Christis

125 3688 285 3758 Municeps,
301 3689 503 3771 Apollinum,
515 3699 542 3751 et
556 3690 703 3751 ,amilium
713 3711 725 3753 :
739 3690 841 3772 quibus
861 3703 867 3714 ·
893 3694 1017 3738 necesse
1029 3682 1075 3736 est
1089 3682 1124 3736 ut
1137 3675 1243 3736 multis
1257 3675 1423 3752 impleatur
1439 3693 1446 3734 ε
1464 3692 1598 3753 eumque
1611 3679 1667 3734 aut

126 3781 218 3860 affirm
228 3784 300 3864 sup,
319 3782 406 3860 Tum,
414 3781 493 3863 quod
504 3782 680 3845 mirabilius
692 3790 743 3859 est,
759 3782 843 3844 (1003.
897 3768 1082 3848 Apollinaris
1098 3768 1157 3828 sibi
1170 3766 1316 3842 vindicet,
1323 3766 1567 3870 autValentinus
1580 3782 1668 3826 usur·

126 3879 169 3933 mr
179 3878 307 3936 eamdem
320 3893 385 3936 cum
401 3874 668 3952 paulianistarum,
690 3893 725 3936 αθ
739 3873 842 3936 Nesto.
895 3868 959 3941 pet,
974 3866 1029 3921 aut
1050 3860 1242 3922 Manichacus
1268 3858 1405 3919 obtmeat
1421 3877 1428 3917 ε
1447 3875 1582 3935 quorum
1595 3855 1666 3917 nul·

128 3968 270 4028 rimorum
298 3965 406 4028 lpoerepi
435 3986 604 4047 conpmere,
639 3965 685 4028 Ab
720 3966 845 4047 Orp'yene
896 3954 945 4014 lus
966 3953 1000 4013 in
1021 3953 1142 4015 Christo
1163 3952 1310 4013 humanae
1330 3948 1431 4011 carnis
1444 3948 1668 4010 erediditveri·

128 4057 316 4119 arameidem
326 4057 436 4119 erroris
447 4059 576 4120 oblatam
585 4058 686 4139 soloe,
702 4057 780 4121 ocdc
793 4057 846 4119 illo
897 4050 1038 4107 litim»

129 4146 210 4209 aare
225 4149 393 4212 creator.
410 4150 562 4211 Postremo
573 4169 611 4212 ea
627 4149 743 4231 Cyrrus
751 4149 846 4210 veroa
938 4137 1124 4197 Valentinus
1138 4134 1277 4217 quidem
1293 4141 1329 4197 ut
1342 4135 1563 4216 aptaquaro
1577 4135 1671 4215 scor·

131 4241 195 4302 ,ναις
206 4243 493 4325 mamma,
507 4241 651 4305 sentiendi
669 4243 846 4305 occasionem
899 4228 1007 4306 simus,
1023 4227 1136 4289 Christi
1149 4246 1262 4307 eorpus
1275 4228 1390 4289 nonde
1404 4230 1439 4288 B.
1453 4228 1551 4289 biacia
1563 4245 1669 4306 snmp·

132 4331 274 4417 Eutychen
283 4333 426 4396 laturae,
898 4328 967 4383 tum
976 4321 1069 4383 fuisse
1075 4320 1214 4401 putabat:
1224 4320 1278 4381 sed
1286 4339 1341 4398 per
1349 4320 1431 4380 illius
1438 4326 1573 4394 uterum,
1583 4319 1673 4400 quasi

901 4430 1017 4494 aquam
1031 4432 1087 4493 per
1105 4412 1257 4486 canalem,
1279 4411 1415 4485 iluxisse,
1438 4431 1474 4473 ac
1485 4410 1673 4492 spiritualem

134 4499 152 4561 Ι.
160 4502 329 4568 Uthaeresis
338 4507 596 4587 pestilentissimae
607 4507 848 4588 pleniusarcana
901 4524 1018 4566 cornea
1032 4506 1071 4566 ab
1086 4505 1139 4565 illo
1154 4504 1303 4564 tributam
1323 4520 1389 4565 esse
1415 4503 1537 4564 Christo
1551 4503 1675 4565 Tertul-

48 4593 86 4629 “¹
103 4595 190 4655 onnia
201 4605 439 4678 perscrutemur,
446 4599 536 4678 jurat
548 4618 618 4661 eam
627 4599 766 4661 conferre
775 4617 848 4660 cum
900 4597 1001 4659 lienus
1013 4596 1148 4677 prodidit
1162 4594 1185 4657 ⁸.

16 4628 77 4785 Ξ
104 4683 217 4765 antiquis
252 4690 419 4752 notissimis
432 4693 531 4766 sectis,
569 4710 645 4771 quas
668 4690 778 4771 majori
810 4709 850 4752 ex
946 4690 1157 4750 Theodoretus
1173 4705 1315 4766 «corpus
1331 4687 1469 4766 ejusdem
1483 4706 1556 4750 cnm
1569 4688 1676 4751 anima

105 4780 174 4849 porte
187 4778 335 4843 hactenns
357 4782 620 4844 enumeravimus.
641 4784 689 4843 Ex
709 4801 772 4862 qao
791 4781 851 4843 mi-
906 4779 1085 4842 snbstantiae
1105 4789 1154 4851 (ex
1165 4779 1312 4861 opinione
1330 4779 1414 4842 illius
1427 4780 1631 4863 assumptum)
1644 4787 1677 4843 et

106 4877 164 4927 rum
174 4869 255 4951 illud,
270 4880 302 4936 et
312 4874 508 4952 inopinatum
523 4875 643 4953 existet,
653 4874 852 4954 nullampro·
901 4871 1115 4953 inexplicabili
1135 4873 1270 4952 quadam
1305 4872 1456 4952 sapientia
1484 4873 1529 4934 ita
1549 4873 1673 4934 tactum

138 5079 360 5143 alimmum.
379 5085 430 5155 Τὴν
443 5087 569 5158 πρόπαλαι
584 5085 746 5159 μαρανθεῖσαν
757 5085 850 5158 αἵρεσιν
936 5082 953 5139 b
967 5083 1065 5139 Autar-
1079 5082 1109 5139 in
1123 5080 1222 5156 Ὁδηγῷ
1243 5098 1302 5155 cop.
1315 5098 1354 5140 tt.
1374 5081 1486 5138 Ἐκεῖθεν
1497 5081 1611 5156 ἐδιδάχθη
1625 5020 1679 5147 τὴν,

109 5155 232 5220 Μινώα
243 5170 316 5223 πάλιν
331 5168 434 5238 ἀνθῆσαι
442 5170 583 5240 πεποίηκεν.
900 5167 1044 5238 φαντασίαν,
1059 5168 1100 5221 ml
1113 5168 1223 5235 δόκησιν.

134 5361 142 5405 ¹
156 5362 219 5423 ilbi,
230 5383 275 5429 cap.
287 5384 346 5420 rr.-
355 5373 370 5418 t
380 5373 434 5430 cap.
447 5383 506 5418 m-
519 5374 533 5418 a
545 5370 594 5418 Lib.
604 5377 661 5419 om.
674 5374 757 5420 roeo.
768 5384 788 5419 c.
797 5382 830 5417 xv·

243 5450 315 5517 Tora
338 5452 377 5516 V.
