4122 6248
370 332 429 393 ors
873 330 1200 395 Titnomdlnonhtt
1221 327 1442 393 DOGMATUM

369 514 442 559 rens
455 497 488 559 in
506 514 612 561 rerum
627 501 750 571 natura,
775 500 886 577 putant
902 495 1002 559 inesse
1018 516 1026 556 :
1043 495 1136 577 pleri·
1190 496 1258 559 sine
1279 494 1334 557 Dei
1356 491 1450 554 Verbi
1468 491 1503 553 in
1521 506 1618 555 unam
1637 492 1783 551 murram
1799 483 1935 566 eompasi·

371 606 432 669 que
453 587 571 649 modum
594 587 753 650 assistendi
775 588 885 650 realem
901 606 912 649 .·
928 606 1023 669 quem
1046 588 1139 651 etiam
1189 589 1273 653 tione
1299 587 1462 649 subsistere
1478 604 1485 645 :
1499 601 1594 663 quam
1614 581 1758 643 videmus
1779 578 1872 658 specie
1890 595 1937 639 sm
2020 616 2021 623 ,

370 680 410 742 ah
423 686 535 741 natura
548 682 615 760 ipsa
628 699 661 741 re
676 680 881 760 distinguunt.
898 681 972 756 Quoe
985 686 1051 743 tota
1064 699 1139 742 con·
1190 686 1380 757 contentam,
1404 696 1468 740 non
1486 678 1522 741 in
1538 675 1655 757 aliquid
1678 672 1815 749 tendere,
1837 671 1884 733 cui
1901 670 1937 733 sic
2020 728 2021 743 ,

371 774 521 835 troversia
541 773 725 835 Scholarum
751 774 904 855 propria:
926 792 984 835 nec
1007 792 1026 834 a
1049 773 1140 835 nobis
1189 772 1372 834 naturaliter
1402 770 1599 843 adhereant,
1628 770 1664 829 ut
1690 781 1787 827 unam
1807 780 1872 825 cum
1893 762 1936 823 illo
2020 780 2021 851 j

371 866 549 944 attingenda
564 865 625 926 nisi
638 884 739 946 parce,
756 872 786 927 et
800 866 899 927 obiter
914 871 968 927 :ut
981 866 1014 926 in
1028 871 1139 945 quarm
1190 871 1335 930 naturam
1366 863 1491 929 efficiat.
1525 886 1539 916 ι
1579 861 1615 923 Iu
1647 858 1731 919 hanc
1764 854 1937 939 panoensis
2020 904 2021 913 .

371 956 407 1019 de
431 957 580 1019 Trinitate
606 957 755 1030 fecimus3
772 963 802 1019 et
827 958 996 1023 identidem
1023 957 1082 1019 hoc
1107 957 1141 1019 in
1190 959 1309 1023 intenta
1337 957 1471 1038 speciem
1496 959 1561 1015 tim
1588 951 1751 1015 hominem
1774 948 1936 1028 perlectum,
2020 960 2021 963 ’

372 1068 476 1131 01111θὶ
494 1050 683 1115 Ubissecfl'ssse
696 1050 797 1112 Visum
810 1050 880 1120 fuit.
1191 1069 1287 1132 qnam
1320 1052 1431 1126 Deum,
1461 1065 1525 1108 essa
1561 1043 1731 1119 Christum,
1766 1040 1939 1123 synodorum
2020 1084 2021 1087 ,

411 1143 491 1205 Nam
510 1143 594 1222 quod
615 1143 655 1204 ad
668 1141 879 1227 perfectionem
897 1143 1025 1217 attinet3
1042 1140 1142 1221 qualis
1191 1144 1335 1205 omnium
1348 1142 1481 1216 decreta,
1496 1158 1534 1201 ac
1548 1138 1674 1199 Petrum
1687 1150 1834 1217 responsa
1844 1131 1938 1212 pradi-

372 1234 577 1315 cxpersonali
598 1236 785 1315 proprietate
804 1234 958 1314 proficisci
982 1240 1097 1313 posset,
1111 1238 1142 1295 et
1192 1242 1332 1298 cantzut
1354 1233 1449 1315 paulo
1472 1237 1542 1313 post
1564 1246 1731 1310 exponam.
1755 1224 1939 1289 Posteriorcm

373 1330 406 1389 in
420 1332 565 1391 naturam
578 1328 723 1404 derivari,
739 1327 860 1389 etiarnsi
878 1325 977 1387 modus
990 1326 1142 1406 ejusmodi
1192 1347 1277 1403 vero,
1315 1334 1347 1389 et
1378 1343 1520 1407 personae
1553 1325 1781 1399 congruentem
1808 1316 1940 1381 intellexit

372 1420 469 1499 reipsa
483 1419 626 1483 coamens
646 1426 809 1496 statuatur,
833 1426 937 1481 actum
951 1425 997 1480 est
1019 1418 1142 1481 abunde
1192 1421 1341 1503 Leporius
1354 1415 1546 1502 presbyter⁸,
1567 1434 1641 1477 cum
1655 1414 1687 1477 in
1698 1409 1815 1479 Libello
1825 1406 1939 1473 morda-
2020 1454 2021 1459 η

373 1513 406 1571 in
420 1520 506 1573 sexto
519 1513 600 1573 libro
613 1511 649 1575 de
661 1512 734 1589 Deo,
748 1512 847 1591 capite
856 1511 986 1592 septimo
998 1509 1020 1585 ¹,
1037 1510 1070 1571 in
1080 1528 1142 1590 quo
1194 1514 1285 1577 tionis
1296 1518 1442 1579 retractat
1455 1511 1497 1585 id,
1512 1511 1546 1571 in
1557 1527 1620 1589 qno
1631 1507 1707 1571 alias
1720 1523 1754 1567 se
1765 1520 1875 1569 carmsc
1883 1520 1940 1563 con·
2020 1512 2021 1559 i

374 1603 412 1665 de
434 1605 621 1685 perfectione
642 1603 694 1667 Dei
714 1604 900 1684 disputatur.
917 1604 964 1665 Ibi
986 1604 1066 1666 inter
1083 1602 1144 1664 alia
1193 1607 1309 1683 fitetur,
1344 1611 1381 1667 ut
1413 1604 1547 1679 diceret,
1571 1599 1761 1665 domatum
1795 1594 1941 1659 Dominum
2020 1590 2021 1629 Τ

374 1697 456 1757 istud
480 1697 708 1757 observavimus
726 1696 750 1772 ¹3
767 1696 889 1758 tametsi
911 1694 1089 1776 personales
1111 1692 1143 1755 in
1195 1703 1337 1760 nostrum
1357 1698 1401 1761 sio
1422 1694 1539 1770 omnia,
1568 1712 1640 1775 qnae
1667 1694 1762 1754 erant
1784 1689 1940 1770 passionum
2020 1688 2021 1753 j

375 1791 438 1850 Deo
461 1790 673 1870 proprietates,
689 1789 752 1850 sive
773 1789 939 1851 relationes
958 1787 1077 1867 aliquid
1097 1787 1144 1847 rei
1194 1790 1351 1871 implesse,
1364 1794 1399 1851 ut
1412 1789 1446 1850 in
1461 1787 1559 1863 nullo,
1575 1786 1662 1865 quasi
1682 1781 1835 1865 perfectus
1851 1779 1939 1852 homo,

376 1883 450 1957 sint,
479 1882 537 1943 hoc
565 1888 611 1943 est
631 1883 715 1943 modi
735 1881 863 1960 quidam
885 1877 1044 1942 resistendi
1054 1899 1066 1947 .·
1080 1896 1143 1939 non
1196 1880 1718 1959 edivinitatisauxiliojuvaretur;
1733 1874 1838 1936 volens
1849 1873 1942 1933 scilcet

375 1980 481 2035 tamen
496 1974 700 2053 perfectiones
714 1993 791 2049 esse,
803 1981 954 2054 quatenus
964 1971 1003 2032 ab
1014 1970 1145 2032 essentia
1196 1975 1240 2037 ita
1253 1975 1287 2039 in
1296 1974 1422 2037 christo
1435 1973 1596 2035 hominem
1605 1970 1771 2049 adsignare
1780 1965 1939 2048 perfectum,
2020 1980 2021 2011 1

377 2066 535 2126 distinctas
551 2066 619 2128 illas
637 2066 889 2146 contemplationi
910 2070 1024 2125 nostras
1045 2062 1144 2142 subji·
1197 2086 1259 2145 quo
1274 2074 1305 2129 et
1327 2067 1465 2128 alienum
1487 2066 1526 2127 ab
1539 2065 1589 2127 his
1609 2061 1805 2144 passionibus
1822 2057 1941 2120 Verbum
2020 2080 2021 2109 v

378 2159 487 2221 cimus.
1198 2160 1297 2223 Patris
1310 2177 1479 2223 assererem
1490 2178 1498 2234 ;
1513 2163 1544 2220 et
1556 2157 1658 2219 solum
1679 2174 1738 2235 per
1752 2172 1784 2217 se
1805 2149 1941 2214 hominem

418 2251 474 2312 lx.
500 2251 580 2315 Hinc
602 2249 696 2326 igitur
731 2250 902 2331 perfectum
930 2250 1052 2312 dnobus
1086 2250 1145 2311 dini
1198 2253 1295 2330 egisse
1313 2252 1381 2314 haec
1399 2251 1506 2315 omnia
1523 2249 1725 2331 possibilitate
1745 2252 1859 2308 natura
1874 2259 1942 2304 rnor-
2020 2330 2021 2333 Ἴ

378 2342 479 2403 modis
492 2343 793 2422 cognosciturzuno,
812 2343 896 2422 quod
910 2345 1034 2415 amiate,
1057 2342 1147 2403 idest
1199 2345 1279 2422 talis,
1309 2344 1376 2407 sina
1399 2344 1503 2424 aliquo
1531 2343 1652 2405 deitatis
1675 2339 1868 2419 adjutorios
1893 2335 1942 2395 Noc

379 2434 608 2509 subtantiam,
634 2440 665 2497 et
686 2435 807 2496 ratione
841 2435 980 2496 essentiae
1011 2435 1143 2497 dieitur:
1199 2436 1287 2497 aliter
1303 2437 1463 2501 Nestorius
1483 2434 1665 2516 perfectum,
1679 2440 1712 2496 et
1726 2441 1840 2507 «omos
1858 2426 1941 2490 homi·

379 2527 487 2604 altero,
507 2528 592 2607 quod
610 2536 656 2589 est
674 2527 826 2589 accidens.
848 2528 984 2605 Utroque
1002 2544 1144 2607 persona,
1198 2547 1272 2589 nem
1286 2528 1406 2609 putavit
1421 2529 1456 2590 in
1472 2529 1614 2603 Ghrist03
1630 2526 1722 2606 eujus
1738 2524 1834 2587 errori
1848 2518 1941 2603 prelu-

379 2619 442 2680 sive
461 2618 636 2699 hypostasis
656 2619 791 2699 perfecta
813 2636 878 2680 esse
900 2618 1002 2679 debet.
1025 2619 1103 2680 Nam
1117 2622 1148 2679 et
1199 2622 1274 2682 sisse
1288 2622 1454 2701 Leporinm
1467 2621 1573 2698 istum,
1588 2620 1622 2682 in
1635 2621 1740 2701 primo
1752 2617 1829 2679 libro
1838 2616 1942 2675 mnan

233 2730 261 2776 nr
380 2711 564 2790 completam
579 2711 674 2772 habet
687 2712 861 2783 essentiam,
877 2729 942 2773 non
959 2711 1061 2771 solum
1075 2712 1148 2789 quia
1199 2715 1373 2776 stravimus.
1402 2715 1450 2776 Ita
1471 2714 1557 2777 enim
1578 2732 1597 2775 a
1617 2713 1758 2774 Charisia
1789 2708 1942 2791 pennen
2020 2774 2021 2793 ἶ

381 2805 519 2866 numeris
533 2804 679 2865 omnibus
693 2804 767 2878 suis,
781 2804 842 2865 hoc
857 2808 902 2864 est
914 2802 1071 2881 gradibus,
1085 2804 1147 2863 sive
1199 2806 1340 2867 oblatum
1359 2805 1521 2887 Ephesinae
1535 2805 1655 2883 synodo
1668 2804 1744 2865 fidei
1758 2797 1940 2883 symbolum‘,

379 2897 518 2977 partibus
527 2897 690 2957 essentiam
701 2894 957 2956 constituentibus
965 2893 1147 2972 absolvitur,
1199 2898 1370 2977 perfectum
1383 2896 1685 2961 hominemaVerbo
1694 2899 1941 2974 assumptumpro-
2020 2920 2021 2953 1

378 2992 432 3051 sed
458 2993 551 3051 etiam
574 2990 648 3070 qnia
669 2994 753 3050 caret
780 2987 962 3048 habitudine
989 2986 1086 3066 partis
1109 2987 1147 3049 ad
1198 2991 1315 3051 fitetur.
2020 2968 2021 3045 i

378 3088 499 3157 totum3
516 3100 618 3160 neque
630 3100 669 3142 ex
682 3087 803 3141 naturas
818 3097 883 3140 suae
896 3079 1071 3140 conditione
1081 3098 1148 3158 pos-
1239 3083 1277 3142 X.
1294 3083 1336 3143 Ex
1362 3081 1473 3143 iisdem
1492 3081 1632 3144 fontibus
1654 3081 1804 3145 dochino
1824 3083 1940 3140 verarum
2020 3140 2021 3143 ,

381 3175 469 3250 tutat,
485 3180 521 3234 ut
538 3191 610 3235 curn
625 3172 767 3235 altaroin
786 3170 1040 3250 compositionem
1053 3171 1148 3235 totius
1199 3175 1341 3252 Petrum,
1383 3193 1460 3253 qnos
1500 3175 1535 3236 in
1575 3174 1761 3255 explicanda
1796 3169 1941 3252 hypostatis
2020 3172 2021 3233 Q

380 3265 553 3344 ovvjuspiam
567 3265 691 3345 proprie
706 3264 791 3340 dicti,
808 3283 844 3325 ac
857 3262 1007 3325 naturalis
1020 3263 1145 3327 veniat:
1200 3268 1326 3328 notione
1349 3266 1543 3344 recinamus,
1567 3267 1654 3329 velut
1666 3276 1778 3348 πόρισμα
1798 3279 1939 3341 conseque
1957 3244 2021 3321 wli

380 3377 442 3438 quo
460 3377 524 3419 uno
539 3358 668 3418 rationis
684 3358 836 3437 particeps
853 3356 957 3417 anima
970 3355 1009 3417 ab
1027 3355 1146 3435 hypos-
1200 3377 1273 3419 mur
1286 3358 1346 3419 loci
1354 3358 1515 3437 eujusdam
1524 3358 1658 3421 difficilis
1666 3356 1939 3438 interpretationem,
2020 3360 2021 3371 ¹

379 3451 464 3525 tasis,
481 3456 512 3510 et
525 3468 665 3530 personae
674 3449 861 3530 proprietate
874 3447 1053 3509 secernitur.
1067 3449 1147 3509 Turn
1200 3451 1254 3531 qui
1294 3451 1375 3513 inter
1414 3452 1581 3513 sententias
1620 3451 1755 3515 occurrit
1789 3453 1940 3511 sanemur

378 3561 453 3603 vero
477 3542 645 3621 perfeetum
661 3540 847 3603 subsistendi
866 3541 996 3601 modum
1016 3539 1144 3617 obtinet,
1201 3545 1327 3605 Petrum
1362 3543 1401 3604 de
1434 3543 1620 3607 venerandis
1653 3541 1838 3621 imaginibus
1854 3559 1862 3599 t
1880 3554 1940 3618 qna

379 3634 434 3714 qui
460 3652 529 3695 eam
556 3634 595 3697 ab
619 3634 747 3694 alterius
770 3633 992 3713 cujuscumque
1010 3650 1094 3693 nexu
1117 3638 1148 3693 et
1200 3635 1389 3714 Euthymios
1398 3637 1550 3715 excerpsit
1563 3653 1603 3696 ex
1612 3635 1688 3697 actis
1696 3628 1938 3715 septimasynodi,
2020 3684 2021 3695 2

379 3727 532 3789 coraortio
557 3726 718 3801 vindicat3
739 3744 805 3786 non
832 3724 915 3787 itlius
943 3724 1056 3801 solum,
1085 3743 1147 3804 qno
1200 3733 1231 3790 et
1245 3727 1384 3793 exlihris
1397 3729 1554 3804 Germani,
1571 3721 1940 3807 etNicephoriGonstonti·
1974 3704 2021 3803 ‘ff

379 3838 451 3881 eom
465 3824 611 3880 naturam
624 3822 922 3897 compassionem,
939 3817 989 3877 sed
1006 3815 1148 3877 etiamad
1200 3821 1454 3900 napolitanorum
1468 3818 1706 3900 episcoporum
1723 3837 1780 3881 neo
1792 3815 1939 3879 nonTheo·
1963 3764 2021 3909 ⁶¹5¹AE

380 3913 464 3990 quod
477 3911 616 3990 adjrrngi,
627 3910 837 3990 applicerique
849 3908 993 3989 postulet,
1005 3913 1041 3969 ut
1049 3910 1150 3990 reipsa
1199 3913 1267 3974 duri
1283 3912 1423 3975 Studita.
1441 3913 1525 3973 inter
1543 3913 1601 3974 has
1620 3911 1735 3990 legitur
1755 3912 1826 3973 ista:
1840 3903 1939 3969 «Aliud
1956 3888 2021 3964 armni

381 4003 533 4069 subsistat.
561 4004 640 4063 Hinc
652 4004 784 4075 αὐτοτελὴς
803 4002 866 4065 sola
889 4001 1072 4080 hypostasis,
1095 4020 1150 4063 seu
1200 4009 1247 4066 est
1260 4003 1409 4065 naturalis
1420 4024 1428 4079 ;
1442 4003 1527 4067 eliud
1543 4004 1691 4067 imitatrix
1706 4004 1817 4081 imago.
1825 3997 1940 4063 Namilla
1968 3962 2021 4079 {iffi

380 4114 512 4175 persona
524 4096 716 4170 nominatur,
732 4099 768 4155 ut
781 4110 874 4171 supra
887 4095 1067 4156 memoravi.
1085 4095 1151 4155 Hoc
1199 4114 1264 4156 non
1286 4095 1380 4156 habet
1402 4096 1574 4156 natirralem
1593 4097 1779 4177 aprincipio
1800 4112 1851 4159 suo
1870 4090 1939 4153 dilie-
2020 4120 2021 4179 p

380 4206 480 4266 genus
499 4186 636 4267 perfecti,
659 4186 742 4264 quod
759 4186 899 4248 accidens
919 4203 983 4246 essa
1001 4185 1147 4260 diximus,
1200 4188 1344 4261 rentiam,
1357 4187 1412 4249 sed
1424 4187 1651 4267 hypostaticam
1659 4189 1780 4265 saloma
1795 4182 1940 4248 velutfllinr
2020 4260 2021 4279 Χ

382 4281 455 4359 quia
478 4284 565 4341 extra
591 4279 753 4340 essentiam
782 4283 838 4349 est,
868 4278 1008 4340 humana
1035 4278 1152 4340 Ghristi
1201 4297 1274 4341 cum
1286 4284 1374 4359 patre
1383 4281 1730 4362 comparatus2quippe
1739 4273 1940 4342 unaestambo

383 4378 496 4433 natura
509 4390 574 4435 non
588 4372 681 4435 habet
694 4388 731 4432 ex
745 4388 822 4447 sese,
836 4388 873 4430 ae
886 4370 912 4430 si
925 4380 979 4432 κατ’
991 4376 1109 4445 ἐπίνοιαν,
1124 4376 1154 4431 et
1202 4390 1274 4433 rum
1294 4376 1424 4448 natura3
1440 4371 1621 4452 hypostases
1641 4372 1724 4437 dna.
1740 4373 1811 4437 Hac
1830 4373 1940 4431 anans
2020 4420 2021 4423 ,

383 4464 502 4525 radone
517 4463 682 4525 divellatur
695 4481 715 4524 a
727 4462 843 4523 Verbo.
858 4463 928 4523 Non
942 4461 1027 4525 enim
1040 4480 1096 4541 per
1107 4480 1151 4540 se,
1203 4463 1368 4537 contrario,
1380 4481 1444 4527 non
1455 4463 1614 4543 hypostasi
1626 4462 1938 4538 ditiertahsnhetypv.

385 4557 572 4636 proprioque
593 4555 686 4619 modo
710 4554 856 4617 subsistit.
882 4555 1000 4615 Verum
1018 4556 1154 4633 priorem
1204 4556 1257 4619 sed
1269 4560 1381 4621 natura
1394 4576 1400 4616 :
1413 4556 1676 4635 quemadmodum
1690 4557 1792 4635 imago
1804 4546 1940 4616 Ghdshah
2020 4546 2021 4553 ’

386 4648 510 4728 perfecti
524 4648 657 4709 formam
672 4647 802 4720 obtinet,
823 4664 893 4726 quae
908 4654 1029 4722 οὔσιώδης
1046 4645 1153 4726 appel·
1204 4648 1271 4727 ipso
1286 4647 1417 4713 Christo.
1430 4648 1589 4727 Siquidem
1599 4667 1662 4713 una
1675 4649 1840 4713 horumest
1850 4644 1940 4722 hypo

385 4741 468 4801 latur
483 4759 490 4800 ε
504 4758 541 4799 eo
556 4739 640 4818 quod
659 4740 789 4817 integra,
807 4742 839 4800 et
856 4737 997 4799 absoluta
1015 4737 1054 4798 ab
1069 4737 1155 4798 omni
1204 4740 1287 4814 tesia,
1303 4740 1450 4817 quoniam
1464 4745 1496 4803 at
1510 4758 1573 4803 una
1590 4759 1723 4820 persona
1735 4762 1742 4805 ς
1754 4746 1864 4803 natura
1884 4747 1941 4795 van

386 4842 482 4914 σχέσει,
508 4837 539 4893 et
559 4832 720 4892 affectione
742 4830 839 4911 partis
861 4830 943 4893 illius
964 4836 1010 4891 est
1031 4835 1154 4893 natura.
1206 4833 1288 4897 dum.
1308 4832 1362 4891 Est
1381 4832 1465 4892 enim
1487 4833 1548 4895 alia
1570 4839 1680 4895 natura
1701 4833 1789 4912 picta
1810 4824 1940 4891 marcae:

391 4947 406 4985 a
423 4926 528 5004 Neque
550 4924 635 4985 enim
648 4924 686 4983 de
701 4928 810 4985 natura
821 4922 960 4983 humana
973 4922 1034 4984 dici
1043 4926 1153 5001 potest,
1207 4923 1268 4987 alia
1281 4922 1403 4992 Christi,
1420 4930 1572 5002 quatenus
1592 4932 1640 4985 est
1652 4925 1746 4993 bomo
1757 4934 1781 4987 ⁶.
1797 4942 1812 4980 a
1826 4920 1875 4981 llio
1886 4917 1941 4995 jure

386 5018 430 5077 ait
445 5016 607 5078 Facundus
626 5015 706 5079 libro
720 5012 855 5095 primo³,
870 5014 954 5094 quod
975 5033 1039 5076 non
1059 5014 1155 5093 possit
1207 5016 1337 5083 miretur
1370 5015 1492 5095 aliquis,
1527 5017 1697 5097 imaginem
1724 5016 1841 5089 facum,
1864 5020 1939 5089 11111

2020 4860 2021 4933 i

423 5235 444 5275 o
461 5222 602 5290 Eoccrpt.
617 5217 655 5274 de
667 5220 761 5288 Imoq.
781 5214 856 5287 apud
871 5215 1003 5286 Euthym.
1020 5218 1095 5272 Pac.
1112 5217 1154 5273 tit.
1180 5287 1181 5291 Ἰ
1205 5218 1333 5288 μιμητική·
1348 5216 1363 5285 ἡ
1380 5217 1422 5289 pls
1443 5216 1491 5289 γὰρ
1511 5216 1539 5272 oi
1558 5217 1659 5288 posuis
1677 5217 1790 5290 διαφορὰν
1803 5204 1941 5288 hamah

388 5301 448 5357 xix
463 5307 489 5357 ct
504 5309 571 5358 tom.
593 5301 615 5356 ΙΙ
631 5300 706 5359 Bibl.
726 5299 805 5354 ’Άλλο
823 5297 910 5369 φυσικὴ
928 5297 1015 5362 εἰκὼν,
1037 5299 1077 5352 καὶ
1092 5299 1155 5354 ἄλλο
1204 5299 1233 5354 sb
1246 5297 1325 5354 αἴτιον
1340 5300 1434 5367 ἑαυτῆς,
1449 5299 1506 5355 ἀλλ’
1524 5300 1697 5370 tamensis.
1713 5302 1745 5364 aa
1761 5298 1835 5359 astte
1846 5288 1940 5367 spheris
2020 5300 2021 5391 1

2020 5718 2021 5777 i

417 5488 426 5530 1
443 5486 458 5541 ς
472 5487 498 5529 lt)
508 5493 530 5529 at
541 5486 635 5539 scip-‘l
647 5486 662 5541 ς
675 5487 759 5531 va.-·a
770 5486 822 5530 Fac.
835 5486 850 5529 l.
866 5485 883 5537 l,
897 5498 916 5528 c.
931 5486 1013 5531 vv.-t
1026 5485 1103 5541 Lopnr.
1113 5484 1135 5528 in
1151 5486 1227 5540 opacae.
1242 5484 1364 5540 Bam-5
1379 5486 1432 5543 liph.
1443 5488 1494 5543 Syn.
1502 5497 1550 5542 pst·-
1559 5486 1587 5535 11,
1598 5493 1642 5533 act.
1653 5487 1734 5537 111111
1753 5472 1920 5541 1111111181
