4078 6162
289 342 349 404 428
798 339 1124 403 rasomonorum
1143 339 1363 404 DOGMATUM

291 507 376 569 ditur
400 525 407 570 :
433 528 449 567 α
470 507 504 569 Si
525 506 664 569 Christus
684 511 796 569 natura
815 516 861 569 est
875 505 1056 587 composita,

289 597 326 659 ui
340 599 385 660 ilii
406 607 557 672 asserunt,
578 603 632 660 aut
651 599 804 679 generalis
819 600 888 661 hac
908 598 977 667 crit,
1003 602 1058 659 aut

290 690 466 770 singularis.
485 692 562 752 Nam
577 709 617 752 na
630 691 707 771 tingi
721 691 848 770 ‹pridcm
862 690 964 751 madia
975 690 1058 750 inter

290 782 398 844 ambas
420 783 484 844 nlla
506 788 617 863 potest.
643 782 675 843 Si
703 783 856 863 generalis
879 789 923 844 est
945 797 1058 843 natura

291 868 441 951 Christus,
463 876 501 935 de
519 875 625 936 multis
647 875 767 957 utiquc,
791 894 827 936 ac
844 874 1058 936 differentibus

290 985 421 1028 numero
440 967 675 1046 praadicabitnr;
696 974 726 1030 et
743 969 863 1029 rationo
885 968 949 1029 sola
962 967 997 1028 in
1009 968 1058 1029 his

290 1058 360 1135 crit,
380 1059 541 1138 inquibus
555 1059 651 1120 habat
664 1061 867 1121 exstantiam:
887 1077 989 1139 nequa
1002 1077 1059 1139 per

289 1168 355 1211 sesa
374 1150 408 1210 in
430 1150 557 1230 propria
574 1151 709 1230 maasiam
722 1152 882 1232 hypostasi
904 1152 1056 1231 cognitus,

289 1242 365 1304 citra
388 1243 566 1319 ominentia,
588 1261 658 1323 quaa
676 1244 711 1305 in
733 1244 877 1323 subjectis
899 1243 957 1304 sibi
978 1243 1057 1304 indi·

288 1332 390 1394 visiun
416 1334 660 1395 considerantur.
690 1334 875 1414 Hujusmodi
903 1334 986 1395 enim
1014 1341 1058 1397 ast

289 1425 391 1486 omnis
415 1431 536 1486 naturae
553 1427 705 1503 generalis
724 1425 820 1499 ratio,
841 1443 877 1486 ac
897 1425 1055 1503 definiti03

288 1522 382 1593 atqua
393 1515 454 1577 boc
467 1517 561 1577 modo
571 1518 762 1579 christorum
772 1535 829 1597 pro
844 1534 908 1578 uno
920 1517 1057 1596 plurium

288 1607 381 1668 turba
403 1608 495 1668 nobis
522 1609 742 1687 introducitur,
771 1609 825 1689 qui
853 1609 940 1669 nulio
965 1615 1056 1689 pacto

288 1700 371 1760 idem
391 1705 463 1760 sunt
476 1718 548 1761 cum
561 1702 633 1777 Deo,
646 1701 697 1763 val
707 1719 781 1763 cum
792 1701 983 1778 hominibus,
999 1714 1057 1764 cto.

289 1793 377 1866 Quod
391 1792 417 1852 si
431 1799 542 1853 natura
552 1793 718 1870 singularis
732 1799 778 1856 est
787 1794 935 1871 Christus,
950 1801 986 1854 ut
997 1794 1057 1856 boc

288 1884 485 1954 omittamus,
515 1886 635 1946 nuliam
663 1886 792 1947 omnino
819 1892 964 1947 natiuam
992 1906 1057 1949 essa

288 1994 418 2056 persona
443 1978 535 2038 unica
557 1977 841 2058 circumscriptam:
866 1976 997 2059 (quippe
1017 1997 1058 2040 nc

287 2069 423 2129 Phoenix
440 2069 566 2149 quidem
580 2069 632 2130 illc
650 2070 744 2149 vulgo
761 2070 953 2146 decantatus,
973 2071 1057 2131 solus

288 2167 352 2237 cst3
369 2161 555 2241 cumplures
566 2162 674 2224 saltem
687 2162 744 2223 sibi
754 2162 862 2223 ordine
872 2163 1054 2238 succedant;

287 2258 380 2332 atque
395 2254 489 2314 ctiam
508 2255 662 2332 generari,
678 2260 709 2315 at
727 2254 856 2315 interire
876 2255 1056 2333 singulatim

287 2361 340 2405 eos
355 2350 517 2424 oporteat;
536 2351 572 2406 ut
592 2346 731 2418 solitarii,
754 2364 790 2407 ac
804 2347 976 2426 singulares
990 2365 1055 2409 csse

286 2433 1053 2518 nequeantt)illudimprimisabsurdumscquctur,

285 2546 387 2608 nequa
410 2529 476 2589 Deo
497 2547 533 2589 ac
551 2530 634 2593 Patri
657 2530 949 2592 consubstantialem
962 2531 1057 2593 istum

284 2618 350 2680 fore
364 2619 552 2700 singularam
566 2620 735 2697 Christum,
749 2640 852 2700 nequa
864 2622 1054 2686 hominibus.

286 2711 374 2785 Quod
388 2711 472 2772 enim
493 2711 618 2791 ponitus
641 2718 687 2772 est
710 2710 867 2791 singulare
887 2719 1010 2792 natura,
1024 2716 1056 2776 id

285 2803 325 2863 ab
356 2803 483 2864 alterius
517 2803 739 2883 cujuscumque
776 2807 960 2886 cognatione
991 2826 1056 2870 asse

284 2894 376 2956 debat
388 2895 561 2957 alicnum⁰.
576 2915 592 2953 ι

1328 714 1551 803 CAPUT
1593 714 1650 802 X.

1107 970 1149 1033 ne
1170 969 1297 1032 luminis
1308 977 1417 1033 nutura
1432 969 1590 1052 composito
1608 987 1646 1031 ea·
1658 969 1765 1031 animo
1781 969 1872 1029 ratio·

1146 1060 1215 1123 noli
1236 1069 1264 1123 et
1286 1081 1425 1144 corpore,
1454 1081 1512 1144 quo
1531 1060 1663 1142 exempto
1684 1061 1873 1141 compositum

1148 1150 1875 1215 coracinum-amanimabanturuicnaltun

1145 1243 1401 1306 dissimilitudinis
1426 1266 1445 1308 α
1478 1243 1618 1307 Patribus
1649 1243 1765 1320 citato,
1799 1241 1877 1324 quod

1145 1334 1273 1397 Ιιοιιιιίιιί
1293 1344 1396 1419 portes
1417 1342 1486 1399 ante
1502 1335 1736 1419 compositionem
1759 1334 1875 1397 seorsim

1145 1427 1295 1490 existunt:
1309 1431 1340 1489 2.
1355 1449 1412 1490 non
1423 1428 1538 1490 videtur
1545 1427 1644 1510 firmo,
1662 1427 1721 1488 ιιιὶιι·
1729 1428 1774 1488 ita
1786 1425 1878 1488 deciu-

1146 1526 1251 1581 retur:
1269 1520 1356 1602 ioqui
1362 1521 1467 1582 Patres
1480 1519 1515 1582 cia
1528 1539 1570 1590 eo,
1596 1518 1673 1601 qnod
1695 1518 1877 1579 naturaiiter

1146 1609 1196 1692 fit,
1212 1617 1275 1673 tum
1286 1630 1400 1694 corpus,
1414 1611 1491 1694 quod
1500 1611 1643 1673 bominem
1652 1611 1812 1691 componit,
1823 1627 1878 1671 csse

1146 1704 1328 1783 orpom'cum.
1351 1702 1401 1765 Ad
1413 1703 1476 1765 luec
1486 1723 1520 1765 ea
1534 1702 1639 1784 quibus
1658 1701 1743 1762 homo
1755 1709 1875 1777 cmsstat,

1150 1812 1232 1857 ueras
1244 1814 1301 1856 csse
1311 1802 1454 1876 portense
1467 1803 1577 1857 notura
1591 1793 1798 1876 imperfectam
1812 1792 1875 1854 ideo

1143 1905 1223 1966 posse
1236 1905 1327 1947 unum
1351 1886 1471 1968 aliquid
1487 1906 1547 1968 per
1565 1905 1594 1947 sc
1615 1904 1794 1966 componere,
1820 1903 1878 1946 non

1147 1976 1250 2038 itidem
1269 1977 1343 2039 ciuas
1362 1987 1485 2039 naturas
1499 1980 1529 2039 in
1546 1976 1677 2039 Christo.
1694 1980 1724 2038 5.
1741 1977 1878 2039 Leontius

1146 2088 1275 2131 asserens
1298 2079 1398 2151 portes
1424 2071 1570 2132 bominem
1598 2077 1802 2152 componentes
1823 2087 1878 2130 csse

1141 2162 1301 2242 perfectos,
1326 2163 1485 2244 exponitur
1516 2166 1547 2225 6.
1569 2162 1644 2225 Vera
1663 2162 1744 2222 ratio
1756 2170 1877 2243 propter

1146 2271 1235 2333 quom
1251 2254 1282 2313 iu
1299 2251 1416 2316 Cira'sto
1434 2264 1543 2316 notum
1562 2274 1621 2316 unu
1640 2272 1677 2315 eo:
1692 2253 1807 2315 duabus
1823 2253 1878 2313 mi·

1146 2344 1226 2405 nime
1242 2346 1438 2427 componitur,
1453 2355 1485 2407 ut
1500 2345 1657 2407 innomine
1669 2346 1719 2423 fit,
1732 2352 1785 2421 est,
1802 2343 1879 2425 quod

1145 2436 1239 2498 amba
1248 2436 1316 2498 iilic
1324 2438 1468 2519 perfectu
1476 2446 1553 2499 suut.
1564 2439 1605 2499 At
1613 2437 1710 2497 omnis
1719 2455 1789 2498 uero
1799 2455 1875 2497 corn·

1142 2529 1249 2610 positio
1261 2529 1299 2606 fit
1308 2548 1347 2590 ea
1355 2537 1423 2591 cetu
1437 2537 1466 2591 et
1477 2530 1621 2611 potentia.
1637 2531 1667 2590 ¹1.
1677 2528 1875 2604 Quasimiis'u

1144 2620 1203 2680 sint
1221 2620 1415 2682 instructura
1443 2621 1577 2696 hominis,
1605 2638 1672 2681 cum
1698 2628 1873 2682 naturamnn

1144 2709 1272 2772 duorum
1302 2714 1334 2771 in
1355 2709 1473 2774 Christo
1494 2712 1755 2793 conjunctionis.
1782 2711 1873 2773 Testi-

1144 2802 1242 2864 monio
1253 2812 1383 2864 vetorum
1392 2809 1495 2865 contra
1510 2811 1649 2865 naturam
1661 2822 1752 2864 unum
1761 2822 1876 2885 compo-

1144 2895 1233 2956 situm
1245 2895 1426 2958 unicarsead
1436 2897 1625 2980 certocapitu
1637 2904 1822 2958 revocantur.

1144 3078 1170 3139 1.
1196 3079 1241 3139 Ex
1254 3079 1291 3140 iis
1305 3081 1463 3158 omnibus,
1479 3098 1551 3161 qum
1561 3080 1727 3160 hucusque
1739 3082 1877 3161 perhau-
1932 3156 1937 3166 ,

1103 3173 1168 3231 tata
1187 3176 1271 3245 sunt,
1292 3171 1371 3233 illud
1384 3173 1545 3252 perspicue
1565 3178 1705 3234 constare
1728 3172 1874 3248 arbitror,

1104 3281 1170 3324 non
1183 3280 1220 3324 co
1232 3262 1335 3324 valere
1349 3264 1484 3325 hominis
1497 3264 1677 3344 exemplum
1690 3282 1729 3325 ex
1753 3260 1876 3324 duabus
1981 3314 1985 3321 .
2032 3240 2033 3309 1

1103 3355 1264 3434 compositi
1287 3356 1446 3436 partibus,
1475 3374 1538 3435 quo
1561 3357 1601 3416 ad
1626 3355 1877 3418 incarnationem

1102 3446 1335 3527 approbandam
1349 3447 1458 3508 crebro
1470 3447 1576 3508 Patras
1597 3452 1743 3524 utuntur,
1757 3446 1803 3507 uti
1819 3464 1877 3527 par

1102 3538 1143 3599 sit
1155 3538 1299 3599 adonius
1312 3544 1433 3600 naturae
1444 3539 1695 3600 constitutionem
1709 3538 1877 3600 amborum

1101 3630 1192 3691 ratio.
1207 3630 1287 3691 Nam
1306 3630 1350 3691 ita
1363 3631 1397 3691 in
1411 3631 1598 3712 quibusdam
1621 3630 1765 3710 congruit
1789 3630 1877 3691 simi·

1100 3713 1200 3783 litudo
1214 3721 1274 3781 ista
1286 3712 1436 3799 hominis,
1452 3729 1488 3783 ut
1501 3724 1534 3784 in
1546 3722 1688 3803 pluribus
1701 3721 1870 3801 discrepet:

1101 3812 1149 3873 uti
1180 3810 1385 3893 Eapositionis
1410 3812 1484 3895 fidei
1508 3818 1617 3877 auctor
1642 3813 1786 3875 observat
1817 3812 1876 3874 snb

1100 3904 1228 3965 nomine
1245 3904 1362 3966 tustini
1383 3906 1496 3967 editus.
1526 3927 1542 3965 ιι
1565 3907 1628 3967 Nec
1641 3911 1724 3967 rocta
1746 3905 1875 3981 iaciunt,

1100 4000 1137 4057 ut
1149 3996 1194 4057 ait
1207 3996 1357 4057 Leontius
1367 3994 1389 4066 ¹,
1407 3997 1462 4076 qai
1477 3997 1541 4059 vim
1556 3998 1716 4070 adhibent,
1732 4002 1769 4058 ut
1781 3996 1824 4058 sic
1841 4014 1877 4058 sc

1100 4087 1214 4151 babeat
1227 4089 1418 4168 exemplum,
1431 4094 1689 4170 utprototypum.
1706 4090 1778 4151 Non
1790 4088 1878 4149 anim

1102 4192 1182 4241 essct
1202 4180 1270 4258 jam
1295 4181 1487 4260 exemplum,
1514 4182 1575 4242 nisi
1599 4181 1728 4242 haberat
1758 4180 1879 4259 aliquid

1101 4271 1275 4333 dissimilet.
1287 4294 1299 4331 ι
1311 4274 1385 4347 Qua
1399 4274 1532 4335 varietas
1540 4272 1652 4347 affecit,
1666 4280 1702 4335 ut
1710 4292 1748 4334 ex
1758 4271 1881 4335 duabus

322 4484 341 4523 α
362 4468 464 4526 urna
480 4471 554 4542 apud
567 4472 649 4529 Eutb.
666 4472 777 4545 Pnuop.
794 4471 835 4528 tit.
847 4471 905 4528 XV.
925 4470 956 4525 Et
966 4470 1055 4525 δὲκατ·
1107 4470 1167 4543 ἡμῖν
1181 4471 1291 4543 liparas
1311 4470 1362 4525 ἀνθ’
1375 4471 1437 4536 ἐνὸς,
1450 4471 1513 4527 κατὰ
1530 4473 1624 4545 μηδένα
1636 4475 1737 4545 τρόπον,
1756 4474 1800 4543 τὴν
1824 4475 1882 4534 οἱα.

286 4547 375 4612 αὐτοὺς
392 4549 505 4617 ἐαι1νονς,
520 4554 535 4607 i
548 4555 650 4625 Χριστὸς
669 4548 780 4617 σύνθετος
795 4552 847 4609 ἐστὶ
868 4555 954 4626 φύσις,
970 4552 985 4621 ἡ
999 4554 1057 4607 θαι·
1106 4558 1163 4608 νοῦν
1185 4553 1292 4627 ἐχόντων
1310 4554 1370 4625 προς
1387 4555 1430 4608 τον
1444 4554 1509 4619 θεὸν,
1523 4555 1539 4623 i
1554 4557 1611 4619 robe
1624 4555 1766 4628 ἀνθρώποις
1779 4556 1881 4612 ’ταύτό-

288 4631 368 4702 pacti
383 4637 432 4686 τῶν
446 4635 555 4707 Σιὸηροο
574 4637 655 4709 λόγων
675 4636 816 4710 ἀκρόπολις,
830 4637 846 4705 i
860 4637 941 4709 γενικὴ
960 4637 1058 4698 πάντως
1078 4676 1082 4682 ·
1106 4656 1178 4706 πητα,
1199 4642 1252 4695 eta.
1269 4637 1300 4690 Ei
1312 4637 1339 4690 δὲ
1357 4637 1474 4709 pannoni
1489 4637 1557 4709 φΰσις
1572 4636 1637 4693 ἐστὶν
1661 4639 1676 4692 ὁ
1701 4639 1814 4712 Χρισπλς,
1832 4641 1881 4695 ἵνα

287 4711 362 4785 toris,
378 4715 393 4781 ἢ
410 4716 537 4787 μοναδιιιὴ.
562 4719 655 4772 τούτων
674 4719 722 4792 γὰρ
738 4719 815 4788 ἀλλην
840 4717 966 4787 ἐπινοῆσαι
982 4718 1058 4790 μέσην
1105 4726 1223 4794 παρῶμεν
1243 4720 1323 4792 λέγειν
1340 4721 1374 4783 ὡς
1388 4719 1503 4793 οὖδαμῶς
1517 4718 1567 4774 ἔστι
1586 4722 1616 4774 τὸ
1636 4719 1737 4775 σύνολον
1750 4721 1880 4793 φῦσειςὲνὶ

287 4793 427 4869 ἀμήχανον.
443 4799 484 4851 καὶ
499 4797 520 4852 si
530 4798 573 4872 μ1ν
587 4801 669 4874 γενικὴ
680 4803 749 4874 φύσις
766 4801 831 4857 ἐστὶν
843 4803 857 4857 ὁ
871 4803 984 4875 Χριστος,
996 4800 1059 4855 κατὰ
1105 4806 1233 4876 προσώπῳ
1246 4804 1468 4875 περιγεγραμμένη,
1478 4810 1533 4862 eta.
1550 4802 1626 4874 Εἴπερ
1640 4802 1667 4858 ii
1681 4803 1800 4875 μονσὸιιιὴ
1809 4805 1882 4877 φύσις

287 4879 388 4932 πολλῶν
398 4879 467 4935 ἔσται
480 4882 607 4950 δηλονότι,
619 4885 660 4938 ιια1
672 4887 835 4959 διαφερόντων
846 4886 941 4958 ἀριθμῷ
953 4903 1060 4955 κατηγο·
1107 4884 1171 4940 ἐστὶν
1187 4886 1201 4940 ὁ
1215 4886 1331 4958 Χριστος,
1345 4884 1401 4938 οὔτι
1414 4891 1452 4958 τῷ
1460 4887 1508 4958 θεῷ
1519 4885 1561 4940 αα1
1574 4887 1649 4958 πατρὶ
1660 4885 1791 4958 ὁμοοΰσιός
1802 4886 1879 4953 1στιν,

289 4959 414 5033 φοῦμινος
425 4963 465 5016 καὶ
474 4964 529 5018 κατ’
544 4963 652 5020 introsus
667 4966 736 5021 ἔσται
751 4971 827 5041 μόνην
838 4966 862 5022 tv
872 4961 911 5031 ο1ς
924 4967 969 5036 τὴν
983 4967 1061 5039 ὕπαρ·
1107 4967 1163 5023 οὔτε
1176 4971 1227 5031 τοῖς
1241 4967 1384 5040 ἀνθρώποις,
1393 4968 1423 5022 τὸ
1436 4968 1484 5043 γὰρ
1497 4970 1576 5037 πάντη
1585 4967 1648 5022 κατὰ
1661 4967 1705 5036 τὴν
1719 4969 1789 5039 φύσιν
1803 4989 1882 5042 μονα·

288 5042 323 5106 ξιν
337 5044 441 5118 ὑπάρχει
456 5049 528 5115 (aar.
552 5047 619 5121 ἔχει)
634 5049 786 5105 ιια1οὗααθ’
801 5051 884 5106 iussin
907 5049 1000 5122 batn
1012 5048 1060 5104 τινὶ
1108 5051 1185 5117 διιὼν,
1205 5055 1249 5120 τῆς
1268 5050 1328 5124 πρὸς
1353 5051 1435 5106 ὁτιοῦν
1456 5052 1667 5114 monstrabitis
1688 5057 1790 5125 φυσικῆς
1802 5051 1883 5122 ηλλο·

289 5125 421 5182 ὑποστάσει
430 5132 619 5203 γνωριζόμενος,
634 5135 711 5207 χωρὶς
721 5141 771 5190 τῶν
782 5133 993 5207 incompunctus
1006 5132 1061 5194 τοῖς
1108 5133 1367 5206 τρ1ιοταισιιγγινε1ας.

289 5207 414 5265 1πά1ιτ1ν
429 5211 531 5286 ἀτόμοις
543 5216 740 5287 σομὸιῦηιιότων.
756 5221 867 5280 τοιοῦτος
881 5216 929 5289 γὰρ
944 5214 959 5268 ὁ
981 5216 1061 5284 πάσης
1145 5216 1162 5272 ὁ
1180 5216 1284 5273 Jusnn.
1304 5214 1381 5270 Ὦσπε
1396 5210 1440 5270 τοῦ
1456 5215 1585 5289 ἀνθρώπου
1603 5217 1633 5273 τὸ
1646 5218 1802 5292 παράδειγμα
1814 5219 1882 5272 κατά

290 5297 385 5364 timii<
397 5294 490 5367 φΰννωι
505 5298 562 5370 ὅρος
583 5317 620 5365 τι,
641 5300 683 5353 καὶ
700 5301 784 5374 λόγος.
802 5301 843 5355 uui
857 5298 956 5369 ιίαῆλθη
969 5299 1062 5367 πλῆθος
1109 5318 1133 5355 τι
1148 5299 1191 5372 μὲν
1205 5300 1313 5373 δεκτέον,
1325 5299 1388 5354 ποτά
1400 5317 1425 5354 τι
1438 5299 1599 5371 δὲφενιιτέον.

318 5460 329 5500 1
344 5457 390 5504 111).
402 5459 412 5506 1
425 5464 482 5507 cont.
494 5463 552 5510 Nost.
564 5469 580 5511 t.
591 5464 617 5509 11
628 5465 683 5510 stol.
695 5465 744 5510 aar.
