4072 6164
357 322 417 384 ota
852 320 1176 385 nummolcontttt
1197 319 1416 383 nonnanes„

358 486 1126 567 riorem,tantuminierioresuperiorem.»Deinde
1176 486 1289 567 quibus
1315 491 1474 567 assumpta
1502 490 1637 560 natura,
1679 512 1768 570 ann,
1791 503 1916 567 ὤρη,
2002 516 2003 521 ’

358 577 623 657 quemadmodum
636 582 915 642 communicatione
934 586 1054 652 mutua,
1077 579 1126 638 in·
1216 578 1300 638 XVI.
1322 578 1492 640 Undecima
1507 576 1615 655 regula
1638 592 1676 635 ex
1693 574 1810 633 loanne
1822 597 1918 653 ”osna-
1937 580 2003 673 pap

358 669 503 730 leniorem
518 672 619 731 medie
631 673 686 733 illa
699 675 802 735 vineat
815 673 937 744 unitas,
956 672 1004 732 his
1024 670 1127 731 verbis
1176 687 1268 730 sceno
1282 671 1349 731 haee
1362 669 1440 731 est¹.
1463 667 1650 730 communio
1665 662 1877 745 proprietatum
1894 660 1923 721 in
2002 678 2003 741 ι

359 762 466 838 aperit.
480 763 635 823 «Tantam
648 765 794 845 denique,
811 773 935 842 tamque
950 779 1128 842 expressam
1177 762 1299 823 Christo
1308 763 1473 842 dupliciter
1481 762 1529 836 ιιι,
1542 761 1638 819 sltem
1648 762 1697 817 est
1705 753 1857 825 naturalis,
1871 752 1923 813 sive
2002 750 2003 811 ι

360 854 485 913 unionis
498 855 562 915 vim
576 856 609 914 in
630 874 663 916 se
676 857 800 937 prefert
814 874 1004 937 capersana,
1020 856 1054 915 in
1067 871 1129 934 qua
1177 853 1385 928 snbstantivs;
1408 854 1504 915 altera
1524 851 1694 913 secundnm
1707 845 1921 908 habitudinem:

360 945 444 1004 Deus
457 951 488 1005 ct
501 946 596 1006 homo
609 966 691 1008 nnus
702 955 748 1009 est
760 950 909 1020 Christus,
922 953 957 1008 nt
967 948 993 1007 si
1004 947 1065 1007 duo
1074 945 1129 1005 illa
1177 946 1313 1025 priorem
1326 960 1439 1027 φυσικὴν,
1456 945 1658 1026 posteriorem
1677 946 1802 1021 σχετικὴν,
1816 935 1864 995 vel
1873 962 1923 1015 ιρι
2002 936 2003 1031 l

360 1036 397 1096 de
410 1037 584 1097 seinvicem
601 1041 753 1119 praedices,
766 1060 831 1102 non
844 1040 1012 1113 erraveris3
1030 1040 1128 1099 Deum
1177 1046 1285 1114 ιωιιικὴν
1299 1044 1397 1100 νοοιι.
1418 1037 1574 1098 Natmalis
1591 1041 1637 1096 est
1654 1052 1702 1108 ea,
1718 1050 1781 1111 qua
1799 1035 1861 1090 tum
1877 1046 1923 1089 no·
2002 1046 2003 1055 ¹

359 1127 499 1189 videlieet
513 1129 685 1201 hominem,
707 1139 736 1192 ιι
757 1133 916 1193 hominem
936 1133 1033 1192 Deum
1055 1148 1127 1191 vere
1176 1136 1280 1190 turam
1303 1136 1460 1201 nostram-3
1485 1135 1554 1189 tum
1577 1144 1647 1207 ques
1672 1130 1794 1185 naturae
1817 1121 1924 1200 propria

361 1219 578 1300 Catholiceque
599 1224 813 1301 pronuntians.
834 1225 904 1284 Non
925 1229 1028 1283 autem
1042 1222 1127 1282 simi·
1177 1228 1250 1283 sunt
1263 1223 1352 1302 eique
1367 1221 1550 1284 naturaliter
1562 1221 1679 1293 insunt,
1694 1234 1767 1277 vere
1780 1213 1831 1275 llei
1843 1211 1923 1272 Filius
2002 1276 2003 1287 ,

359 1310 430 1371 liter
442 1313 492 1372 vel
516 1331 641 1374 carnem
662 1317 701 1376 de
724 1317 839 1391 anima,
864 1315 914 1376 vel
934 1315 1069 1375 animam
1089 1314 1127 1374 de
1177 1315 1352 1392 assumpsit.
1374 1313 1538 1385 Posterior,
1556 1329 1619 1390 qua
1635 1324 1801 1389 personam
1816 1305 1923 1365 alterim
2002 1336 2003 1351 ι

360 1422 464 1479 earne,
479 1405 538 1465 nisi
553 1406 772 1467 absurdissime
787 1408 935 1487 praedicas
948 1427 956 1468 τ
972 1408 1028 1466 etsi
1043 1405 1127 1466 simi-
1177 1406 1330 1485 quispiam
1339 1406 1476 1485 suscipit,
1487 1413 1551 1466 κατὰ
1562 1413 1660 1484 σχέσιν,
1674 1400 1726 1460 vel
1735 1395 1921 1459 misericordia
1967 1458 1970 1465 ,

360 1495 431 1556 liter
448 1497 565 1569 anima,
586 1503 617 1557 et
635 1516 706 1558 caro
725 1516 808 1559 unus
828 1500 867 1559 sit
880 1500 986 1559 homo.
1002 1520 1018 1556 ο
1035 1499 1128 1576 Cujus
1178 1499 1299 1575 dinetus,
1309 1499 1359 1560 vel
1368 1497 1528 1573 charitate,
1539 1501 1593 1557 aut
1607 1493 1702 1555 simili
1711 1492 1829 1553 allecto.
1841 1492 1922 1567 Atque
2002 1532 2003 1543 ι

360 1587 406 1647 rei
426 1587 498 1647 alibi
521 1590 600 1649 ratio
624 1590 746 1650 reddita
767 1597 835 1652 est:
860 1591 944 1671 qnod
968 1594 1072 1651 anime
1099 1597 1130 1651 et
1177 1590 1379 1667 hacratione,
1398 1589 1537 1651 Verbum
1551 1593 1677 1667 peecata
1688 1584 1836 1646 nostruin
1848 1598 1923 1642 sere
2002 1608 2003 1615 ι

361 1697 472 1757 corpus
486 1674 596 1741 natura
615 1700 669 1742 sua
688 1688 791 1760 partes
811 1681 883 1758 sint,
905 1683 1044 1762 adeoque
1064 1683 1128 1744 mi·
1178 1683 1292 1762 cepisse
1304 1683 1426 1759 dicitnr,
1446 1687 1478 1743 et
1493 1680 1692 1743 maledictum
1706 1695 1771 1739 esse
1783 1675 1923 1736 factuszet

361 1770 447 1831 nime
485 1772 627 1849 perfecte
655 1794 662 1833 ε
695 1779 726 1835 et
756 1775 790 1834 in
822 1775 916 1835 nnius
949 1775 1128 1854 composita
1178 1775 1316 1853 eliaejus
1329 1776 1452 1854 generis
1468 1772 1685 1852 assumpsisse,
1706 1787 1772 1831 non
1788 1774 1821 1828 ιιι
1836 1781 1924 1827 revera
2002 1786 2003 1847 j

361 1869 492 1941 naturae,
518 1883 719 1946 personaeque
747 1867 999 1927 constitutionem
1018 1874 1128 1928 mutuo
1177 1868 1246 1928 hee
1266 1869 1395 1929 haberet
1416 1868 1450 1928 in
1473 1884 1557 1942 sese;
1571 1865 1625 1926 sed
1633 1869 1671 1924 ut
1700 1875 1923 1942 personamnos
2002 1850 2003 1935 i

360 1973 442 2015 nexu
452 1957 638 2018 cohaereant.
648 1959 737 2020 Unde
747 1977 804 2019 nec
813 1960 961 2020 alterutra
972 1959 1011 2019 de
1019 1959 1126 2037 altera,
1180 1965 1261 2021 tram
1288 1961 1452 2035 sustinens,
1468 1977 1504 2020 en
1524 1955 1755 2038 quodammodo
1769 1951 1889 2034 propria,
1900 1956 1924 2010 et

360 2066 417 2109 nec
431 2049 469 2109 de
482 2055 560 2125 ιοιο,
574 2052 655 2129 quod
671 2051 755 2112 exiis
767 2052 906 2130 partibus
919 2053 1126 2131 componitur,
1180 2071 1236 2113 sua
1259 2053 1382 2114 laceret.
1398 2051 1476 2114 Vide
1498 2051 1645 2113 eumdem
1666 2043 1924 2109 Damascenumin
2002 2054 2003 2111 t

361 2141 518 2221 predicari
533 2142 652 2221 potest:
669 2150 705 2204 ut
717 2143 766 2203 vel
780 2145 885 2204 anima
904 2145 943 2204 sit
960 2163 1081 2225 corpus,
1098 2151 1129 2206 et
1180 2150 1292 2223 quarto
1301 2145 1393 2222 libro,
1406 2144 1505 2224 eapite
1517 2162 1588 2204 xix.
2002 2128 2003 2141 ¹

360 2252 483 2312 corpus,
498 2236 622 2296 anima:
646 2236 695 2297 vel
709 2237 804 2296 homo
825 2254 890 2297 esse
909 2255 1033 2315 eorpus,
1055 2238 1126 2297 ani·
1222 2236 1370 2315 Eulogius
1401 2236 1627 2297 Alexandrinus
1659 2229 1832 2293 Patriarchn
1858 2225 1923 2306 apud
2002 2234 2003 2313 ι

360 2343 449 2385 mave
460 2325 589 2388 dieatur.
603 2328 865 2404 Atveronatnraa,
881 2330 994 2408 quibus
1007 2334 1129 2390 constat
1181 2330 1340 2402 Photium,
1365 2328 1507 2388 similiter
1528 2328 1639 2401 dooet;
1658 2347 1675 2383 ι
1694 2317 1924 2400 communale
2002 2344 2003 2413 ι

361 2416 509 2486 Christus,
534 2419 677 2498 perfecte
700 2427 771 2481 sunt
793 2421 904 2496 amba,
926 2428 958 2482 et
976 2422 1011 2481 in
1031 2440 1127 2482 unam
1182 2422 1303 2481 christo
1326 2420 1548 2500 praedicantur,
1574 2419 1633 2481 alia
1656 2435 1747 2491 vere,
1768 2433 1803 2475 ιο
1822 2410 1923 2492 proprie

361 2515 508 2571 coeuntes
528 2530 691 2592 personam
728 2520 838 2575 mutua
871 2515 1031 2590 omnium,
1056 2533 1127 2593 que
1181 2513 1255 2586 dici,
1275 2513 1332 2574 alia
1353 2513 1525 2573 secundum
1545 2510 1740 2572 relationem.
1762 2504 1924 2566 Reiemntur
2002 2550 2003 2579 3

360 2602 471 2681 cuique
499 2606 623 2684 propria
654 2612 727 2667 sunt
753 2599 1032 2666 communicatione
1058 2624 1128 2667 een-
1180 2605 1320 2666 enimin
1342 2605 1485 2684 ipsuma
1508 2603 1609 2677 nohis,
1633 2607 1789 2681 quatenus
1806 2600 1923 2658 nostrum
2002 2608 2003 2691 ρ

360 2699 476 2756 seutnr.
487 2696 566 2757 Vide
578 2697 743 2776 Hngonem
753 2698 949 2759 Victorinum
958 2699 990 2758 iu
1003 2697 1127 2759 Sammo
1180 2698 1323 2759 omnium
1335 2695 1766 2777 capntilerisnstinuit3tum
1777 2692 1922 2769 poemiam,
2002 2694 2003 2751 ι

359 2788 570 2849 sceleratiorem
583 2796 669 2852 tract.
689 2791 803 2870 primo,
819 2808 885 2868 cap.
902 2808 952 2852 xv.
1181 2798 1248 2852 tum
1275 2789 1448 2850 maledictio
1464 2788 1525 2850 ι.»
1557 2787 1635 2848 Dicit
1660 2786 1747 2846 enim
1773 2778 1921 2861 lposuus

370 2952 375 2961 Ι
400 2881 531 2959 cyrillus
549 2882 581 2942 in
599 2881 727 2944 Srlrolr't'r
744 2882 778 2944 de
797 2882 1001 2943 incarnatione
1019 2881 1126 2962 Unr'qe·
1180 2883 1262 2945 Eum
1276 2883 1330 2963 qui
1343 2900 1400 2942 oon
1413 2888 1534 2942 ιονινοι
1548 2886 1717 2960 peccatum,
1730 2872 1920 2957 ριονιοιιὶερι
2002 2908 2003 2969 t

360 2970 421 3031 niti
443 2978 607 3052 utramque
631 2974 881 3054 conjunctionem
905 2981 1081 3054 comparat;
1097 2982 1129 3037 et
1179 2982 1278 3037 ratum
1291 2974 1389 3054 saorth
1401 2975 1449 3050 Et,
1463 2971 1601 3035 Christos
1613 2988 1667 3030 noa
1674 2968 1794 3031 redarii
1803 2967 1836 3026 de
1846 2960 1920 3023 mole

360 3063 393 3123 in
408 3082 444 3123 eo
459 3066 689 3140 convenirent,
712 3091 726 3119 ι
740 3067 823 3145 qnod
845 3077 880 3126 ut
902 3084 941 3128 ex
961 3067 1075 3142 anima,
1098 3074 1129 3129 et
1179 3068 1258 3129 dicto
1289 3066 1387 3146 lepis,
1417 3066 1512 3147 fertus
1536 3083 1593 3146 pro
1620 3062 1705 3123 nodis
1731 3051 1919 3121 maledicum&
2002 3114 2003 3171 p

360 3173 489 3234 corpore
503 3176 586 3217 arnus
593 3158 688 3218 homo
702 3158 737 3218 fit
750 3179 758 3219 ι
774 3158 816 3219 sic
830 3177 868 3219 ex
880 3158 1014 3238 perfecta
1032 3162 1129 3240 hypo-
1179 3159 1377 3234 Quinetiam,
1405 3163 1441 3218 ut
1469 3157 1564 3218 Isaias
1591 3156 1746 3235 Propheta
1769 3155 1883 3212 testatru
1895 3145 1918 3220 ⁸,
2002 3184 2003 3239 ι

360 3249 432 3308 ιιιιὶ
446 3248 559 3324 Verbi,
575 3256 606 3311 et
617 3251 753 3330 perfecta
766 3252 938 3312 secundum
951 3253 1125 3326 essentiam,
1178 3249 1281 3311 Posuit
1311 3249 1452 3310 Dominus
1483 3248 1515 3308 in
1539 3266 1571 3309 eo
1599 3247 1788 3328 iniquitatem
1813 3238 1920 3301 οιιοοιιοο

359 3341 495 3402 hominis
505 3348 628 3417 natura,
640 3344 869 3405 unusGhristus
879 3343 1021 3420 efficitur,
1035 3346 1126 3422 Dens,
1178 3350 1320 3404 nostrum.
1339 3343 1386 3414 Et,
1402 3341 1579 3422 Int‘qur'tates
1591 3358 1692 3400 eornm
1711 3341 1768 3420 ipse
1777 3328 1915 3417 portendt
2002 3382 2003 3419 ,

360 3437 391 3492 et
403 3434 524 3495 homor.
542 3456 557 3493 n
822 3430 825 3433 ’
1179 3442 1220 3510 et,
1237 3432 1596 3516 ipsepereotomnltorem
1610 3430 1714 3492 ratiti.
2002 3428 2003 3503 l

400 3525 448 3584 Ad
460 3527 537 3597 haee,
551 3536 569 3584 ἰ
587 3526 724 3588 Verbum
743 3527 868 3607 propria
888 3527 941 3588 illa
963 3527 1021 3589 sibi
1043 3528 1124 3602 lacit,
1219 3526 1316 3587 XVII.
1340 3525 1538 3598 Duodecima,
1554 3531 1586 3585 et
1594 3529 1749 3604 postrema
1758 3522 1795 3582 de
1807 3533 1919 3581 eamme
1935 3506 2003 3609 Vll

360 3633 430 3697 qnae
452 3617 491 3677 ιιι
512 3635 600 3678 sitam
626 3637 753 3680 earnem
779 3620 952 3698 pertinent3
980 3620 1128 3700 quoniam
1178 3619 1336 3680 nicatione
1355 3618 1579 3698 proprietatum
1602 3618 1705 3677 cautio
1726 3614 1794 3675 talis
1810 3626 1919 3689 essepo
2002 3622 2003 3697 t

361 3709 456 3788 ipsius
467 3715 523 3786 est,
539 3729 603 3770 nou
617 3711 742 3771 alterius
754 3729 865 3791 (orpus
877 3732 885 3787 ;
899 3733 914 3769 ο
932 3713 1010 3773 sieut
1023 3713 1127 3773 anima
1178 3716 1253 3772 test:
1270 3712 1347 3772 Cum
1360 3712 1398 3770 sit
1410 3711 1563 3785 omnium,
1575 3726 1645 3788 qne
1655 3727 1675 3769 ι
1686 3710 1750 3770 Deo
1760 3708 1840 3768 ιιοιι
1851 3707 1917 3771 sunt,
2002 3710 2003 3777 T

361 3820 487 3862 enrnem
501 3820 600 3878 suam,
612 3810 643 3864 et
654 3822 724 3883 quae
734 3804 774 3863 ad
785 3804 865 3864 hene
876 3809 1025 3883 spectant,
1041 3823 1129 3867 usur·
1179 3803 1442 3875 excellentissima,
1465 3802 1662 3881 maximeque
1677 3798 1821 3862 mirabilis
1838 3793 1918 3856 anno
2002 3782 2003 3821 ¹

360 3897 413 3972 pat
432 3899 581 3973 tanquam
601 3896 745 3975 propria3
763 3916 774 3953 ι
791 3897 984 3976 vicissimque
993 3898 1130 3959 Verbum
1180 3896 1329 3975 illaque
1349 3896 1382 3955 in
1398 3895 1622 3956 lucarnationis
1635 3893 1792 3974 mysterio,
1805 3888 1918 3951 damn
2002 3872 2003 3943 i

361 3986 447 4045 carni
462 4005 525 4047 suae
540 3988 677 4048 divinam
690 3988 773 4064 vim,
792 3994 823 4049 et
837 3988 1032 4050 efficientiam
1046 4009 1129 4051 eom·
1179 4006 1251 4050 enm
1266 3989 1407 4049 humana
1420 3987 1555 4064 sociavit,
1572 3985 1768 4065 alligavitque
1778 3988 1916 4044 natumm:
2002 3990 2003 3993 ’

362 4079 512 4165 munient,
529 4084 565 4139 ut
577 4086 608 4140 et
621 4080 753 4141 mortuis
764 4081 862 4140 vitam
879 4081 1041 4143 restituere
1059 4101 1130 4162 pos·
1179 4086 1248 4141 tum
1258 4081 1298 4141 ad
1312 4081 1379 4160 ejus
1390 4080 1466 4154 vim,
1480 4086 1512 4140 et
1525 4078 1715 4158 singularem
1727 4076 1865 4139 rationem
1876 4086 1918 4130 ex·

362 4171 413 4247 sit,
437 4178 469 4231 et
491 4172 579 4246 aegris
602 4173 774 4233 sanitatem.
791 4194 807 4230 n
825 4173 942 4233 Verum
970 4174 1003 4235 in
1027 4193 1063 4235 eo
1081 4176 1129 4235 di·
1181 4173 1356 4253 plicandam
1378 4172 1550 4252 plurimum
1577 4188 1646 4232 eam
1673 4169 1819 4242 conferre,
1843 4176 1919 4243 quw
2002 4180 2003 4233 t

363 4262 496 4323 serimen
524 4264 617 4325 situm
645 4270 708 4340 est,
734 4265 817 4343 qrvod
844 4266 966 4345 anima,
997 4268 1131 4346 patiente
1181 4265 1338 4345 hueusque
1352 4265 1563 4340 disseruimus,
1583 4262 1805 4344 proprietatum
1815 4270 1918 4338 permu-

363 4370 502 4431 corpore,
522 4354 666 4414 nonnihil
687 4354 804 4434 patitur
824 4372 881 4433 pro
905 4373 960 4416 sno
980 4357 1084 4429 modo,
1101 4363 1133 4417 et
1179 4345 1920 4435 tationem,mutuamqueeommunionem.itenin
2002 4358 2003 4427 i

363 4451 455 4524 captu
470 4466 478 4505 τ
493 4446 635 4507 Verbum
657 4451 761 4507 antem
782 4445 869 4507 nullo
892 4447 985 4507 modo
1007 4448 1130 4526 iisdem,
1181 4450 1243 4510 duo
1267 4456 1351 4526 suut,
1380 4455 1417 4509 ut
1438 4448 1532 4510 Greci
1556 4449 1695 4509 rhetores
1720 4444 1920 4526 loquuturos&

400 4638 422 4678 a
440 4625 507 4679 Gru.
526 4622 622 4696 Ὥσπερ
631 4625 678 4697 γὰρ
692 4625 818 4697 ἐτερορνὲς
833 4623 876 4697 μὲν
891 4625 920 4679 τι
932 4630 1005 4698 σῶμα
1017 4627 1077 4698 πρὸς
1090 4624 1135 4694 τὴν
1183 4628 1309 4694 discedat,
1323 4628 1363 4681 καὶ
1374 4629 1502 4691 ζωοποιεῖν
1516 4627 1573 4689 τοῦς
1586 4627 1692 4699 tapete,
1705 4625 1747 4679 zet
1760 4622 1834 4677 tauta
1845 4611 1919 4677 toltit

365 4705 455 4780 ψοχὴν,
471 4700 506 4769 εἶς
524 4728 552 4780 γε
571 4708 619 4780 μὴν
634 4707 658 4770 ἒξ
674 4709 765 4781 ἀμφοῖν
779 4708 905 4781 ἄνθρωπος
920 4708 1135 4776 ἂποτελεῖτοιι,νιαὶ
1183 4710 1337 4783 ἀρρωστίαις.

364 4789 471 4862 λέγεται.
487 4791 552 4844 οὕτω
564 4790 745 4854 zullensheim
753 4791 910 4856 ὑποστάσιος
920 4796 964 4847 τοῦ
977 4793 1032 4847 θεοῦ
1045 4792 1133 4864 λόγου,
1158 4810 1162 4817 “
1220 4794 1354 4849 bEntoo.
1370 4795 1444 4865 apud
1459 4793 1537 4851 Phor.
1553 4792 1615 4849 eod.
1630 4809 1724 4849 ccxxx.
1745 4789 1802 4844 ’Ἔτι
1815 4786 1921 4841 hilm

365 4872 407 4927 nat
421 4873 468 4946 μιν
483 4874 523 4927 καὶ
538 4872 561 4935 ἐξ
583 4874 769 4947 ἀνθρωπότητος
783 4877 881 4938 τελείως
903 4875 1005 4950 ἐχούσης
1017 4876 1079 4930 κατὰ
1092 4877 1134 4930 τὸν
1184 4875 1229 4944 λὴν
1248 4884 1298 4931 τῶν
1314 4876 1353 4931 ἐπὶ
1367 4877 1474 4949 Χριστοῦ
1496 4877 1636 4949 λεγομινων
1659 4878 1771 4937 ποιεῖται,
1784 4872 1814 4926 τὰ
1825 4869 1862 4942 μὲι
1873 4865 1921 4930 aas

365 4954 428 5010 lhos
447 4957 523 5029 λόγον
538 4951 573 5020 εἷς
596 4959 610 5012 ὁ
631 4959 746 5030 Χριστὸς,
762 4960 776 5012 d
791 4957 863 5022 αὖτις
876 4959 993 5034 ὑπάρχων
1010 4958 1034 5013 ἐν
1053 4958 1136 5031 ταύτῷ
1184 4960 1241 5025 θῶς,
1253 4961 1293 5014 και
1307 4961 1394 5033 κυρίως
1406 4959 1574 5031 ὑποτιθέμενος
1585 4961 1705 5031 λέγεσθαι·
1725 4957 1756 5012 τὰ
1768 4955 1793 5009 δὲ
1807 4949 1862 5007 κατὰ
1875 4947 1920 4999 lte·

365 5040 418 5101 θεός
432 5059 458 5094 τε
475 5040 538 5113 ὁμοῦ
558 5043 599 5095 και
613 5042 747 5114 ἄνθρωπος.
763 5043 803 5096 και
818 5041 947 5096 οἰκειοῦται
962 5042 1005 5115 μὲν
1020 5042 1034 5095 d
1047 5043 1133 5114 λόγος,
1183 5044 1269 5114 φοράν·
1285 5043 1428 5116 ἀναφέρεται
1450 5043 1498 5115 γὰρ
1517 5041 1559 5115 ἄρ’
1580 5042 1662 5114 ἡμῶν,
1685 5043 1719 5103 ὡς
1738 5039 1835 5111 κεφαλῆς
1847 5031 1920 5087 istm

365 5123 399 5186 ὡς
419 5122 488 5195 ἔφην,
511 5124 542 5178 τὰ
561 5129 604 5194 τῆς
620 5125 680 5187 ἰδίας
696 5127 794 5197 σαρκός·
811 5128 849 5179 ὅτι
862 5126 988 5180 netelton
1001 5126 1031 5179 τι
1050 5133 1132 5199 σῶμα,
1182 5126 1281 5180 πάντων
1292 5126 1363 5199 ἡμῶν
1383 5127 1551 5200 ἀνασχομένου
1565 5126 1683 5198 γενέσθαι,
1696 5124 1712 5192 ἥ
1726 5142 1753 5178 τι
1774 5110 1919 5194 &papalem

365 5205 405 5258 καὶ
415 5207 462 5280 οὐχ
477 5206 568 5281 ἑτέρου.
579 5212 752 5263 κοινοποιεῖται
766 5207 793 5261 δὲ
807 5210 890 5279 ὥσπερ
905 5214 936 5281 τῇ
949 5208 999 5280 ἰδίᾳ
1011 5207 1083 5281 σαρκὶ
1092 5213 1134 5276 τῆς
1181 5207 1198 5275 ἡ
1212 5210 1314 5282 κατάρα,
1328 5208 1368 5263 καὶ
1382 5211 1429 5265 ὅσα
1438 5209 1606 5282 παραπλήσια.

366 5287 464 5360 landone
477 5289 545 5364 αὗτῷ
558 5293 705 5365 θεοπρεποῦς
721 5294 847 5366 δυνάμεως
859 5292 903 5362 τὴν
919 5291 1050 5365 ἐνέργειαν·
1067 5291 1133 5346 ὥστε

393 5466 404 5505 1
420 5462 465 5507 ιιι.
473 5462 512 5514 lll,
520 5474 540 5509 c.
551 5475 612 5508 xa·
623 5464 638 5507 ι
650 5463 670 5508 il
684 5465 732 5510 Gor.
745 5476 766 5514 ν,
776 5464 842 5508 st-
850 5464 865 5508 a
873 5465 922 5511 oat.
935 5475 971 5513 ιιι,
988 5462 1072 5508 tta-t
1082 5463 1111 5508 lo.
1124 5471 1173 5514 nu,
1183 5461 1233 5507 a-
1243 5461 1257 5505 ⁵
1269 5460 1325 5508 thid.
1338 5472 1381 5507 ver.
1397 5473 1457 5507 nn·
1467 5461 1482 5506 Β
1491 5461 1523 5506 ιι.
1535 5471 1581 5505 ver.
1592 5471 1630 5505 ιιι.
