4072 6164
565 306 616 367 DE
635 304 942 383 tncnnnnrtortc,
964 305 1036 367 LIB.
1059 306 1097 382 V,
1129 307 1215 370 GAP.
1238 308 1279 368 ΙΙ.
1654 311 1713 371 585

128 492 202 537 sum
233 473 395 535 Facundus
421 471 585 552 exponit¹:
611 472 665 550 qui
692 476 723 532 et
748 471 896 531 similium
947 470 1157 534 memoravi¹2
1183 472 1317 535 maxime
1344 473 1428 553 quod
1452 474 1632 554 responderi
1650 493 1716 536 non

126 566 323 628 locutionum
336 565 488 645 exemplis
500 565 581 626 banc
592 563 779 625 calumniam
792 562 897 643 depel-
947 581 1035 643 posse
1046 565 1215 638 crederent,
1232 565 1343 645 ecquid
1356 583 1439 626 unus
1450 565 1502 627 ille
1516 573 1605 643 esset,
1621 567 1715 641 Deus,

125 659 175 720 lit.
192 659 313 739 Quippe
326 660 461 719 Trinitas
473 658 511 719 de
525 675 557 718 se
571 657 638 737 ipsa
648 656 803 736 loqueba,
819 654 898 716 Ecce
947 673 989 716 an
1001 655 1096 733 filius,
1116 657 1176 717 nisi
1191 659 1269 718 Deos
1281 658 1400 720 filiosre
1413 659 1518 738 plures
1532 657 1714 722 Trinitatem

126 751 409 831 factumstinquit,
424 749 522 812 Adam
536 746 781 809 unuseuuootc.
797 748 896 808 Num·
947 746 1062 808 babere
1096 748 1232 811 diceres:
1267 750 1306 811 ob
1334 750 1534 829 hujusmodi,
1563 751 1713 831 inquam,

126 842 204 922 quid
216 844 390 904 uuusDeus
403 840 699 919 exnobis,quasiex
712 838 833 899 tribus?
845 844 899 900 aut
947 840 1083 901 rationes
1103 839 1321 911 abstinendum
1347 840 1386 902 ab
1409 842 1462 903 illa
1485 842 1632 921 loquendi
1657 845 1717 903 tor·

126 952 213 995 nnus
225 929 898 1013 Paterexnobis,quasiextribusPatribusl
947 931 1034 992 mula
1061 933 1215 994 censuisse
1239 934 1403 995 catholicos
1426 934 1545 1013 aliquot
1566 940 1654 1014 puto,
1681 953 1718 995 ac

126 1032 182 1088 ant
196 1045 280 1088 nnus
291 1027 396 1105 Filius,
405 1026 455 1087 vel
468 1026 601 1105 Spiritus
614 1031 738 1085 sanctus
747 1041 785 1084 ex
795 1024 896 1097 uobis,
947 1023 1051 1102 potius
1059 1023 1268 1086 adhibendam
1277 1026 1369 1101 hanc,
1377 1031 1412 1085 ut
1423 1044 1514 1086 unum
1527 1027 1563 1086 de
1572 1025 1718 1087 Trinitote

126 1120 219 1198 quasi
232 1137 271 1180 ex
284 1120 384 1179 tribus
407 1119 502 1195 Filiis,
531 1117 581 1179 vel
605 1117 705 1177 tribus
733 1115 899 1195 spiritibus
943 1133 1097 1196 pnsoncm
1120 1134 1239 1197 passum
1259 1135 1314 1179 esse
1333 1118 1507 1180 diceretur:
1524 1136 1596 1179 cum
1609 1122 1671 1178 tres
1685 1118 1718 1178 in

126 1210 290 1272 sanctis'lu
304 1211 354 1272 Sic
366 1212 503 1271 ioannes
516 1211 548 1271 in
561 1208 710 1270 canonica
723 1207 811 1269 sua³s
831 1207 899 1268 Tres
949 1207 1099 1268 Trinitate
1123 1226 1271 1287 personas
1289 1215 1436 1288 agnoscat
1457 1210 1629 1271 Christiana
1650 1227 1720 1289 pro-

35 1348 38 1352 ·
126 1310 195 1363 nint
213 1303 271 1383 qui
290 1303 485 1364 testimonium
499 1299 572 1363 dunt
589 1301 619 1360 in
642 1300 732 1372 coelo,
746 1300 852 1369 Pater,
873 1309 901 1361 ct
949 1298 1056 1375 fessio;
1072 1318 1205 1379 quarum
1220 1319 1316 1361 unam
1327 1301 1531 1377 interroganti
1539 1302 1718 1381 responderi

127 1393 243 1469 Filius,
265 1404 294 1457 et
314 1394 448 1475 Spiritus
469 1401 595 1467 sanctus,
622 1400 650 1453 et
674 1392 710 1452 tei
731 1400 900 1454 tresorum
950 1391 1318 1471 possitessecrucifixam.
1334 1393 1719 1473 Haucbrissepraecipuam

125 1494 206 1548 sunt.
239 1487 300 1549 Ubi
322 1486 414 1547 simili
438 1485 630 1547 cavillatione
655 1485 754 1565 quaeri
782 1490 899 1565 potest,
950 1485 1171 1545 causamiscins
1184 1485 1720 1565 amplectendaepotius,quamalte

126 1578 203 1660 qnid
217 1585 282 1640 tres
291 1579 343 1639 isti
352 1580 423 1639 sint.
950 1574 1015 1635 rius
1029 1577 1261 1654 enuntiationis,
1276 1579 1392 1638 indicat
1401 1578 1562 1639 Facundus
1575 1578 1719 1639 Hermia-

170 1669 325 1731 «Proinde
337 1671 530 1733 considerare
540 1672 663 1747 debent,
674 1670 718 1730 ait
726 1666 900 1744 Facundus,
951 1666 1083 1745 nensis⁸‚
1104 1670 1204 1748 quiet
1221 1670 1402 1747 catholicos,
1418 1671 1473 1750 qui
1493 1670 1537 1731 ita
1557 1671 1718 1747 sentirent,

126 1764 556 1843 quiverborumcaptionibus
566 1779 755 1842 supervacue
763 1760 898 1833 student,
950 1758 1043 1820 fluisse
1054 1760 1153 1836 docet,
1165 1767 1196 1822 et
1209 1779 1244 1822 ea
1254 1760 1331 1841 ipsa,
1342 1781 1437 1841 quam
1450 1754 1590 1841 exposui,
1601 1763 1721 1826 ratione

127 1858 202 1936 quia
216 1874 285 1917 non
299 1856 408 1933 simul,
424 1862 456 1917 et
468 1856 631 1934 conjuncte
645 1854 786 1929 dicimus,
800 1870 902 1912 unum
952 1858 1133 1913 commotos.
1158 1852 1199 1914 At
1218 1854 1282 1934 ipse
1311 1854 1438 1915 demum
1465 1859 1634 1934 utrumque
1661 1856 1722 1917 dici

128 1948 247 2010 titium
263 1966 303 2010 ex
316 1949 466 2009 trinitate
485 1948 680 2021 crucifixum,
704 1952 740 2007 ut
762 1960 824 2005 tres
847 1949 902 2005 aut
952 1949 1033 2005 recte
1054 1946 1178 2021 asserit3
1199 1951 1258 2006 set
1271 1964 1372 2007 unum
1395 1964 1432 2006 ex
1447 1946 1598 2007 'trinitate
1621 1949 1720 2008 cruci·

127 2042 207 2103 duos
242 2041 335 2102 Filios
362 2041 507 2102 inducere
534 2040 712 2116 videamur,
738 2038 791 2098 sed
816 2037 902 2117 prius
951 2035 1069 2111 fixum3
1100 2043 1131 2098 et
1157 2055 1253 2098 unam
1275 2056 1314 2099 ex
1333 2037 1485 2099 Trinitatc
1503 2055 1716 2117 personamzu

127 2133 269 2194 dicentes
288 2133 371 2212 quod
393 2151 507 2212 magua
533 2132 670 2211 synodus
695 2129 899 2204 confirmavit,
952 2128 1011 2190 nisi
1026 2130 1109 2208 quod
1127 2130 1167 2190 ad
1189 2131 1381 2209 repellendos
1401 2131 1597 2192 Nestoriauos
1618 2131 1722 2192 miuus

128 2243 234 2286 unum
248 2243 288 2285 ex
300 2225 452 2286 'trinitate
466 2224 683 2300 incarnatum,
698 2222 748 2284 vel
761 2226 900 2301 passum,
951 2221 1030 2297 hacc,
1045 2239 1140 2300 quam
1154 2222 1217 2296 illa,
1231 2224 1271 2283 sit
1279 2230 1350 2304 apta
1365 2222 1522 2303 professio,
1534 2222 1619 2302 quod
1632 2241 1721 2283 uuam

128 2317 178 2377 vel
206 2317 403 2393 crucifixum,
432 2336 505 2378 cum
535 2316 716 2394 interrogati
740 2315 901 2391 fuerimus,
952 2330 1105 2393 personum
1123 2314 1260 2375 baeretici
1281 2314 1330 2375 isti
1346 2333 1410 2376 non
1424 2315 1509 2375 bona
1532 2313 1723 2375 fideintelli·

130 2427 229 2489 quem
256 2426 357 2469 unum
381 2410 419 2471 de
447 2408 597 2469 'liinitate
630 2407 786 2480 dicemus,
822 2412 903 2467 recte
953 2411 1076 2483 gerant3
1090 2412 1126 2466 nt
1135 2406 1373 2485 soladignitatis,
1381 2413 1412 2468 et
1423 2406 1612 2468 auctoritatis
1621 2407 1723 2467 unitas

128 2506 240 2581 postea
247 2502 469 2581 respondemus
482 2499 607 2561 Filium.
622 2501 691 2560 Non
705 2504 810 2559 autem
821 2502 904 2559 recte
954 2497 988 2557 in
1002 2515 1038 2558 ea
1052 2499 1281 2573 contineretur,
1296 2517 1361 2560 non
1378 2504 1561 2560 naturarum
1578 2490 1721 2578 propria,

131 2593 228 2653 amul
265 2593 420 2655 diceretur
453 2611 536 2654 unus
569 2591 664 2652 Filius
691 2609 730 2651 cx
756 2590 904 2651 'trinitate
953 2596 984 2651 et
1004 2590 1196 2651 substantiva
1220 2591 1385 2670 copulatio,
1413 2592 1494 2672 quod
1511 2609 1551 2652 ex
1568 2591 1722 2653 Maxentio

130 2684 328 2763 incarnatus,
350 2691 405 2747 aut
423 2703 548 2766 passus,
572 2689 625 2745 aut
643 2683 818 2744 crucifixus.
845 2682 904 2743 Sed
949 2682 1016 2761 jam
1030 2682 1173 2745 diximus.

131 2796 197 2838 non
222 2783 270 2838 est
294 2795 484 2857 consequens
497 2783 616 2857 atquae
630 2776 723 2836 amul
740 2794 805 2836 non
823 2780 905 2836 recte
994 2774 1045 2835 Sic
1068 2777 1161 2836 etiam
1184 2776 1360 2837 Ferrandus
1378 2774 1470 2835 ambo
1486 2775 1553 2835 baec
1576 2775 1723 2842 catholice

131 2869 302 2947 dicuntum,
333 2871 427 2933 etiam
458 2869 636 2949 singillatim
660 2886 726 2929 non
753 2874 836 2929 recte
857 2868 904 2928 di·
955 2867 1150 2945 pronuntiari
1164 2887 1228 2928 non
1243 2865 1400 2927 dubitut⁹2
1429 2867 1524 2927 ulloc
1546 2872 1592 2927 est
1609 2866 1724 2946 quippe

132 2968 288 3023 cantum
955 2977 1055 3019 unum
1069 2960 1280 3034 detrimute,
1295 2959 1546 3038 quodcstunam
1559 2975 1724 3038 personam

172 3054 258 3114 XIIl.
284 3054 350 3114 Hoc
365 3052 433 3112 loco
453 3070 519 3113 non
533 3058 579 3113 est
591 3051 903 3132 pretermittendum,
954 3051 993 3112 de
1006 3052 1107 3112 tribus
1122 3052 1273 3130 personis,
1289 3052 1437 3131 quoniam
1453 3054 1478 3113 si
1493 3051 1584 3125 dicas,
1600 3051 1668 3112 Una
1679 3056 1726 3111 est

86 3211 99 3223 ,
133 3146 231 3208 variis
244 3146 345 3207 modis
358 3152 570 3206 controversas
587 3147 660 3207 istas
678 3144 906 3207 enuntiationes
953 3161 1084 3223 persona
1100 3145 1231 3222 Christi,
1247 3144 1325 3205 nihil
1339 3144 1422 3204 aliud
1439 3143 1514 3205 dicis
1528 3162 1624 3222 quam
1637 3144 1725 3204 Unus

132 3238 271 3319 proponi
282 3239 447 3313 solitas;ac
462 3238 631 3299 nonnullos
643 3238 737 3299 nimis
756 3240 789 3299 in
798 3255 906 3299 earum
954 3242 1001 3298 est
1023 3236 1176 3311 Christum
1198 3241 1229 3297 et
1251 3237 1277 3295 si
1292 3236 1427 3311 dixeris;
1450 3238 1538 3297 Unus
1552 3242 1598 3297 est
1623 3236 1723 3311 Pater,

133 3331 268 3405 delectu,
285 3336 316 3391 et
329 3330 569 3410 approbatione,
583 3330 632 3391 vel
646 3330 821 3408 reJ'ectione,
838 3348 906 3391 mo·
955 3334 1009 3389 aut
1023 3328 1156 3408 Spiritus
1176 3334 1320 3403 sanctus,
1336 3327 1415 3388 nihil
1429 3327 1514 3388 aliud
1528 3327 1615 3403 dicis,
1630 3345 1726 3406 quam

133 3442 233 3497 rasos,
249 3430 280 3485 et
293 3424 401 3484 anxios
411 3423 513 3485 nune.
531 3423 662 3498 Quidam
672 3424 758 3484 enim
771 3442 862 3483 uuum
872 3421 907 3483 de
956 3422 1026 3482 Una
1038 3426 1084 3481 est
1096 3438 1229 3500 persona
1239 3420 1354 3493 Patris,
1370 3425 1425 3481 aut
1438 3417 1570 3499 Spiritus
1581 3420 1689 3481 sancti.
1709 3441 1721 3483 r

137 3516 289 3578 Trinitnte
300 3516 361 3576 dici
374 3516 503 3576 minime
515 3514 664 3590 terentes,
680 3534 768 3575 unum
786 3513 822 3575 de
836 3515 906 3575 Tri·
995 3514 1082 3574 xlv.
1092 3514 1161 3573 Huc
1172 3513 1265 3573 etiam
1282 3516 1411 3592 spectat,
1428 3512 1511 3592 quod
1525 3511 1723 3586 vocabulum,

133 3609 232 3669 nitate
250 3626 406 3689 pesonam
430 3607 563 3669 libenter
590 3607 792 3687 usurpabant.
823 3607 907 3673 Quos
957 3624 1032 3666 unus
1045 3605 1186 3685 proprie,
1202 3624 1238 3667 ac
1251 3622 1306 3684 per
1320 3622 1352 3665 se
1374 3622 1541 3685 personam
1554 3604 1725 3684 significan

134 3701 265 3780 quidem
278 3700 467 3762 Nestorianae
476 3700 907 3761 baresisinsimulatdoannes
958 3697 1157 3758 substantiam
1169 3702 1286 3767 autem,
1297 3697 1425 3757 nonnisi
1440 3694 1543 3758 addito
1555 3695 1728 3758 substantie

133 3790 352 3855 Maxentius⁸s
368 3799 398 3853 ct
408 3810 498 3852 unum
508 3809 663 3872 personum
675 3791 719 3851 sic
732 3791 800 3852 illos
815 3792 908 3854 inter·
953 3790 1092 3871 proprio,
1107 3789 1316 3871 manifestoque
1329 3790 1482 3850 corntmo:
1502 3794 1538 3849 ut
1551 3806 1622 3853 eum
1636 3789 1724 3865 dicis,

134 3885 252 3964 pretari
293 3885 384 3958 dicit,
426 3883 689 3964 quaemadmodum
733 3883 907 3961 Nestorius,
961 3883 1094 3943 Trinitas
1110 3890 1151 3943 est
1173 3901 1249 3942 unus
1270 3881 1357 3943 Deus.
1388 3881 1510 3960 Alioqui
1536 3899 1601 3942 non
1628 3886 1728 3960 potest

138 3994 265 4038 «unam
280 3977 392 4037 Christi
405 3994 568 4056 personam
578 3994 618 4037 ex
627 3975 747 4036 duabus
756 3977 907 4056 personis,
958 3973 1097 4034 absolute
1107 3974 1194 4053 loqui
1205 3973 1266 4033 sic:
1281 3972 1387 4048 Peter,
1400 3981 1428 4033 et
1444 3972 1541 4033 Filius
1553 3982 1579 4034 et
1589 3971 1728 4053 Spiritus

134 4089 192 4151 per
206 4070 468 4149 conjunctionem,
481 4068 907 4148 ctgratiameopulatisniieri
956 4072 1072 4128 sanctus
1101 4084 1174 4125 unus
1199 4068 1278 4125 suut.
1307 4066 1353 4125 lta
1379 4065 1564 4141 Ferrandus‚
1587 4065 1642 4144 qui
1668 4066 1726 4126 hoc

135 4158 283 4238 putabat:
299 4165 335 4218 ut
348 4158 382 4219 in
396 4159 498 4238 primo
512 4157 591 4218 libro
601 4155 830 4219 meminimus⁸z
842 4175 907 4217 non
957 4158 1084 4237 insuper
1095 4157 1331 4232 animadvertit3
1353 4175 1418 4218 non
1432 4158 1475 4218 sic
1493 4157 1553 4219 dici
1576 4155 1726 4218 Christum

139 4257 202 4312 cut
219 4269 259 4311 ex
271 4250 391 4311 duabus
404 4250 526 4312 naturis
536 4249 718 4311 naturaliter
731 4249 827 4310 unitis
843 4267 908 4309 nna
960 4268 1053 4310 unum
1065 4248 1101 4310 de
1113 4248 1313 4323 humanitate,
1329 4250 1407 4310 sicut
1419 4250 1565 4325 dicimus,
1579 4269 1672 4311 uuum
1691 4248 1727 4311 de

137 4362 273 4423 persona
286 4343 442 4405 confieret.
455 4365 471 4401 ιι
965 4341 1129 4404 Tnurtue:
1154 4341 1294 4421 quamvis
1313 4342 1459 4403 eumdem
1477 4348 1512 4402 ut
1531 4344 1629 4403 Deum
1643 4343 1726 4403 dica-

177 4436 263 4497 XlV.
286 4437 406 4496 Verum
429 4437 509 4495 hanc
530 4433 677 4495 Maxentii
701 4434 906 4513 suspicionem
961 4453 1042 4510 mus,
1050 4444 1079 4496 et
1087 4433 1242 4496 hominen.
1260 4435 1361 4495 Deum
1371 4435 1485 4514 quippe
1500 4451 1573 4495 cum
1582 4434 1724 4511 dicimus,

138 4545 196 4606 per
208 4527 326 4605 fucum,
348 4533 379 4589 et
405 4527 592 4588 calumniam
619 4525 659 4587 ab
683 4526 736 4586 illo
760 4526 906 4605 injectam
961 4532 1042 4588 recte
1059 4526 1153 4588 etiam
1178 4526 1337 4587 hominem
1353 4525 1499 4587 dicimus:
1516 4526 1588 4606 quia
1602 4529 1683 4589 Deus
1696 4534 1728 4589 et

138 4620 288 4695 arbitror;
300 4621 494 4680 utDioscoro
509 4620 643 4679 Romani
658 4617 810 4697 pontificis
823 4618 906 4679 llor-
963 4620 1056 4680 bomo
1086 4619 1216 4680 nomina
1244 4618 1487 4679 substantiarum
1516 4624 1613 4681 sunta
1639 4622 1726 4682 Unus

137 4709 248 4773 misdsa
261 4711 362 4791 legato
375 4712 525 4772 inuidiam
539 4709 698 4772 strueretl:
714 4729 732 4771 a
747 4729 809 4790 quo
827 4709 908 4771 male
961 4717 1082 4785 autem,
1112 4712 1185 4790 quia
1208 4711 1332 4791 proprie
1357 4729 1522 4791 personam
1553 4713 1723 4793 significat:

138 4809 291 4883 aceeptus,
321 4810 352 4865 et
377 4803 412 4865 in
439 4806 555 4866 cumen
579 4809 705 4865 uocatus
722 4803 840 4864 fuerat:
862 4804 908 4865 uti
961 4822 1043 4865 unus
1056 4810 1086 4865 et
1099 4823 1181 4865 unus
1194 4821 1390 4884 nequaquam
1405 4805 1545 4884 cogimur
1559 4807 1670 4881 dicere,
1686 4824 1726 4869 nc

138 4914 234 4976 supra
255 4898 401 4958 diximus.
431 4897 527 4959 Porro
554 4915 618 4959 non
645 4903 709 4957 tam
734 4897 906 4974 haereticos,
961 4897 1037 4957 duas
1058 4896 1219 4957 videamur
1241 4896 1419 4959 adseverare
1437 4916 1625 4978 personas.»
1643 4900 1725 4960 Prae·

139 5007 235 5069 quarn
246 4989 412 5051 catholicos
422 4990 589 5051 nonnullos
603 4989 745 5052 existimo
757 4989 908 5051 sententia
959 4996 1044 5050 terea
1057 5007 1189 5069 persona
1211 4989 1287 5070 ipsa,
1303 4991 1337 5050 in
1351 5010 1412 5070 qua
1424 4997 1544 5051 naturae
1560 4991 1630 5053 duae
1652 4992 1726 5052 snb-

139 5082 203 5155 illa,
220 5101 291 5162 qnae
304 5101 395 5143 unum
418 5100 456 5143 en
477 5082 627 5144 Triuitute
644 5100 762 5163 possum
775 5082 906 5150 dicebat,
960 5082 1082 5158 sistunt,
1093 5080 1188 5142 Verbi
1197 5082 1322 5161 propria
1332 5090 1388 5143 est.
1408 5083 1614 5144 uldeodicere
1628 5082 1727 5144 nulla-

139 5176 272 5237 offensos
294 5174 332 5235 iis
354 5175 398 5236 de'
415 5174 524 5251 causis,
542 5193 618 5254 quas
629 5174 722 5253 paulo
736 5180 806 5236 ante
825 5192 911 5235 corn·
959 5180 1051 5236 tentus
1064 5192 1228 5255 possumus
1243 5193 1342 5236 unum
1356 5175 1394 5235 de
1407 5175 1567 5253 Trinitato,
1582 5180 1613 5236 et
1625 5193 1725 5236 unum

168 5403 178 5445 t
193 5400 240 5447 ur.
252 5401 270 5451 l.
282 5413 302 5447 c.
311 5400 397 5447 ιιι-9
408 5402 461 5447 den.
475 5413 509 5454 ru,
522 5400 610 5445 xta-8
622 5400 632 5445 1
642 5400 688 5445 ur.
700 5411 722 5453 r,
736 5400 806 5446 l.-l
820 5401 874 5445 ulai.
887 5402 914 5453 u,
923 5409 939 5446 ι.
950 5402 977 5446 lv
985 5402 1042 5447 rut.
1051 5403 1093 5447 col.
1105 5402 1176 5448 ittet
1187 5403 1210 5446 tu
1220 5402 1327 5459 resp-5
1340 5403 1392 5459 Cap.
1404 5403 1484 5449 rx.-t
1496 5401 1551 5447 ilde
1564 5400 1619 5447 llax.
1635 5404 1727 5458 raspert

141 5464 252 5511 firmat
263 5467 326 5510 Pon.
340 5470 355 5509 t.
369 5463 456 5508 ltu-r
472 5463 549 5519 Parau-
561 5464 587 5508 ro
597 5464 722 5518 etseq-8
737 5464 820 5509 Facun.
835 5466 851 5509 t.
865 5464 900 5516 tlt,
911 5476 930 5507 c.
943 5465 1027 5509 ra-tl
1043 5465 1089 5509 sa.
1099 5465 1123 5511 tn
1135 5476 1170 5521 ep.
1181 5466 1280 5517 mann,
