4072 6164
555 306 607 367 hu
627 304 927 380 INGARNATIONE,
948 306 1019 368 LIB.
1043 308 1104 382 IV,
1131 306 1215 370 GAP.
1237 310 1318 372 XVI.
1669 313 1728 374 aas

143 467 371 529 communicari
402 467 513 547 probat
539 469 623 529 idem
655 469 790 547 Cyrillus
812 487 851 529 ex
877 486 915 529 eo
966 473 1044 529 tum.
1068 471 1143 537 Quis
1166 479 1213 532 est
1235 491 1310 551 ergo
1323 474 1407 535 visits
1428 473 1463 534 iu
1487 474 1628 554 patibulo
1652 496 1727 556 pen·

142 557 227 635 quod
247 558 413 637 Apostolus
428 559 548 639 scripsit
564 559 585 619 ¹:
604 561 686 621 lesus
703 558 837 620 Christro
850 559 919 620 teri
963 561 1060 620 derel
1075 562 1144 640 quis
1163 571 1305 626 mortuus
1319 566 1386 625 est?
1401 567 1501 626 Homo
1513 585 1607 645 quem
1621 570 1729 631 indue-

142 654 172 707 et
186 646 286 726 hodic,
307 651 367 730 apso
381 658 408 711 et
424 652 458 712 in
477 651 594 712 taenia.
613 652 700 713 Unde
714 652 808 711 etiam
827 657 916 713 aeter-
963 658 1021 723 rat,
1036 659 1067 713 et
1080 671 1184 714 seorim
1198 656 1264 735 ipse
1279 658 1431 735 portabat.
1450 659 1632 720 Incredibile
1647 661 1730 722 dictu

142 738 315 819 nitasipsa,
336 760 406 821 quae
424 743 608 823 [locutique
624 743 770 822 simplex,
787 742 917 804 etabso
963 749 1029 815 est,
1056 750 1087 805 et
1109 747 1195 807 caecis
1220 748 1457 810 obscuritatibus
1483 751 1668 815 involutum.
1697 754 1730 813 Si

142 829 230 907 luta,
250 834 349 912 magis
365 834 594 911 quodammodo
608 836 732 914 proprie
751 836 914 910 convenit,
963 835 1039 895 velis
1052 854 1117 896 uon
1131 856 1246 899 cneum
1261 848 1324 914 est,
1338 854 1368 902 et
1382 843 1575 904 similitudini
1590 845 1731 924 proxime

26 958 33 972 ·
142 919 361 986 inhumanam
371 926 555 1006 intelligitur
567 926 669 988 refusa
683 932 839 988 naturum.
849 928 916 1001 Quo
964 929 1179 991 consututum.
1191 931 1223 992 Si
1234 950 1297 1010 quo
1311 940 1450 1013 tempore
1465 935 1582 1014 Sibylla
1592 952 1731 1017 praesaga

141 1013 199 1076 illa
211 1016 386 1094 pertinent,
401 1036 472 1097 qna
486 1019 622 1079 Christus
638 1019 676 1080 de
691 1034 722 1079 se
734 1019 801 1099 ipso
820 1020 914 1100 proti-
963 1019 1087 1079 oracula
1098 1019 1148 1080 illa
1158 1022 1344 1102 depromens
1352 1025 1511 1103 fundebat,
1521 1027 1563 1095 ri,
1575 1034 1610 1089 ut
1618 1029 1729 1105 dicitis,

141 1108 239 1183 tetur,
256 1107 421 1190 Antequam
436 1108 587 1171 Abraham
612 1109 708 1190 fieret,
733 1129 785 1192 epo
806 1130 869 1171 snm
880 1109 913 1170 ²:
964 1109 1114 1188 Apollinis
1127 1113 1235 1191 plena,
1253 1115 1293 1175 ab
1311 1116 1414 1195 impiis
1432 1125 1511 1178 esset
1524 1137 1622 1196 cusa,
1638 1127 1731 1199 atque

141 1199 193 1275 Et,
212 1198 355 1276 clarifica
368 1220 423 1277 me,
440 1206 485 1277 tu,
498 1201 602 1277 Pater,
625 1201 707 1283 opud
721 1203 914 1283 temetipsum,
963 1199 1150 1282 interempta
1162 1204 1344 1276 latronibus,
1362 1210 1514 1288 numquid
1528 1212 1639 1290 Apollo
1653 1214 1732 1275 dice·

141 1289 295 1369 ctoritate,
308 1311 395 1373 qaam
410 1291 502 1353 babai
513 1294 688 1375 prinsquam
701 1293 914 1368 scenderunt,
963 1298 1050 1353 retur
1064 1293 1097 1354 iu
1112 1312 1148 1356 es
1161 1314 1226 1357 esse
1236 1299 1371 1359 occisast
1386 1305 1442 1360 etc.
1465 1302 1547 1361 Mors
1559 1302 1621 1377 illa,
1636 1322 1731 1383 quam

143 1383 292 1461 apndte³.
307 1386 444 1446 Necnon
456 1386 540 1465 quod
553 1386 650 1445 iudas
661 1386 825 1465 Apostolus
838 1385 914 1464 aitt,
964 1383 1075 1459 dicitis,
1103 1389 1253 1466 assumpti
1275 1391 1410 1452 hominis
1436 1392 1505 1465 luit,
1527 1412 1591 1453 uon
1615 1382 1727 1475 ipsius:

138 1474 244 1537 lesam
264 1476 407 1558 papulam
427 1475 462 1537 rie
482 1485 565 1538 terro
583 1476 725 1558 AEgypti
742 1478 912 1553 salvantem,
963 1477 1153 1555 gestaminis,
1179 1497 1243 1541 nou
1267 1484 1424 1561 gestantis.
1446 1505 1461 1541 u
1487 1485 1537 1546 Sic
1563 1486 1648 1548 enlm
1672 1488 1730 1549 viri

141 1566 269 1630 nardo
283 1587 328 1630 cos
338 1569 394 1649 qui
402 1586 463 1629 noo
472 1568 660 1630 crediderunt
671 1568 840 1650 pentadius.
962 1568 1137 1630 doctireote
1146 1570 1313 1645 legendnm
1325 1575 1523 1637 adnotarunt.
1533 1579 1574 1637 At
1581 1579 1637 1639 ista
1646 1581 1732 1641 Pauli

183 1660 270 1719 XVI.
281 1660 421 1721 Indidem
437 1676 562 1741 quoqne
574 1661 621 1734 fit,
631 1666 675 1736 ut,
686 1662 768 1740 quod
779 1662 915 1723 ioannes
964 1661 1158 1723 samosateni
1172 1666 1458 1745 septemnarium,
1472 1671 1613 1748 queuis
1626 1671 1732 1752 postca

142 1750 355 1813 Damascenns
365 1752 510 1829 aftirmat,
531 1753 658 1815 «dicere
670 1754 842 1834 possimus:
859 1754 915 1815 Hic
962 1753 1104 1816 Nestorii.

139 1842 240 1905 homo
256 1843 411 1905 increatus
431 1850 488 1923 est,
503 1858 535 1906 et
547 1846 744 1923 impetibilis,
765 1850 796 1906 et
815 1845 913 1906 incir-

140 1936 351 2016 cumscriptus
363 1944 389 2012 ⁶,
409 1957 425 1994 n
445 1942 501 1997 otc.
526 1938 607 2001 'ium
626 1938 738 2015 ctiam,
768 1936 914 1999 «Altissl-

139 2045 249 2104 mns,n
264 2028 311 2089 uti
320 2028 456 2107 disputat
467 2029 631 2093 Facundus
644 2029 677 2090 iu
690 2029 793 2110 primo
807 2027 912 2089 libro⁸.

145 2119 280 2193 «tutan,
304 2120 405 2199 lnquit
427 2119 629 2196 mannaan,
645 2122 711 2183 nso
732 2119 910 2193 sublimius,
1142 2090 1366 2181 CAPUT
1420 2096 1546 2182 XVI.

141 2210 226 2272 nibil
247 2211 339 2273 vilius
353 2212 429 2273 limo
444 2232 452 2273 ι
468 2218 618 2274 ettamen
631 2219 718 2274 unta
732 2212 914 2291 dignatione

140 2305 227 2364 Deris
239 2304 396 2365 deseendit
410 2304 444 2367 in
457 2305 583 2377 limum,
605 2310 753 2384 tantaque
765 2305 914 2382 dIgnitate

140 2395 239 2456 umus
252 2396 388 2457 asendit
402 2398 442 2457 ad
456 2396 569 2473 Deum,
591 2402 627 2456 nt
646 2396 797 2476 quidquid
821 2397 856 2457 iu
875 2415 913 2458 eo
964 2394 1154 2476 Coltipnntnr
1173 2413 1211 2455 en
1228 2396 1357 2475 antiquis
1375 2397 1516 2458 Patribus
1532 2398 1641 2479 repnte
1657 2397 1729 2459 duo·

140 2488 228 2549 Deras
239 2488 325 2561 iecit,
350 2488 444 2549 limus
465 2488 570 2550 iecisse
588 2489 746 2565 credetnr;
762 2489 913 2568 quidquid
1001 2487 1093 2557 decim
1108 2487 1327 2548 dominacionis
1338 2490 1574 2569 proprietatnm:
1586 2509 1652 2570 qna
1666 2490 1729 2569 gna

138 2578 239 2640 limus
252 2580 483 2659 partulit,Deus
496 2581 529 2641 iu
539 2581 591 2641 illo
605 2581 767 2660 pertulisse
780 2581 910 2655 dicatur,
1001 2597 1108 2648 amm.
1135 2598 1170 2640 ac
1192 2579 1252 2640 nim
1274 2579 1478 2662 rationesque
1504 2587 1666 2659 mulcent,
1695 2601 1729 2643 ar

138 2672 485 2752 tamiuotlahili‚qnam
501 2672 803 2752 incomprehensibili
812 2689 913 2732 sacra-
1001 2670 1149 2751 dirigunt.

138 2766 262 2825 mento.
278 2785 294 2821 s
316 2786 328 2820 ι
345 2764 443 2825 Nemo
454 2764 559 2842 itaque
575 2762 620 2844 (ut
633 2764 773 2841 Capreoli
787 2763 913 2824 Cartha·

138 2854 281 2933 mensis
294 2855 493 2931 verbishnuc
505 2852 804 2935 locumabsolvam⁷l
821 2853 913 2915 sacri·
1001 2856 1023 2915 l.
1048 2853 1124 2927 Quid
1147 2855 1186 2914 sit
1204 2858 1313 2915 mutata
1333 2854 1569 2915 communicatio
1590 2857 1727 2937 proprie·
1784 2886 1873 2942 aguis

139 2946 215 3025 lego
236 2946 346 3028 spiritu
377 2946 489 3008 audeat
512 2965 664 3026 separare,
684 2946 767 3026 quod
782 2944 913 3006 videtin
961 2950 1073 3020 tatum,
1087 2963 1123 3006 so
1136 2945 1409 3024 qiribusexcausis
1423 2945 1551 3020 oriatur,
1567 2947 1726 3028 hucusque
1756 2940 1899 3035 scoppan-

140 3038 266 3101 eoeloet
279 3039 493 3101 terrounitatc
506 3038 704 3117 insoporabili
717 3054 910 3117 permanere.
961 3036 1116 3098 diximus:
1136 3042 1207 3098 tum
1226 3055 1319 3097 usum
1337 3037 1464 3117 insuper
1478 3038 1561 3098 illins
1586 3045 1727 3102 veterum
1751 3043 1888 3094 inausum.

143 3130 236 3192 Sicut
254 3130 340 3192 euim
364 3129 403 3190 ab
428 3130 652 3209 omnipotentia
675 3129 796 3190 deitatis
818 3129 913 3188 homo
962 3147 1001 3190 ex
1014 3128 1232 3206 theologorum
1243 3127 1341 3200 deus,
1356 3147 1391 3189 uc
1403 3130 1566 3190 sententiis
1579 3133 1729 3211 approba·

142 3222 289 3283 Christus
302 3224 393 3284 Iesus
406 3240 470 3283 esse
484 3240 549 3282 non
564 3226 664 3301 potest
675 3219 813 3282 alienus:
831 3222 914 3280 itaet
961 3221 1074 3281 vimus.
1111 3221 1200 3280 Nune
1229 3238 1268 3280 ex
1308 3220 1491 3280 eorumdem
1529 3223 1728 3301 oudquorum

143 3312 187 3373 ab
200 3314 259 3389 his,
275 3332 345 3394 quae
359 3315 392 3374 iu
406 3314 581 3389 hominem,
599 3313 649 3374 vel
662 3315 741 3374 eirea
753 3312 913 3372 homiuem
962 3312 1092 3374 decretis
1101 3311 1584 3390 certasosutionessehgemus,ac
1594 3317 1727 3395 regulas,

142 3411 233 3485 gesta
246 3413 335 3473 suut.
352 3407 489 3485 separari
509 3424 573 3466 uon
587 3410 688 3486 potest
701 3407 793 3466 Itens.
818 3405 914 3465 Notus
961 3404 1001 3464 ad
1015 3422 1091 3483 quas
1103 3402 1332 3465 communionis
1345 3403 1429 3463 illius
1441 3402 1603 3482 exigenda,
1617 3412 1648 3467 et
1661 3424 1728 3467 mo-

142 3503 195 3559 est
207 3515 280 3578 ergo
293 3499 389 3560 homo
403 3499 458 3578 qui
471 3498 611 3559 nondum
626 3498 737 3566 morat,
754 3497 828 3576 quia
840 3496 915 3557 Ver·
964 3495 1100 3557 deranda
1108 3494 1247 3555 tractatio
1261 3500 1316 3555 est.

143 3590 224 3652 burn
238 3608 309 3652 caro
322 3591 438 3652 factum
451 3599 507 3658 est,
524 3589 751 3651 etlehabitarit
764 3590 798 3649 in
811 3587 912 3648 nohis.
1004 3588 1309 3648 Harumcautionum
1324 3586 1458 3665 primam
1469 3588 1731 3669 nobisexcyn'llo
1767 3629 1888 3685 „nm

144 3681 249 3745 Simili
264 3683 356 3744 modo
370 3700 477 3762 passus
490 3686 535 3742 est
549 3680 744 3761 impassibilis
759 3679 916 3758 perpassi—
964 3679 1186 3753 conficiemus,
1224 3679 1278 3758 qui
1313 3679 1515 3757 proprietates
1547 3685 1731 3743 naturarum

143 3773 256 3852 bilant,
268 3790 361 3854 quem
376 3774 519 3853 suscepit,
534 3780 564 3834 et
577 3771 761 3834 Immortalis
773 3776 916 3831 mortuiis
964 3771 1111 3845 duorum,
1122 3778 1269 3832 eteorum
1284 3771 1400 3831 indices
1411 3786 1502 3832 voces
1516 3772 1623 3849 partiri
1636 3779 1730 3849 vetat,

144 3870 212 3941 ests
235 3871 267 3928 et
291 3868 344 3946 qui
370 3882 534 3945 nunqnam
559 3866 712 3941 urentur,
735 3862 913 3924 resurrexit.
965 3864 1039 3925 etin
1052 3864 1138 3930 dnos,
1152 3863 1240 3941 qrrasi
1254 3863 1432 3942 disjunctos,
1448 3865 1733 3942 acseparstosdivi-

147 3958 256 4035 Neque
265 3957 350 4019 enlm
362 3957 411 4018 val
424 3958 457 4018 iu
471 3957 612 4037 passione
627 3956 724 4018 defuit
736 3956 781 4021 illi
794 3953 917 4015 homini
966 3956 1058 4017 ders:
1076 3955 1128 4015 sed
1143 3954 1197 4013 uni
1213 3958 1245 4013 et
1257 3953 1341 4014 idem
1355 3953 1523 4014 attribuere
1538 3953 1645 4032 jubet,
1662 3974 1733 4037 pen

146 4052 248 4124 Deus,
263 4049 401 4130 ahoquin
412 4064 478 4110 uon
490 4055 536 4110 est
548 4047 809 4127 dominusglorin
822 4046 919 4107 unci·
967 4062 1051 4108 sonte
1065 4045 1190 4119 scilicet,
1206 4045 1255 4105 vn
1269 4044 1438 4125 hypostasi.
1454 4046 1523 4105 Huc
1531 4052 1647 4124 spectat
1659 4066 1734 4108 aua-

146 4142 272 4203 uxos.»
965 4137 1180 4200 thematismus
1201 4136 1282 4197 illius
1296 4142 1434 4216 qumtus,
1451 4143 1483 4197 et
1496 4137 1562 4215 ejus
1582 4138 1733 4218 interpre-

60 4291 66 4301 ,
189 4233 338 4295 Nondum
350 4233 418 4295 haec
431 4252 544 4295 arcana
558 4232 696 4313 capiebat
716 4232 871 4295 Aruobius
884 4232 917 4292 ia
966 4232 1064 4305 tatio;
1109 4235 1177 4289 tum
1219 4246 1293 4289 vero
1335 4229 1543 4307 propugnatio
1590 4231 1735 4292 adversus

2 4320 3 4331 ’
145 4324 229 4385 libro
243 4325 345 4404 primo
357 4332 458 4386 contra
468 4331 574 4407 genten
590 4323 715 4404 qnmdo
729 4323 918 4384 Christianos
969 4320 1158 4393 Orientales,
1179 4324 1211 4380 et
1231 4319 1291 4380 alia
1308 4319 1447 4397 ejusdem
1465 4319 1533 4380 loca
1556 4319 1733 4400 pleraqne⁸.

148 4416 352 4478 illudentibus
373 4416 521 4493 ethnicis,
537 4416 620 4496 quod
638 4436 654 4473 a
670 4415 808 4476 Christus
830 4432 918 4476 more
968 4415 1086 4474 Verum
1108 4411 1418 4472 animadvertendum
1440 4419 1502 4487 est,
1526 4412 1610 4489 quod
1628 4412 1689 4474 illis
1704 4414 1736 4474 in

148 4507 289 4570 hominis
315 4513 361 4568 est
383 4508 602 4587 interemptus,
630 4528 644 4564 n
662 4508 707 4567 lta
728 4506 916 4586 respondet:
967 4504 1042 4566 locis
1055 4504 1208 4575 observat,
1217 4502 1330 4581 triplex
1339 4519 1450 4563 vocum
1462 4519 1561 4580 genus
1576 4520 1651 4580 esse,
1667 4524 1737 4584 quse

152 4602 247 4662 citou
261 4598 342 4679 ipsa3
353 4616 454 4679 neque
468 4600 553 4659 enim
564 4598 674 4659 cadere
686 4597 807 4658 divinas
821 4597 855 4657 in
869 4614 918 4657 res
969 4597 1007 4657 de
1020 4597 1139 4657 Ghnsto
1154 4590 1285 4655 Domino
1295 4593 1440 4654 dicantur
1454 4593 1487 4653 in
1498 4594 1674 4674 scripturn,
1690 4597 1739 4657 vel

148 4696 252 4772 potest
266 4690 374 4752 mortis
389 4706 512 4751 arcanis
527 4706 535 4750 τ
551 4704 609 4751 neo
621 4689 806 4750 munitionis
819 4688 917 4748 disso-
971 4688 1115 4749 asanetis
1124 4682 1279 4746 Patribus.
1289 4686 1367 4745 Aliae
1377 4690 1450 4746 suut
1462 4694 1613 4767 οεοπρειεϊς,
1623 4688 1683 4749 hoc
1695 4694 1741 4749 est

148 4784 269 4845 latione
283 4782 377 4844 dllabl
390 4778 422 4843 id
436 4783 519 4863 quod
534 4786 580 4843 cst
600 4796 701 4843 unum
721 4786 753 4842 et
771 4776 917 4860 simplex,
970 4776 1027 4839 soli
1045 4772 1199 4840 divinitati
1221 4782 1447 4856 congruentes:
1474 4784 1509 4837 ut
1523 4777 1606 4840 hae:
1625 4774 1693 4859 Epo
1708 4779 1738 4839 in

149 4890 209 4938 neo
221 4868 357 4936 ullarum
370 4870 507 4955 partium
525 4873 765 4953 congregatione
779 4889 919 4952 compac-
973 4864 1071 4945 Pone,
1085 4876 1112 4929 et
1124 4868 1216 4930 Pater
1226 4868 1260 4928 in
1269 4886 1315 4929 nne
1328 4870 1369 4930 est
1376 4867 1399 4928 ⁹.
1423 4866 1500 4931 item
1511 4889 1518 4929 :
1529 4868 1596 4951 Ego
1609 4877 1637 4930 et
1648 4870 1739 4931 Pater

186 5087 209 5127 a
228 5071 298 5128 Diu.
328 5069 375 5126 lib.
391 5066 442 5134 tlt,
467 5084 527 5140 cap.
552 5083 591 5124 tv.
614 5065 683 5120 lect
706 5071 779 5121 τοῦτο
804 5065 925 5137 δυνάμεθα
974 5058 1049 5118 εἰπεῖν
1063 5060 1102 5116 tat
1126 5062 1243 5133 Χριστοῦ·
1258 5059 1299 5114 nal
1326 5064 1340 5114 ὁ
1368 5062 1493 5134 ἅνθρωπος
1515 5055 1603 5134 οὗτος,
1629 5061 1742 5124 &noste

974 5144 1025 5200 lert
1036 5165 1043 5201 2
1058 5146 1097 5199 sal
1110 5140 1212 5213 cimbis,
1221 5146 1263 5198 nal
1277 5143 1465 5217 ἄπιρίγραιιτος.

177 5315 188 5360 I
204 5316 269 5360 lictu
282 5278 336 5363 ιιιι,
346 5312 397 5357 8.-
411 5311 426 5354 1
437 5313 558 5360 11111111,
572 5309 660 5353 ur.-s
673 5310 735 5354 toan.
754 5317 795 5359 ιιι,
806 5308 877 5353 liet
888 5309 937 5352 1111.
949 5318 999 5352 ι.-
1009 5307 1023 5352 s
1034 5307 1086 5362 Cap.
1098 5319 1157 5351 ιι.-
1167 5306 1181 5350 o
1192 5306 1257 5350 Bora.
1270 5317 1312 5350 scr.
1322 5317 1346 5351 ιιι
1357 5307 1383 5350 dc
1397 5309 1443 5360 Via.
1456 5308 1551 5351 tint-7
1565 5308 1628 5363 capr.
1642 5307 1743 5353 Carthlu

152 5379 231 5433 opaea
240 5378 339 5430 haam·
355 5372 369 5417 8
383 5374 408 5417 la
420 5373 485 5429 epln.
494 5383 511 5415 n
520 5372 549 5416 act
559 5373 643 5418 linter.
655 5373 719 5426 epist.
731 5370 760 5413 aa
773 5372 823 5415 Aca.
836 5376 900 5425 parts
927 5369 1175 5423 transcensionem.
1189 5368 1228 5412 lib.
1241 5368 1280 5412 111
1291 5373 1313 5411 ct
1324 5367 1370 5414 1111
1385 5370 1412 5413 tn
1424 5372 1487 5414 toan.
1502 5368 1522 5413 ll
1540 5374 1599 5415 cant
1613 5370 1698 5415 Nuton
1715 5387 1742 5404 -·

151 5441 241 5486 1111111.
253 5448 299 5491 siv,
311 5436 345 5481 lo.
