4136 6178
301 260 341 319 28
795 260 1135 323 -THEOLOGICORUM
1158 260 1375 323 DOGMATUM

300 444 364 505 quo
379 425 506 487 morbus
519 426 586 505 ipse
609 426 752 507 proxime
766 426 940 507 depellitur.
958 427 1010 488 Sic
1030 427 1070 488 ad
1120 428 1220 506 gratia
1232 425 1451 488 misericordiae
1467 424 1533 501 Dei,
1548 443 1564 483 ι
1582 428 1640 485 ιιι.
1654 421 1693 483 ut
1712 421 1747 481 in
1759 419 1840 480 libro
1854 419 1892 480 de

300 518 478 579 animorum
490 519 682 581 sanationem
702 519 816 599 duplex
830 539 849 580 a
862 520 928 581 Deo
950 520 1072 581 medela
1119 519 1228 600 spirita
1252 523 1282 580 et
1308 516 1418 592 littero,
1447 516 1547 596 capite
1573 531 1673 576 xxrrv.
1699 514 1888 587 oVisorum,

300 615 479 689 comparata
502 616 650 672 astruam
668 611 771 687 rudis,
786 617 817 673 ιι
831 611 985 689 inchoata,
1001 629 1071 691 quae
1119 611 1233 691 inquit,
1251 609 1447 671 suasionibus
1468 609 1533 687 agit
1551 608 1631 668 Deus
1644 612 1681 667 ut
1691 604 1834 679 velimus,
1860 608 1892 663 ιι

300 701 443 764 nondum
456 702 573 782 peccati
586 702 691 764 labem
702 702 878 779 abstergere
892 704 1003 782 potest,
1019 701 1072 763 sed
1120 708 1156 763 ut
1169 703 1340 774 credamus,
1356 701 1420 763 sive
1442 699 1632 762 extrinsecus
1654 714 1710 778 per
1730 694 1890 774 Evangeli-

301 797 372 853 aute
386 798 551 874 preparat,
565 800 596 856 et
619 795 782 856 obstinatae
806 794 918 856 mentis
936 795 1072 875 rigorem
1121 793 1428 867 caserbortationes3
1448 792 1503 854 ubi
1516 795 1548 852 ιι
1567 790 1715 853 mandata
1737 787 1813 867 legis
1834 786 1890 847 ali·

301 884 479 963 pramollit,
493 903 529 945 ac
542 885 625 947 viam
651 887 832 965 aditumque
851 886 924 949 iacit
943 886 982 947 ad
995 886 1073 947 inse·
1121 887 1196 967 quid
1218 891 1328 967 agunt,
1341 885 1368 946 si
1394 883 1434 945 ad
1457 885 1517 945 hoc
1540 882 1711 943 admonent
1729 879 1892 940 hominem

302 981 450 1053 quentem
476 976 620 1055 gratiam.
650 978 738 1039 Hanc
761 978 895 1059 primam
930 976 1072 1039 curleium
1121 978 1309 1040 infirmitatis
1324 995 1399 1051 suae,
1415 976 1503 1038 atad
1524 973 1655 1054 gratiam
1671 971 1892 1052 justificantem

307 1068 437 1146 Prosper
447 1069 590 1129 nominat
602 1069 646 1130 ita
654 1067 812 1131 scribens¹
831 1090 838 1130 :
855 1090 867 1127 ι
884 1070 978 1130 Amat
999 1087 1072 1150 ergo
1121 1070 1275 1133 credendo
1304 1068 1461 1146 confugiat
1491 1088 1498 1126 ε
1525 1065 1588 1127 sive
1609 1064 1813 1139 intrinsecas,
1835 1060 1892 1123 ubi

304 1159 470 1238 languores
492 1177 575 1236 suos,
592 1165 621 1222 et
634 1174 692 1242 pro
714 1162 846 1223 sanitate
868 1161 973 1222 babet.
989 1162 1073 1241 quod
1121 1180 1215 1227 uerno
1239 1162 1333 1223 babet
1354 1161 1388 1221 iu
1401 1163 1562 1240 potestate,
1582 1157 1657 1237 quid
1686 1157 1716 1217 ei
1741 1155 1892 1217 reniatin

302 1257 453 1329 egrotare
465 1270 497 1314 ιι
510 1252 618 1330 nesab,
641 1252 739 1315 donec
756 1254 858 1334 prima
871 1254 938 1315 haec
953 1254 1073 1315 medela
1122 1248 1748 1331 mentemzsedconsentireffeldissentire
1758 1247 1892 1327 propria

302 1341 478 1404 conferatur
511 1350 639 1423 egroto,
668 1352 704 1406 ut
723 1345 851 1427 incipiat
872 1362 963 1406 nosse
989 1345 1074 1425 quod
1121 1345 1289 1408 voluntatis
1302 1350 1359 1407 est.
1375 1366 1390 1405 ι
1408 1342 1552 1423 dgithac
1571 1340 1610 1402 de
1623 1357 1658 1401 re
1671 1339 1813 1419 pluribus
1828 1337 1894 1398 Tri-

301 1434 458 1513 langueet,
475 1440 506 1496 ιι
519 1436 616 1515 possit
629 1454 721 1517 opem
748 1436 861 1499 medici
887 1436 1071 1513 desiderare,
1122 1439 1286 1501 dontinum
1314 1436 1481 1513 concilium
1500 1434 1534 1495 in
1561 1437 1648 1495 sexta
1659 1428 1825 1507 sessione⁸,
1838 1428 1894 1490 ubi

302 1544 365 1605 qua
386 1532 534 1606 surgat.»
561 1528 666 1588 Altera
693 1534 739 1589 ιιι
760 1529 926 1605 medicina,
953 1548 1015 1609 qua
1042 1536 1073 1592 ct
1121 1532 1160 1593 de
1169 1530 1401 1610 J'ustificationa,
1416 1528 1448 1589 id
1472 1531 1518 1589 ιιι
1537 1524 1753 1606 progressione
1770 1523 1812 1585 ad
1828 1521 1893 1600 jus·

303 1624 463 1697 peccatum
476 1619 684 1699 propulsatur,
700 1628 731 1680 et
746 1620 865 1699 justitia
887 1621 1069 1692 restituitur,
1120 1625 1232 1702 titiam,
1247 1630 1279 1685 et
1292 1621 1484 1683 sanctitatem
1502 1618 1633 1680 disserit.

304 1710 423 1771 Harum
447 1710 543 1790 prior,
558 1712 659 1792 pratia
669 1711 864 1793 ριιυιιιίιι,
886 1718 918 1774 ιι
943 1714 1074 1775 ercitum
1161 1717 1216 1779 tx.
1234 1714 1340 1777 Iubao
1354 1713 1451 1793 igitur
1464 1710 1627 1773 affectione
1641 1707 1740 1769 animi
1751 1724 1787 1768 ac
1800 1710 1892 1781 statu,

303 1801 397 1880 vulgo
411 1801 543 1863 dicltur:
557 1805 719 1883 posterior,
747 1804 849 1885 pratia
872 1805 1070 1887 sanctificans,
1121 1826 1185 1888 quo
1203 1807 1343 1870 nondum
1358 1804 1492 1886 perfecte
1511 1801 1664 1882 justitiam
1691 1805 1738 1861 est
1763 1798 1894 1877 adeptus
2011 1856 2014 1859 .

304 1891 524 1974 etjustificons,
540 1895 603 1957 sive
617 1894 766 1956 auritium
784 1896 1072 1979 protioejastisicoa·
1121 1901 1227 1979 bomo,
1242 1899 1341 1960 haeret
1365 1897 1466 1958 adhuc
1494 1895 1528 1955 in
1550 1898 1687 1974 peccato,
1703 1909 1739 1954 ac
1765 1889 1894 1950 damna-

303 1984 352 2054 tis,
369 2005 431 2065 quo
446 1987 612 2067 peccatoris
630 1986 753 2048 animus
766 1988 805 2049 ad
825 1990 928 2051 Deum
945 1990 1073 2051 omnino
1120 1993 1216 2065 tione,
1241 1990 1376 2052 necdum
1399 1987 1491 2069 plene
1514 2003 1587 2048 cum
1614 1986 1676 2046 Deo
1697 1983 1731 2043 in
1762 1981 1895 2061 gratim

305 2079 505 2154 convertitur,
535 2086 567 2141 ιι
586 2098 625 2142 ιι
649 2087 808 2160 peccatore
842 2081 878 2143 fit
904 2082 1008 2161 justus
1042 2088 1073 2144 et
1122 2085 1237 2146 rediit:
1259 2082 1313 2143 sed
1327 2081 1367 2142 ad
1391 2098 1461 2143 eam
1484 2077 1635 2159 paulatim
1657 2075 1830 2146 adducitur,
1859 2092 1896 2135 ac

305 2172 438 2228 sauctus.
1123 2175 1308 2256 disponitur.
1323 2174 1421 2247 Nemo
1443 2177 1550 2233 tamen
1562 2169 1658 2230 istum
1668 2168 1784 2248 ipsum,
1800 2183 1895 2246 quern

345 2259 431 2320 VIll.
448 2260 737 2341 Jaminsuperiore
754 2279 920 2341 corporum
942 2262 1072 2337 medela,
1123 2270 1209 2346 diri,
1238 2265 1455 2340 damnationis,
1482 2268 1514 2324 ιι
1535 2260 1705 2323 inimicitiae
1732 2276 1806 2320 cum
1828 2258 1896 2319 Deo

305 2349 361 2427 qui
371 2351 513 2413 nondum
527 2371 546 2413 a
559 2352 669 2413 morbo
682 2353 830 2414 liberatus
843 2358 903 2423 est,
924 2359 956 2415 et
968 2355 1002 2415 iu
1014 2354 1077 2434 pri·
1123 2366 1249 2433 statum,
1265 2357 1442 2438 primordiis
1461 2355 1522 2416 illis
1544 2351 1725 2425 sanationis,
1740 2355 1771 2413 et
1785 2348 1896 2429 justifi-

305 2441 366 2502 mis
377 2445 624 2505 versaturadhuc
637 2445 804 2507 curationis
816 2445 922 2523 initiis,
934 2445 1075 2507 nondum
1124 2452 1254 2514 eudonis
1267 2452 1434 2529 imputare,
1461 2446 1520 2507 nisi
1543 2444 1669 2521 stolide,
1684 2461 1721 2504 ac
1747 2442 1895 2521 sacnlege

305 2534 357 2596 ille
372 2536 498 2616 quidem
510 2555 602 2598 sanus
617 2543 673 2613 est,
689 2538 743 2598 sed
761 2556 827 2598 non
839 2537 977 2617 hocipso
995 2539 1075 2600 male
1123 2550 1235 2624 potest.
1251 2542 1412 2621 Siquidem
1436 2543 1544 2601 ιιιιιι
1557 2541 1680 2615 peecata
1699 2534 1817 2596 faciunt
1842 2533 1896 2594 illa

305 2646 377 2688 cum
403 2646 440 2689 eo
465 2629 579 2709 agitur,
600 2630 684 2709 quod
711 2629 826 2706 curari,
854 2648 890 2691 ac
912 2631 1075 2692 ιιιιιιιιιι
1124 2637 1209 2717 quod
1223 2638 1369 2716 possuut;
1383 2651 1420 2694 ac
1439 2649 1496 2711 pro
1514 2629 1642 2692 modulo
1657 2646 1713 2688 suo
1726 2627 1848 2703 ιιιιιιι,
1864 2629 1896 2686 ιι

303 2736 483 2801 ιθςῠιθιιιθ
495 2720 615 2801 incipit,
631 2724 687 2783 etsi
701 2721 843 2782 nondum
864 2722 930 2801 ejus
950 2739 1075 2803 compos
1123 2728 1273 2808 collapsos
1281 2725 1406 2804 erigunt
1418 2724 1455 2784 ad
1467 2722 1548 2784 bene
1562 2722 1600 2782 de
1614 2722 1677 2781 Deo
1691 2718 1893 2800 sperandum,

303 2817 350 2873 est
361 2811 460 2874 factus
476 2833 483 2874 ε
498 2832 556 2875 ιιι
568 2815 669 2892 prima
682 2814 736 2875 illa
749 2819 951 2890 tentamenta,
966 2819 997 2876 et
1011 2832 1074 2875 me·
1124 2821 1250 2899 ejusque
1264 2824 1334 2879 tum
1346 2813 1584 2895 implorandam,
1603 2819 1672 2875 tum
1684 2830 1759 2873 vero
1774 2827 1895 2892 prome-

303 2903 398 2966 dendi
411 2904 572 2985 principia,
590 2906 691 2968 morbi
705 2906 892 2967 accessiones
914 2925 990 2980 esse,
1003 2907 1074 2985 jure
1122 2912 1253 2974 rendam
1267 2909 1445 2971 uberiorem
1467 2924 1577 2985 opem,
1593 2911 1625 2967 et
1645 2905 1789 2984 ςιιιιιιι.
1805 2902 1893 2978 Quod

302 2995 413 3076 aliquis
444 2997 589 3059 dixerit:
617 3016 718 3078 neque
745 3004 860 3059 statum
881 2998 976 3059 istum
999 3001 1074 3077 agri
1122 3005 1248 3085 quidem
1260 3003 1340 3063 bene
1353 2999 1547 3080 Augustinus
1563 2996 1726 3078 explicavit
1750 2996 1786 3055 iu
1812 3000 1894 3055 trac·

303 3090 452 3167 corporis,
467 3090 570 3150 curari
586 3089 653 3170 jam
679 3090 865 3170 incipientis,
881 3090 1069 3164 morbidum,
1121 3102 1189 3158 tatu
1201 3094 1242 3157 ad
1253 3092 1407 3156 Psalmum
1419 3090 1724 3171 quinquagesimum.
1743 3088 1831 3162 «Est,
1847 3087 1895 3147 in-

301 3197 338 3240 ae
352 3180 559 3259 periculosum
573 3186 679 3262 putet3
708 3198 782 3243 cum
805 3187 892 3242 tanto
913 3182 1012 3261 magis
1033 3182 1072 3243 ad
1121 3189 1199 3268 quit,
1215 3186 1348 3267 Spiritus
1371 3183 1541 3245 sanctusin
1555 3181 1733 3243 confitente.
1756 3180 1827 3240 lam
1853 3177 1894 3239 ad

302 3273 465 3334 sanitatem
482 3274 723 3354 appropinquet,
748 3275 837 3354 cujus
860 3275 927 3354 jam
950 3274 979 3336 ei
1002 3293 1074 3355 pars
1122 3279 1241 3341 donum
1254 3278 1386 3358 Spiritus
1400 3274 1497 3337 sancti
1511 3273 1662 3353 ιιιιίιιι,
1677 3271 1752 3350 quia
1764 3269 1821 3331 tibi
1834 3270 1893 3332 dis·

301 3364 416 3443 aliqua,
442 3383 517 3426 cum
541 3366 638 3435 illius,
661 3367 745 3446 quod
769 3372 876 3444 restat,
892 3385 945 3447 spe
971 3365 1070 3443 bona,
1121 3372 1225 3452 plicet,
1236 3370 1319 3450 quod
1330 3368 1437 3429 fecisti.
1455 3365 1621 3426 Immundo
1633 3362 1756 3444 spiritui
1769 3368 1894 3443 peccata

301 3458 516 3537 repraesentari
530 3459 710 3538 coepit.Non
724 3459 829 3537 igitur,
845 3464 1070 3539 propiciante·
1121 3463 1259 3544 placent,
1295 3464 1400 3522 sancto
1433 3456 1604 3537 displicent.
1636 3453 1784 3522 Quamvis
1818 3471 1893 3534 ergo

301 3565 404 3626 grossa
431 3548 489 3609 ista
519 3549 735 3611 medicationis
761 3550 903 3625 exordia,
928 3550 1009 3611 male
1036 3569 1071 3611 ac
1122 3549 1709 3631 adhucveniamdepreoeris,tamenex
1722 3546 1891 3625 aliaparte,

301 3639 470 3719 periculose
484 3640 629 3703 affectum
649 3659 760 3721 corpus
782 3660 848 3704 esse
873 3648 1069 3722 perseverat3
1123 3666 1186 3729 qua
1199 3646 1256 3708 tibi
1274 3644 1414 3725 displicet
1435 3632 1573 3718 malum,
1587 3639 1672 3720 quod
1694 3637 1891 3715 commisisti,

301 3733 354 3794 sed
367 3738 495 3814 propter
516 3733 677 3813 antiquam
698 3735 919 3810 valetudinem,
934 3735 984 3797 cui
999 3753 1072 3815 pro-
1123 3740 1186 3802 [ιιι
1199 3735 1405 3816 conjungeris.
1417 3735 1483 3795 Ηιι
1500 3733 1587 3794 enim
1606 3737 1638 3795 ct
1658 3730 1716 3792 tibi
1742 3729 1891 3810 displicet,

301 3824 473 3904 pulsanda,
487 3844 524 3887 ac
534 3826 680 3887 sanandae
694 3826 817 3907 penitus
829 3826 931 3906 prima
945 3826 995 3889 illa
1009 3845 1072 3888 me·
1121 3831 1205 3912 quod
1219 3836 1250 3892 ιι
1262 3829 1319 3890 illi.
1334 3829 1406 3889 iam
1418 3826 1481 3887 duo
1495 3825 1568 3887 estis
1593 3823 1633 3885 ad
1653 3820 1893 3903 expugnandam

301 3915 487 3995 dicamenta,
502 3925 533 3979 ιι
546 3918 634 3998 quasi
648 3918 887 3998 praeparationes
910 3937 976 3980 uon
989 3919 1072 3982 suffi-
1121 3924 1240 3986 febrem
1256 3927 1359 3996 tuam,
1379 3927 1414 3980 tu
1442 3924 1473 3979 ιι
1495 3916 1644 3979 medicus.
1659 3941 1674 3969 ι
1693 3913 1808 3988 Quoia
1823 3914 1891 3976 loco

301 4008 398 4069 ciunt.
427 4009 477 4070 Sic
504 4027 576 4071 cum
598 4008 637 4069 ab
672 4010 794 4071 lethalis
828 4016 910 4071 statu
943 4013 1070 4091 peccati
1122 4015 1429 4091 [madidamque
1448 4028 1518 4072 sum
1542 4026 1617 4071 usus
1636 4025 1740 4087 supra,
1766 4006 1890 4083 medici,

301 4101 450 4161 transitus
475 4100 511 4162 fit
537 4100 761 4178 adjustitiam,
795 4120 865 4181 quar
889 4103 1071 4184 justificatio
1121 4127 1158 4170 ac
1181 4106 1283 4168 morbi
1310 4102 1531 4165 similiudinem
1554 4100 1664 4162 alludit
1691 4119 1698 4159 :
1727 4104 1796 4160 tum
1820 4103 1892 4160 ante

302 4191 424 4268 dicitur,
437 4192 473 4254 fit
483 4192 639 4272 quadam,
652 4194 870 4272 praevenientis
878 4212 937 4274 ope
950 4197 1070 4274 gratiae,
1122 4199 1237 4278 peccati
1250 4195 1476 4277 depulsionem,
1504 4192 1732 4273 perfectamque
1754 4190 1891 4252 reconci-

302 4283 469 4346 voluntatis
483 4285 662 4362 commotio,
677 4289 708 4345 ιι
722 4285 876 4347 inchoatio
899 4287 1070 4365 charitatis,
1121 4292 1303 4366 liationem,
1333 4287 1501 4350 nonnullas
1526 4284 1664 4365 agnoscit
1689 4281 1893 4362 impulsiones

302 4394 373 4457 quaa
387 4378 527 4438 nondum
547 4376 659 4438 sufficit
677 4377 717 4438 ad
730 4376 872 4454 ιιιιιιιι,
888 4379 1071 4460 perfectam·
1122 4384 1241 4463 gratiae,
1254 4388 1285 4443 ιι
1299 4380 1529 4461 opitulationes,
1544 4394 1615 4457 quae
1635 4373 1675 4436 ad
1700 4373 1890 4449 detestanda,

303 4486 364 4548 quc
378 4469 552 4530 sanitatem.
574 4471 619 4531 Da
633 4488 696 4548 qua
715 4470 863 4549 preclare
881 4471 1073 4551 Augustinus
1121 4483 1153 4539 et
1166 4473 1340 4537 confitenda
1363 4471 1475 4532 delicta
1496 4472 1672 4548 peccatores
1693 4466 1839 4541 incitant,
1861 4470 1891 4526 et

303 4559 341 4620 ad
367 4560 601 4640 Simplicienum
621 4561 664 4621 ita
684 4561 806 4622 scribit²
824 4582 831 4622 :
851 4564 985 4624 oSedin
998 4565 1072 4644 qui·
1122 4568 1161 4629 ad
1188 4567 1312 4629 veniam
1340 4562 1522 4626 eliciendam
1553 4559 1702 4621 validiore
1727 4557 1892 4638 impetrato

303 4651 435 4712 busdam
461 4656 548 4713 tante
568 4657 614 4713 ιιι
631 4652 731 4731 gratia
760 4652 843 4731 fidei,
870 4660 985 4735 quanta
1007 4674 1071 4717 non
1122 4658 1265 4740 praesidio
1278 4654 1386 4735 gratiae
1405 4652 1592 4733 provehunt.
1608 4652 1654 4712 Ex
1671 4650 1720 4711 his
1733 4647 1890 4725 omnibus,

303 4742 416 4803 sufficit
446 4743 486 4804 ad
519 4743 727 4805 obtinendum
752 4763 886 4824 regnum
911 4747 1070 4824 coelorum,
1122 4769 1193 4831 quae
1207 4768 1264 4829 pro
1289 4748 1432 4809 instituto
1458 4745 1581 4825 parcius
1605 4742 1768 4823 explicata,
1787 4741 1891 4821 copio-

303 4835 383 4895 siout
405 4835 438 4895 in
464 4835 737 4912 catechumenia»
767 4842 826 4899 etc.
857 4840 901 4899 Αι
928 4839 1070 4916 subinde,
1122 4844 1187 4904 sius
1213 4842 1273 4903 alio
1301 4841 1368 4902 loco
1400 4836 1669 4919 pertractabimus,
1701 4833 1892 4896 intellectum

308 4927 418 4987 stiunt
430 4943 503 5004 ergo
517 4927 728 4989 inchoationes
741 4930 886 5009 quaedam
898 4931 982 5009 fidei,
998 4952 1072 4994 cou-
1121 4936 1194 4997 sads
1206 4934 1351 5010 arbitror,
1367 4949 1437 5012 quae
1451 4931 1491 4990 sit
1504 4935 1626 5005 natura,
1639 4925 1812 4989 conditiore
1825 4943 1893 5005 gru·

304 5018 497 5099 captionibus
518 5019 633 5080 similas
650 5039 736 5081 :non
754 5027 860 5085 ιιῑιιι
873 5021 974 5084 solum
998 5042 1072 5089 con·
1122 5027 1186 5104 tia,
1201 5040 1232 5089 et
1244 5024 1353 5087 auxilii
1365 5024 1458 5099 illius,
1481 5021 1566 5102 quod
1578 5017 1767 5081 Testamenti
1779 5016 1892 5079 veteris

305 5110 376 5191 cipi,
398 5110 452 5172 sed
474 5110 568 5172 etiam
583 5111 667 5172 nasci
687 5131 765 5192 opus
785 5118 842 5190 est,
866 5120 902 5175 ut
915 5115 955 5176 ad
976 5116 1073 5179 vitam
1122 5119 1256 5181 alumnis
1282 5116 1468 5179 attributum
1481 5112 1686 5194 proprie,nec
1705 5115 1810 5171 tamen
1825 5109 1891 5170 sine

305 5203 503 5283 perveniatur
512 5206 662 5265 ιιιιιιι.
676 5205 758 5266 Nihil
766 5205 880 5269 horum
893 5211 1072 5273 tamensine
1124 5211 1237 5273 christi
1257 5209 1393 5288 meritis,
1418 5206 1511 5268 fuisse
1537 5203 1689 5280 diximus3
1717 5201 1893 5283 quibusque

335 5406 346 5450 ι
362 5405 422 5451 irai.
433 5419 453 5452 c.
464 5418 487 5452 rs
501 5409 583 5454 Gall.-
595 5409 611 5453 i
623 5410 680 5462 aar.
689 5407 697 5452 l
707 5409 737 5453 ot
746 5410 814 5465 simp.
825 5421 848 5467 q.
864 5411 944 5465 ιι,-ιι
957 5412 1010 5467 cap.
1020 5415 1041 5460 5.
