4136 6178
528 343 580 404 ue
597 338 697 403 aeae
716 334 766 403 m
786 334 942 420 ualuis,
965 334 1076 406 aleae
1098 338 1123 420 ι,
1146 335 1232 407 aar.
1255 344 1337 406 ιιι.
1686 334 1727 401 ιι

136 516 302 566 commune
329 519 402 568 eum
426 506 593 586 Pelagium
617 506 735 570 causat
756 514 811 569 aut
832 509 908 587 qiud
956 506 1401 591 rumexemplisdemoustrere
1416 503 1727 584 instituimus,quiah

136 595 316 657 hominihus
343 599 410 660 istla
430 600 535 675 lacius,
550 601 603 679 qul
625 600 738 660 telihus
763 600 908 661 maniciis
956 599 1118 662 hoaelieui
1131 604 1328 664 Testamenta
1351 603 1384 663 iu
1412 616 1530 663 novum
1550 600 1727 660 Testamen-

138 703 351 769 quosaumque
374 690 500 753 lihitum
512 698 558 753 est
570 708 733 773 aspergere
746 692 857 767 scient,
873 709 909 752 ec
957 698 1037 765 tum,
1053 712 1089 755 ac
1098 699 1212 755 statum
1227 697 1331 770 gratias
1345 694 1484 755 translati
1497 692 1629 753 luerent.

138 796 195 859 pro
218 779 412 859 Pelagiauls,
440 791 473 846 et
507 783 762 864 semipelagianis
792 776 913 845 temere'
999 785 1052 847 Vl.
1069 787 1261 847 Verumhtee
1274 792 1384 865 arguta
1397 785 1547 847 cavillatio
1560 782 1726 861 nihilprm·

138 871 323 934 traducunt?
341 877 480 949 Quarum
500 876 742 958 appellationum
764 876 845 952 alm,
873 892 910 936 aa
958 880 1007 938 ter
1019 877 1146 939 inanem
1159 894 1365 958 pompam,ac
1377 878 1511 958 speciem
1521 875 1726 952 hahet,atque

138 966 359 1045 proprietatem
373 968 451 1029 adeo
468 969 625 1041 nesciant,
641 974 695 1044 ut,
722 968 805 1047 quad
818 984 911 1046 supe-
958 969 1083 1031 invoeis
1098 970 1299 1048 ambiguitate
1318 968 1471 1032 latebram
1494 973 1605 1048 captat.
1623 965 1725 1044 Siqui-

138 1055 212 1117 riori
238 1058 342 1137 rapite
366 1060 614 1121 demonstratum
638 1065 701 1136 est,
725 1059 759 1120 in
784 1060 911 1136 illorum
959 1061 1029 1121 dem
1055 1061 1115 1122 hoc
1143 1062 1247 1141 ipsum
1274 1063 1358 1141 quod
1389 1060 1540 1135 dloimrrs,
1575 1057 1615 1120 ad
1647 1064 1726 1118 aetus

138 1147 248 1209 heresi
265 1155 334 1210 toto
346 1151 404 1230 ipsi
419 1168 548 1232 corpore
561 1152 752 1223 volutentur.
962 1151 1173 1215 Testamentum
1190 1155 1353 1233 pertinere,
1379 1155 1438 1230 vel,
1464 1153 1549 1232 quod
1570 1151 1653 1212 idem
1668 1158 1723 1223 est,
1818 1164 1820 1168 ’

178 1240 340 1320 Equidem,
352 1250 388 1303 ut
405 1244 444 1305 de
457 1260 508 1305 me
522 1245 718 1325 potissimum
731 1260 833 1322 agam,
847 1245 910 1305 dria
958 1244 1009 1304 sula
1024 1243 1086 1325 aaa
1099 1264 1166 1322 ease,
1180 1246 1302 1307 duobus
1323 1246 1423 1307 modis
1446 1245 1637 1323 intelligitur.
1659 1242 1725 1303 Pri-

137 1346 216 1407 sum,
231 1350 305 1413 quas
318 1335 417 1411 volui,
428 1354 467 1398 ex
478 1335 532 1398 illa
545 1337 839 1398 commemoratione
856 1353 910 1396 ve-
958 1350 1047 1397 mum
1060 1338 1208 1411 ahsolute‚
1225 1354 1260 1399 ae
1274 1336 1474 1419 simpliciter,
1488 1341 1523 1397 ιιι
1535 1336 1576 1396 sit
1586 1334 1648 1413 legi
1660 1351 1726 1394 esse

136 1430 238 1485 tarum
252 1433 436 1488 sanatorum
448 1434 704 1508 asserentesque
724 1428 911 1489 llrmaeanod
959 1427 1143 1506 subjeetum,
1158 1429 1208 1490 vel
1222 1436 1257 1490 ut
1276 1429 1440 1508 Apostolus
1461 1424 1628 1508 loquitur⁸,
1644 1423 1725 1485 debi-

137 1532 217 1584 mm.
228 1524 326 1597 atque
349 1520 443 1580 unius
456 1520 571 1581 horum
594 1519 795 1600 apologistae,
811 1520 910 1598 capita
960 1524 1050 1580 tuem
1063 1538 1118 1582 esse
1133 1521 1204 1602 lepis
1224 1520 1378 1601 facienda.
1396 1522 1436 1582 Et
1447 1521 1506 1581 hou
1518 1526 1564 1581 est
1577 1518 1617 1579 ad
1636 1528 1725 1578 men·

137 1609 264 1670 tetidem
293 1610 406 1673 erroris
429 1619 582 1681 evertunt.
599 1613 719 1674 Horum
741 1613 826 1692 prius
851 1618 908 1688 est,
959 1610 1030 1672 data
1039 1613 1187 1673 servanda
1196 1613 1383 1693 obligatione
1392 1613 1526 1693 quadem
1535 1610 1645 1685 teneri,
1656 1625 1726 1687 quse

138 1701 220 1780 quod
233 1720 275 1763 ex
290 1703 350 1764 iilis
366 1707 598 1784 cognoscimus,
614 1723 678 1766 uon
695 1704 827 1766 defuisse
840 1706 910 1765 Tes-
959 1721 998 1763 ex
1010 1709 1098 1783 paeto
1113 1705 1282 1782 ecfmdere,
1293 1705 1342 1766 ael
1357 1706 1397 1766 eh
1411 1701 1727 1783 unoquoqueviritim

139 1797 268 1855 umenti
293 1798 417 1864 veteris,
444 1814 480 1857 aa
503 1797 580 1876 legis
605 1794 747 1858 Mosaiaae
760 1796 909 1877 tempori·
959 1803 1110 1877 suscepto,
1125 1798 1175 1858 vel
1189 1797 1386 1877 amatoribus
1396 1797 1484 1865 initu,
1502 1814 1537 1856 aa
1547 1794 1726 1855 transmisso

138 1884 328 1949 huaauxilia
336 1888 458 1966 gratiu;
474 1888 674 1949 noneiterius
683 1888 801 1967 utique,
815 1904 910 1968 quam
959 1888 1103 1950 nascitur.
1134 1891 1221 1950 Hauc
1255 1891 1338 1950 enim
1363 1891 1427 1950 vim
1463 1886 1639 1949 Testamenti
1664 1902 1726 1945 uox

139 1978 253 2039 Christi
281 1988 379 2059 partae
406 1980 542 2057 meritis,
570 1985 601 2041 et
623 1996 773 2041 concessas
787 1998 793 2040 ι
809 1996 910 2059 neque
959 1979 1053 2041 hebet
1070 2002 1076 2042 :
1092 1982 1176 2061 qtaod
1189 1986 1220 2042 et
1241 1979 1337 2063 sarim
1360 1979 1540 2059 appellatur.
1568 1977 1602 2038 ld
1622 1982 1727 2037 autem

142 2090 157 2127 ι
171 2075 288 2130 ιιιιιιιιι
301 2072 405 2151 ipsum
424 2073 536 2132 veteris
557 2072 745 2133 Testamenti
770 2071 909 2152 figurati·
961 2074 1153 2135 devinetione
1163 2079 1274 2134 mutue
1286 2072 1506 2152 paciscentium
1514 2071 1596 2130 iuter
1610 2086 1641 2129 se
1655 2086 1729 2129 eou-

140 2176 224 2238 rum,
241 2169 275 2223 et
300 2163 531 2243 Prophetiam,
558 2164 778 2243 impedientem
808 2164 910 2243 potius
962 2165 1338 2245 stat,etoifleiorumlegc‚
1351 2182 1388 2226 uc
1401 2163 1728 2239 conditione,quorum

139 2254 905 2335 attulisseiudoeis,quamsufficieutemgratiama
961 2258 1210 2338 prestandorum
1223 2252 1728 2334 ssdesutrimquepaatiunesauci-

139 2345 281 2407 Alterum
291 2353 353 2421 est,
369 2347 515 2408 eumdem
537 2347 626 2409 illum
649 2347 735 2426 legis,
762 2349 910 2409 ιιΤιιιιιὁ
961 2353 1024 2409 tur.
1051 2350 1094 2410 Ee
1120 2348 1292 2428 cujusmodi
1318 2349 1353 2408 in
1378 2347 1505 2409 ludaico
1533 2345 1665 2420 lmdere,
1693 2360 1729 2405 aa

139 2440 235 2498 manti
269 2439 383 2499 veleris
416 2445 547 2519 statum,
578 2444 732 2519 quatenus
759 2439 911 2518 ejusmodi
960 2448 1063 2502 vetere
1072 2440 1401 2516 Testamentoluesint,
1416 2438 1552 2516 antiquae
1560 2438 1727 2516 Scripturas

139 2530 206 2601 luit,
231 2530 412 2591 honestes
425 2531 566 2591 instituto
587 2548 655 2607 suo,
679 2537 709 2591 et
729 2530 912 2611 legislatoris
960 2532 1032 2592 libri
1060 2548 1168 2594 omues
1195 2533 1309 2611 passim
1333 2548 1369 2592 ac
1399 2531 1511 2591 diserte
1544 2528 1725 2607 loquuntur,

139 2621 279 2694 oonsilio,
294 2638 331 2683 aa
353 2622 569 2696 destinatione,
585 2640 651 2684 non
674 2622 837 2684 exclusisse
848 2639 912 2683 me
961 2625 1085 2686 Mosaioi
1098 2625 1289 2705 presertim,
1304 2628 1335 2685 et
1348 2621 1530 2703 prophetici.
1546 2623 1593 2680 Ex
1612 2618 1728 2699 quihus

138 2713 234 2776 ritum
258 2728 392 2793 operum
411 2713 582 2788 honorum,
606 2732 664 2775 nea
687 2713 911 2775 inheretuosum
961 2723 1090 2797 apparet
1107 2718 1142 2777 in
1164 2720 1261 2778 certas
1275 2732 1387 2794 easque
1401 2720 1526 2775 mutuas
1543 2712 1724 2788 tuschanes,

138 2806 370 2881 ludehfuisse,
388 2822 427 2867 ex
441 2806 471 2865 ri
484 2810 580 2867 status
594 2806 692 2881 illius,
706 2806 782 2886 legis
802 2805 910 2867 obser·
961 2825 996 2870 ae
1023 2810 1246 2888 praesmuones,
1275 2809 1377 2868 Deum
1401 2807 1493 2881 inter,
1522 2809 1552 2865 et
1575 2802 1728 2883 israelites

138 2898 249 2958 seudm
267 2898 418 2959 studium.
442 2898 532 2964 Quod
552 2903 722 2977 utrumque
744 2902 808 2958 tota
826 2903 912 2958 enta·
961 2901 1047 2962 uelut
1060 2900 1288 2980 stipulationem
1302 2898 1470 2979 quamdam
1483 2913 1547 2956 esse
1560 2894 1727 2969 iactem,ut

138 2990 268 3050 cedente
292 2990 499 3070 disputatione
525 2988 725 3069 patefactum,
737 2995 769 3050 et
789 2989 911 3050 invictis
960 3000 992 3055 et
1003 2992 1137 3074 populas
1152 2993 1314 3052 universus
1333 2990 1422 3051 editis
1434 3008 1452 3049 a
1465 2990 1527 3049 lieo
1542 3005 1597 3067 per
1610 2987 1727 3049 Mosam

139 3081 313 3142 ntianlhus
335 3081 532 3158 conclusum,
547 3087 640 3161 etque
663 3080 703 3141 ah
728 3081 910 3142 inconsultas
959 3085 1090 3164 legibus,
1105 3103 1141 3145 ac
1153 3085 1314 3163 preceptis
1331 3082 1579 3160 obtemperarem
1600 3097 1636 3139 aa
1648 3096 1724 3155 sese,

139 3174 285 3233 norimtis
306 3173 471 3235 calumniis
495 3175 679 3234 extricatum
702 3190 767 3234 esse
785 3173 911 3234 confiril-
959 3182 1158 3257 posterosque
1183 3194 1255 3236 suos
1280 3191 1405 3246 omnes,
1434 3174 1560 3252 excepto
1587 3171 1723 3247 nemina,

139 3282 219 3328 mus.
236 3266 281 3327 De
294 3266 460 3346 posteriori
472 3282 546 3327 vero
566 3265 757 3344 presertim,
780 3264 911 3343 legenda
959 3268 1117 3330 servandis
1127 3267 1186 3328 illis
1199 3268 1233 3328 in
1245 3272 1431 3346 perpetuum
1444 3264 1659 3343 obstringeret,
1666 3263 1726 3323 hoc

139 3365 223 3433 sunt,
237 3372 311 3437 quse
324 3358 359 3419 in
372 3358 485 3419 dicimo
497 3357 596 3436 eapite
610 3357 756 3417 diximus.
959 3365 1005 3422 est
1026 3360 1152 3420 illorum
1181 3358 1340 3438 obsequio,
1367 3356 1500 3436 quadam
1520 3373 1554 3416 se
1580 3356 1726 3417 servitute

176 3451 217 3511 V.
232 3451 359 3511 Atenlm
371 3449 458 3511 allud
467 3456 513 3509 est
519 3449 596 3528 legis
610 3447 721 3509 vixisse
735 3453 875 3528 tempore
886 3446 908 3523 ¹3
959 3452 1124 3531 subjiceret
1141 3470 1149 3510 t
1165 3456 1196 3510 et
1215 3450 1349 3511 vicissim
1372 3451 1453 3510 Deus
1472 3447 1633 3527 praesentis
1654 3446 1725 3507 alte

139 3540 234 3615 allud,
259 3542 319 3604 suh
346 3542 415 3621 lege
436 3541 546 3602 vixisse
562 3558 570 3601 ι
590 3540 695 3601 Sancti
716 3545 822 3601 autem
835 3540 903 3618 illi,
959 3543 1133 3619 commoda,
1146 3541 1335 3622 sospitatem,
1348 3540 1549 3620 opulentiam,
1564 3554 1726 3618 paaemma

139 3635 260 3711 quasin
274 3634 453 3713 exemplum
475 3632 673 3709 adduximus,
696 3632 754 3692 etsi
776 3632 862 3711 legis,
879 3638 910 3693 et
959 3635 1234 3714 tranquillitatem
1248 3638 1317 3693 tum
1330 3650 1404 3694 vero
1416 3630 1604 3711 peculiarem
1614 3629 1647 3690 in
1657 3628 1726 3690 illos

139 3724 332 3786 Testamenti
349 3725 462 3786 veteris
483 3728 624 3803 tempore
646 3723 834 3801 floruerunt,
851 3723 909 3785 suh
958 3723 1725 3807 benignitatemeuram,providentiam,umorem-

140 3816 207 3896 lege
220 3825 329 3879 tamen
350 3822 600 3890 nauseantem
623 3817 663 3877 rui
676 3834 764 3891 eam,
792 3817 846 3877 sed
870 3816 910 3877 ad
959 3838 1019 3901 que
1033 3816 1241 3900 polliceretur.

140 3924 258 3970 aarum
281 3908 513 3971 Testamentum
532 3907 739 3988 pertinebant.
753 3911 801 3969 Ita
826 3909 910 3969 enim
1001 3908 1187 3973 Scheaitiei
1201 3912 1302 3987 capite
1314 3912 1403 3980 xxvi,
1420 3909 1449 3969 e.
1473 3905 1513 3967 Si
1529 3906 1560 3966 ia
1569 3905 1725 3986 preceptis

141 4001 329 4082 Apolaaen‘ci
341 4004 470 4081 scriptor
487 4016 494 4061 ι
510 4001 564 4080 qui
583 3999 773 4061 reverendis.
790 4002 826 4061 D.
846 4001 909 4061 Va·
960 4004 1031 4065 meis
1039 4000 1270 4075 ambulaveritis,
1284 4006 1311 4060 ιι
1326 3997 1467 4061 mandata
1484 4014 1548 4058 mea
1561 3995 1725 4058 custodieri-

140 4093 254 4166 hrensi,
281 4112 318 4155 ao
344 4094 422 4154 mihi
448 4095 564 4174 pariter
591 4093 732 4169 insultat,
760 4097 909 4171 tauquam
959 4097 1007 4171 tis,
1020 4102 1047 4156 ιι
1058 4093 1192 4175 (semitis
1206 4108 1253 4167 ea,
1268 4089 1340 4151 dabo
1354 4089 1435 4152 uatis
1451 4088 1575 4170 placius
1587 4089 1725 4169 tesrporr'·

140 4186 327 4247 discriminis
350 4186 432 4246 illius
458 4185 652 4265 ignoratione
680 4191 812 4264 uterque
839 4203 909 4245 nos·
959 4187 1092 4257 bairais,
1109 4192 1228 4246 etium
1241 4184 1343 4264 pipnet
1356 4201 1472 4264 permen
1485 4192 1582 4257 mum,
1593 4189 1621 4241 ιι
1630 4180 1725 4261 pomis

140 4282 225 4338 hum
238 4278 280 4339 ad
292 4277 423 4339 ridicula
436 4278 596 4357 quedam,
612 4284 643 4338 et
655 4274 789 4339 absurda
802 4278 907 4357 delap-
957 4279 1074 4340 arbores
1086 4275 1289 4358 replebuntur,
1306 4280 1363 4336 etc.
1373 4273 1456 4335 Iiaic
1468 4291 1567 4353 pamm
1581 4270 1724 4352 infinitas

139 4384 189 4431 sus
208 4370 315 4431 merit.
336 4370 456 4430 Etenim
469 4370 655 4448 quicumque
668 4371 702 4429 ln
715 4370 843 4430 ludaico
855 4370 907 4429 illa
957 4371 1059 4436 austris
1074 4386 1086 4431 r
1100 4368 1260 4443 earmina,
1276 4376 1303 4427 et
1323 4384 1381 4427 uon
1403 4366 1464 4426 erit
1485 4365 1539 4445 qai
1561 4372 1721 4426 eeterreat.

140 4462 254 4541 populo
269 4462 345 4540 legis
358 4461 572 4538 observantes,
595 4478 631 4522 aa
640 4460 732 4539 justi,
749 4460 907 4539 sensuque
927 4490 931 4495 ·
956 4464 1101 4545 Auferam
1115 4459 1331 4535 molestentur,
1346 4466 1374 4518 ιι
1383 4454 1502 4537 pladite
1514 4475 1573 4517 nan
1586 4456 1723 4518 transiliit

139 4554 213 4614 alim
226 4555 424 4621 exstiterunt,
436 4554 545 4631 utique
560 4570 623 4613 non
638 4553 786 4627 advetus,
802 4552 907 4613 sadud
957 4555 1093 4617 teusanus
1103 4561 1221 4614 uestras.
1231 4547 1720 4630 Persequiminiinimimsramirus,

140 4663 258 4707 aarum
268 4646 500 4706 Testamentum
514 4645 719 4724 pertinebant.
738 4644 806 4705 Non
820 4647 907 4707 euim
957 4654 985 4708 et
995 4650 1130 4707 corruent
1139 4658 1237 4704 caram
1252 4642 1342 4718 achis,
1357 4647 1415 4702 eta.
1437 4639 1606 4721 despiciam
1621 4658 1679 4718 aas,
1695 4647 1723 4702 et

139 4738 193 4797 sah
220 4738 290 4816 lege
324 4742 430 4811 erant,
460 4750 561 4815 nequa
587 4735 691 4797 servili
725 4742 826 4813 statu,
854 4739 907 4798 sed
959 4735 1268 4816 erescereaossaeiam
1288 4752 1295 4794 ι
1312 4731 1608 4813 multiplicabimini,
1623 4734 1722 4810 statr-

140 4828 266 4905 tumn,
288 4834 320 4889 et
333 4831 440 4907 gratie
464 4828 603 4890 libertale
627 4828 851 4903 censebantur3
872 4833 908 4890 ut
956 4831 1042 4890 mato
1061 4834 1185 4910 pactum
1209 4843 1303 4887 meum
1319 4824 1471 4887 sabanum.
1488 4825 1527 4884 lit
1541 4825 1633 4885 lsaias
1648 4824 1671 4901 ⁴,
1687 4826 1725 4886 Si

141 4922 253 5000 passim
269 4921 360 4981 docet
372 4918 573 4997 Augustinus,
588 4921 759 5000 presertim
781 4920 815 4980 ιιι
828 4920 907 4982 llhro
956 4921 1129 4996 calamitis,
1156 4926 1184 4980 et
1197 4917 1355 4979 audientis
1369 4935 1424 4990 me,
1443 4915 1513 4976 iona
1528 4926 1617 4977 ιιιϊιι
1630 4935 1722 4977 aame-

142 5024 241 5075 rmtra
255 5011 452 5073 Adimantum
472 5013 570 5092 capite
588 5029 660 5089 xvu,
676 5018 707 5073 et
723 5013 756 5072 iu
779 5012 908 5092 epistola
956 5013 1040 5075 detis.
1058 5010 1140 5088 (laod
1158 5012 1185 5071 si
1197 5009 1362 5082 nolueritis,
1377 5016 1405 5068 ιι
1418 5026 1463 5067 me
1482 5005 1523 5067 ad
1536 5006 1722 5070 iracundiam

141 5120 198 5181 ιιι,
212 5105 344 5183 aliisque
368 5102 453 5179 locis,
468 5120 545 5182 ipsos
558 5103 632 5166 ulihi
653 5105 909 5165 commemoravi·
953 5102 1194 5185 praesenseritis,
1205 5100 1324 5183 pladias
1334 5098 1486 5161 deaurabit
1499 5118 1555 5160 aas.

141 5196 237 5257 mus’.
254 5196 403 5270 Quocirca
415 5208 577 5274 perperam
589 5196 768 5256 ratiocinari
781 5213 838 5256 nos
852 5196 904 5271 ait,
996 5194 1066 5258 Vll.
1090 5197 1156 5257 Hau
1170 5200 1302 5271 asterga
1317 5192 1454 5270 sublege
1467 5190 1723 5269 esse;idestlegi

141 5287 213 5348 dum
225 5287 302 5367 quid
318 5287 415 5348 veteri
426 5287 621 5348 Testamenta
642 5288 815 5365 conveniat,
837 5286 907 5348 illo-
958 5286 1077 5367 subjici,
1093 5292 1124 5348 ιι
1135 5287 1175 5347 ad
1198 5294 1269 5346 eam
1289 5283 1471 5345 salvandam
1492 5280 1631 5361 obligari.
1655 5278 1723 5343 lien

164 5486 174 5527 t
188 5487 248 5539 spos.
264 5485 280 5529 ι.
291 5483 321 5534 ll,
332 5496 354 5528 a.
368 5495 391 5527 ιι
401 5490 423 5528 at
436 5496 456 5529 a.
467 5494 497 5527 ιιι
507 5491 528 5528 ιι
540 5491 586 5528 tota
596 5497 616 5529 a.
629 5486 728 5532 ura—i
738 5487 800 5532 Tam.
809 5487 828 5530 ll
838 5489 890 5542 Dea.
902 5489 975 5533 Theoi.
988 5488 1004 5533 1.
1017 5487 1042 5537 li,
1055 5498 1073 5530 a.
1087 5496 1130 5536 xxi,
1141 5482 1220 5540 psalt
1231 5482 1355 5537 aaa.-a
1368 5481 1415 5528 liei.
1428 5478 1528 5532 ’,ι-ι
1541 5481 1569 5525 is.
1586 5492 1602 5532 1,
1613 5481 1648 5525 ιθ.
1716 5454 1718 5457 ¹
