4078 6162
334 325 395 387 too
839 320 1164 386 Tunoloutconttn
1185 322 1403 388 mention

334 489 402 567 rel,
427 495 464 551 ut
477 488 671 570 Augustinus
681 487 836 570 loquitur,
851 488 1006 551 mr’staram
1027 504 1102 549 eon·
1151 486 1214 549 illic
1227 489 1370 569 quidem,
1384 496 1487 570 partes
1499 488 1634 552 hominis
1644 495 1726 564 sunt,
1740 491 1878 571 anima,et

334 582 475 645 veniunt.
1152 581 1876 663 corpus3hicsutem‚nequecaro,parsestllerhi,

376 674 433 735 Ill.
455 673 533 734 Cum
551 673 610 734 hac
623 672 880 734 dissimilitudinis
906 672 1026 733 ratione
1049 669 1103 731 illa
1151 690 1253 752 neque
1267 674 1418 749 Verbum,
1433 693 1505 755 pars
1516 680 1561 737 est
1573 675 1682 736 carnis.
1696 674 1768 735 Nam
1777 674 1878 739 illourur

335 765 488 844 congruit,
504 765 674 844 eodemque
687 766 780 845 plane
799 764 918 838 recidit,
934 781 1004 844 quas
1017 761 1102 823 iden·
1152 770 1341 846 utrumque,
1369 768 1419 828 rel
1445 774 1518 829 ante
1543 767 1721 842 unitionem,
1742 768 1879 847 perseniam

334 855 430 918 tidem
451 875 483 918 se
500 857 536 918 in
555 873 732 918 sermonem
752 862 893 919 nostrum
914 854 1099 928 insinuavit3
1152 861 1297 918 naturam
1320 857 1528 920 demonstrat:
1544 860 1619 920 adeo
1644 863 1678 919 ut
1690 856 1879 922 nihilomnino

335 950 419 1028 quod
432 950 526 1010 homo
547 966 586 1010 es
611 949 732 1011 duabus
756 948 943 1029 imperfectis
969 945 1100 1022 naturis,
1152 948 1203 1008 νεί
1224 947 1376 1010 divinitati
1403 950 1482 1012 desit
1505 951 1544 1012 ad
1570 949 1722 1031 propriam
1744 950 1879 1023 rationem,

333 1057 467 1121 vereque
487 1040 577 1103 dictis
589 1040 744 1122 partibus,
760 1046 894 1103 constat:
911 1039 1050 1101 Christus
1063 1055 1102 1100 ex
1151 1039 1202 1101 rei
1213 1040 1413 1103 humanitati.
1429 1042 1522 1103 Aliud
1535 1049 1581 1103 est
1591 1042 1674 1103 enim
1686 1040 1817 1121 compleri
1827 1043 1881 1104 suh

333 1132 485 1211 perfertis,
506 1138 537 1194 et
554 1133 711 1194 absolutis.
729 1133 904 1195 Perfectum
917 1131 950 1192 id
963 1130 1095 1210 appello,
1152 1132 1634 1215 stantiamexduabuspartibus3
1650 1132 1811 1199 alinduniti
1822 1136 1882 1196 duas

337 1243 352 1281 a
366 1223 419 1286 eui
431 1223 511 1285 nihil
525 1225 609 1286 deest
623 1242 731 1286 corum
745 1243 815 1303 quae
830 1224 944 1285 debent
955 1222 1067 1297 inesse,
1081 1241 1097 1279 ο
1152 1222 1348 1302 substantias,
1364 1244 1497 1304 quarum
1509 1243 1702 1306 unaqueque
1712 1224 1828 1305 perfecta
1837 1234 1880 1289 ost.

332 1320 369 1375 ut
382 1315 457 1376 alibi
466 1316 677 1378 christotele
686 1314 803 1389 docui,
818 1333 854 1376 ao
867 1314 1017 1376 declaravi
1029 1314 1100 1394 plu·
1151 1315 1222 1377 ldeo
1238 1320 1301 1377 tam
1313 1314 1414 1378 forma
1426 1318 1492 1387 liei,
1504 1336 1598 1398 quam
1610 1317 1689 1378 servi
1700 1317 1792 1378 forms
1801 1318 1881 1379 noui-

332 1405 428 1468 ribus.
442 1407 493 1468 Sic
502 1413 622 1469 natiuae
632 1406 745 1468 Christi
757 1408 828 1468 due
839 1405 983 1486 perfectae
994 1405 1101 1465 dicun·
1150 1413 1255 1467 netur.
1270 1407 1520 1481 Autonomos,
1535 1428 1638 1490 neque
1663 1409 1761 1470 animo
1783 1409 1838 1471 sola
1847 1415 1882 1472 est

332 1502 394 1573 tur,
411 1499 484 1577 quia
510 1499 590 1559 nihil
622 1500 661 1560 ad
688 1516 798 1560 earum
823 1498 990 1559 essentiam
1002 1495 1097 1560 deest.
1150 1497 1257 1576 homo,
1272 1517 1374 1580 neque
1384 1519 1455 1562 caro
1468 1501 1591 1562 solae»

334 1588 416 1649 Sunt
438 1589 712 1670 enimcompletae:
737 1609 793 1651 uec
807 1589 892 1651 aliud
905 1589 1098 1668 desiderant,
1192 1591 1245 1651 tv.
1269 1592 1325 1653 llio
1345 1593 1517 1673 suspicetur
1527 1591 1882 1674 aliquiqparumconsen·

333 1699 395 1760 quo
408 1682 447 1742 ad
461 1677 586 1744 neturae'
604 1682 824 1763 perlectionem
837 1681 1041 1743 adducantur.
1061 1679 1102 1743 rit
1150 1687 1242 1745 tanee
1256 1685 1518 1765 comparutionem
1533 1702 1599 1747 esse
1618 1683 1737 1758 houm,
1755 1689 1834 1764 atque
1851 1685 1884 1746 lte

331 1772 385 1833 illa
397 1790 436 1835 es
449 1775 563 1852 quibus
575 1772 902 1842 homoconstituitur¹,
919 1780 1030 1835 natura
1045 1791 1100 1834 suu
1118 1797 1123 1805 ·
1151 1771 1339 1833 conformari
1353 1773 1512 1835 debuisse:
1536 1798 1550 1827 c
1568 1772 1704 1835 hominis
1722 1779 1813 1854 portes
1828 1778 1884 1834 suat

331 1865 461 1927 minime
475 1871 548 1927 suut
573 1865 730 1947 perfecte:
754 1865 829 1946 quia
851 1865 978 1926 nonnisi
998 1871 1101 1945 partes
1151 1863 1269 1933 anima,
1296 1869 1329 1926 et
1351 1883 1481 1946 corpus:
1511 1864 1623 1927 Christi
1642 1883 1713 1927 nero
1730 1883 1884 1945 nequeoaro

330 1957 522 2028 sunttotius,
539 1964 570 2019 et
584 1958 721 2038 perfecti.
734 1958 855 2038 Quippe
875 1958 957 2019 inter
976 1968 1101 2018 ceteras
1151 1973 1222 2034 pers
1241 1962 1296 2034 est,
1320 1975 1422 2037 neque
1443 1958 1606 2019 Verbum:
1629 1977 1644 2015 ο
1667 1975 1729 2018 non
1741 1963 1831 2018 annm
1842 1955 1883 2035 sic,

326 2049 425 2127 partis
434 2050 587 2125 notiones,
600 2051 681 2111 hane
689 2054 851 2111 enumerat
864 2049 1052 2127 Aristoteles,
1066 2054 1101 2109 ut
1155 2068 1170 2106 n
1184 2047 1332 2110 alterutra
1345 2068 1417 2129 pars
1431 2057 1477 2112 est
1490 2050 1635 2111 alterius:
1650 2070 1666 2108 o
1683 2048 1789 2129 alioqui
1803 2049 1885 2109 dioen-

331 2159 375 2202 eae
388 2147 491 2222 partes
504 2147 700 2216 censeantur,
720 2160 817 2220 «quoe
843 2142 878 2201 in
896 2140 1026 2217 ratione,
1051 2141 1101 2201 rel
1151 2139 1226 2200 dum
1239 2140 1333 2202 etiam
1346 2141 1462 2219 linisset,
1478 2142 1618 2203 animam
1631 2140 1737 2215 carnis,
1749 2146 1777 2201 et
1786 2156 1885 2202 carnem

330 2233 509 2296 definitione
521 2253 622 2296 unum
642 2234 788 2314 quodque
800 2232 977 2295 declarante
996 2232 1100 2293 locum
1150 2232 1264 2293 anime
1278 2238 1488 2314 essepertem.
1511 2235 1633 2295 Verum
1659 2252 1721 2304 nou
1741 2239 1781 2295 εεί
1801 2250 1884 2313 repre·

330 2323 463 2386 habent:
474 2326 520 2386 uti
534 2343 634 2405 genus
643 2326 754 2406 speciei
769 2343 840 2405 pars
854 2313 924 2388 eie.
940 2346 955 2385 ν
1150 2323 1344 2386 hendendns.
1361 2324 1516 2387 intellexit
1539 2325 1626 2388 enim
1648 2326 1692 2401 id,
1715 2325 1791 2405 quod
1812 2341 1886 2405 supra

370 2415 496 2477 Constat
520 2423 624 2478 autem
650 2417 745 2478 totius
769 2415 920 2477 nannetis
938 2414 1100 2495 compositi
1150 2415 1231 2492 dixi3
1259 2416 1415 2478 Christum
1433 2417 1588 2498 proxime,
1605 2424 1636 2479 et
1649 2416 1885 2499 dpteochominem

329 2507 408 2568 rotio
422 2507 583 2585 exterma,
598 2508 778 2586 cimeteria,
793 2515 942 2585 tanquam
954 2506 1098 2586 propriis,
1151 2524 1216 2568 esse
1231 2509 1397 2587 pariterue
1421 2510 1540 2571 Deum:
1569 2528 1630 2570 nec
1654 2509 1744 2569 aliam
1755 2513 1883 2580 naturun,

330 2603 361 2660 et
373 2599 585 2674 essentialibus,
609 2606 645 2660 ut
665 2606 828 2676 vocantur,
850 2600 1007 2679 partibus:
1028 2615 1099 2681 quac
1149 2618 1243 2678 quem
1270 2600 1348 2662 duas
1375 2601 1448 2662 istas
1479 2601 1593 2662 Christi
1626 2600 1770 2662 nocabriio
1789 2598 1883 2678 subjici.

330 2695 541 2770 etrespectum
552 2692 590 2752 od
604 2710 669 2753 sese
681 2697 827 2752 mutuum
835 2691 962 2768 hahent,
971 2695 1002 2752 ct
1011 2690 1098 2751 hohi·
1150 2692 1250 2766 Quare
1264 2697 1300 2753 ut
1311 2692 1521 2754 similitudinis
1532 2693 1615 2754 ratio
1627 2692 1826 2773 responderet3
1838 2691 1884 2751 hoc

329 2782 1096 2865 tudinemquamdam.1deonaturslipropensione,
1149 2790 1205 2860 est,
1221 2789 1257 2844 ut
1289 2784 1434 2845 diviuitas
1458 2791 1489 2846 et
1515 2784 1695 2846 humanitas
1719 2780 1884 2864 aliqnamin

328 2892 424 2953 quem
438 2876 599 2957 appetitum
620 2875 715 2937 etiem
734 2875 908 2952 nominant,
924 2874 957 2934 in
971 2873 1100 2934 alterum
1148 2874 1266 2937 Christo
1280 2880 1425 2937 uentrem
1440 2880 1685 2956 componerent3
1699 2875 1773 2937 sicut
1784 2874 1883 2947 amma,

327 2972 374 3027 est
399 2968 496 3029 altera
516 2967 669 3047 proclivis.
700 2967 787 3041 Quod
801 2966 887 3027 enim
901 2966 939 3026 de
962 2966 1099 3047 corporis
1148 2972 1179 3026 et
1204 2985 1315 3047 corpus
1341 2967 1375 3028 in
1398 2968 1546 3029 homine:
1570 2966 1744 3049 permisceri
1757 2968 1885 3047 oporteret

327 3057 459 3119 hnmani
469 3058 618 3120 membris
627 3058 1096 3138 scriptumestoChrysostomo‚
1147 3057 1229 3120 inter
1249 3076 1282 3121 se
1296 3057 1501 3136 divinitatem,
1527 3064 1558 3121 et
1580 3060 1815 3123 humanitatem:
1828 3056 1885 3136 quia

332 3167 424 3210 anon
438 3150 481 3211 sic
490 3150 544 3211 ills
558 3150 591 3212 iu
606 3150 732 3230 propria
748 3155 862 3210 nutura
883 3148 915 3209 id
935 3149 1050 3210 habere
1063 3154 1099 3210 nt
1148 3150 1226 3211 dues
1240 3168 1363 3213 necesse
1376 3157 1423 3213 est
1437 3152 1623 3228 compositus
1648 3170 1711 3213 esse
1734 3156 1843 3211 naturas
1859 3147 1885 3207 iu

328 3239 400 3315 sint,
418 3259 513 3321 quam
526 3247 563 3302 ut
576 3242 610 3302 in
623 3259 752 3321 corpore
762 3241 823 3302 sint
836 3239 961 3317 unum',
977 3261 991 3301 ο
1009 3240 1047 3301 de
1060 3241 1098 3302 iis
1148 3242 1277 3322 Christo,
1290 3243 1315 3304 si
1330 3250 1377 3305 est
1389 3243 1454 3304 ullo
1468 3244 1639 3324 composite
1653 3262 1660 3304 :
1680 3261 1716 3305 eo
1737 3242 1810 3322 quod
1823 3256 1885 3299 nou·

328 3333 485 3412 omnihus,
501 3352 571 3414 quoe
589 3340 702 3395 natura
715 3352 772 3394 sua
785 3338 888 3413 partes
904 3337 976 3393 suut
988 3332 1095 3408 totins,
1147 3333 1207 3394 nisi
1222 3334 1532 3411 duaeinsuntinil103
1547 3341 1724 3416 ueepraeter
1736 3331 1840 3395 casalia
1850 3332 1886 3391 est

327 3425 458 3504 intelligi
473 3427 587 3503 dehet3
617 3433 654 3487 nt
681 3426 810 3506 perinde
838 3442 943 3487 secum
965 3424 1097 3485 invicem
1147 3424 1222 3503 ulla,
1238 3445 1308 3506 quae
1322 3427 1491 3507 composita
1504 3427 1636 3502 dioetau,
1651 3419 1884 3506 atquchocmodo

327 3535 403 3593 esse,
437 3523 468 3579 et
493 3520 534 3580 ad
559 3537 661 3579 unum
685 3517 935 3597 componendum
958 3515 1096 3596 copulari
1147 3522 1178 3578 et
1199 3517 1293 3579 Verbi
1307 3537 1378 3599 pars
1392 3523 1472 3580 esset
1484 3518 1599 3596 homo,
1615 3525 1646 3580 et
1659 3517 1789 3579 Verbum
1799 3510 1885 3576 homi·

326 3616 490 3689 appetaut‚
527 3610 553 3671 si
577 3610 638 3671 hoe
664 3609 819 3689 appetitus
841 3608 968 3670 nomine
991 3607 1097 3668 vocuri
1146 3609 1211 3670 nis:
1224 3610 1338 3689 qrdppe
1346 3610 1434 3671 nulla
1442 3611 1699 3690 preterVerbum
1712 3616 1743 3671 et
1753 3605 1885 3669 homiuem
1991 3686 1992 3697 ἵ

307 3706 457 3780 oportet,
482 3719 579 3781 quam
592 3718 657 3763 csse
671 3700 861 3779 simpliciter,
877 3705 909 3761 et
930 3701 964 3761 iu
988 3717 1096 3761 rerum
1146 3705 1192 3763 est
1216 3708 1328 3763 natura
1355 3702 1481 3763 Christi.
1510 3703 1651 3783 Denique
1676 3700 1813 3784 perfectas
1835 3713 1885 3757 esso

326 3810 458 3855 numero
471 3795 599 3859 censui.
615 3794 690 3868 Quae
703 3810 753 3854 res
763 3796 947 3871 urgramento
960 3796 1017 3868 cst,
1030 3810 1096 3852 non
1145 3798 1272 3854 naturas
1285 3794 1319 3853 in
1331 3793 1385 3854 illo
1395 3792 1450 3855 llei
1464 3800 1493 3856 et
1506 3793 1655 3871 hominis,
1671 3799 1749 3856 recte
1759 3791 1885 3852 inderau-

326 3903 540 3966 easperse,ao
553 3884 716 3962 solitariae,
729 3902 796 3946 esse
808 3883 1095 3965 periectaszutpotc
1145 3884 1252 3961 eludit,
1282 3885 1365 3965 quod
1400 3885 1539 3947 Christus
1565 3888 1692 3968 proprie
1722 3891 1782 3947 tam
1809 3882 1885 3942 homo

325 3978 366 4038 ad
398 3977 661 4057 complementum
688 3977 796 4053 totius,
823 3981 1027 4054 nemausus,
1064 3981 1096 4036 et
1146 3976 1278 4054 dicatur,
1296 3995 1392 4056 quem
1405 3977 1496 4052 Deus,
1512 3980 1598 4058 qnod
1612 3968 1884 4059 nonprooederatoi

325 4069 572 4132 essentisiaetas.
599 4069 686 4147 Quod
700 4088 765 4129 non
789 4068 833 4129 ito
855 4073 901 4129 est
922 4068 955 4128 in
974 4068 1094 4128 Christo
1144 4084 1209 4129 non
1234 4069 1404 4149 perlectum
1428 4070 1567 4143 haberet,
1584 4070 1651 4132 imo
1665 4071 1690 4132 si
1702 4086 1763 4131 non
1775 4063 1885 4148 perfecte

325 4162 469 4222 Domino.
484 4162 568 4222 «Hic
581 4161 666 4221 euim
679 4179 744 4221 non
758 4160 898 4221 exrehus
909 4158 1094 4239 imperiectio
1144 4164 1223 4223 esset
1234 4167 1414 4241 utrumqne.
1425 4161 1548 4223 Etenim
1558 4163 1654 4224 homo
1663 4161 1785 4225 minime
1795 4161 1885 4219 nanu
1991 4200 1992 4219 .

323 4253 419 4314 babet
431 4258 467 4313 ut
479 4253 519 4314 sit
535 4251 588 4333 (ait
601 4253 684 4332 opud
695 4252 900 4332 Euthymium
913 4251 1007 4331 paulo
1021 4256 1093 4313 ante
1143 4253 1315 4315 etessentia
1324 4252 1487 4334 periectas,
1498 4254 1594 4315 homo
1605 4273 1669 4316 non
1679 4258 1793 4330 estnec
1805 4242 1886 4310 honri·
1991 4260 1992 4295 ί

323 4342 468 4407 laudatus
479 4344 674 4414 Athanasius)
701 4345 756 4405 sed
776 4343 980 4424 perfecturum
999 4347 1091 4404 ustu-
1142 4345 1190 4406 nis
1223 4344 1422 4423 delinitione,
1457 4346 1597 4425 adeoque
1625 4365 1683 4408 nec
1706 4339 1883 4426 appellatione

325 4454 433 4499 rarum
446 4454 632 4500 coneursum
657 4436 790 4498 ostendit
806 4436 840 4497 in
864 4436 974 4516 seipso.
990 4437 1093 4516 Atque
1142 4442 1305 4498 censetur:
1340 4437 1605 4517 quemadmodum
1640 4456 1699 4501 nec
1730 4433 1824 4498 amma
1849 4428 1886 4490 eti

359 4648 380 4690 a
398 4632 485 4689 hum.
502 4630 551 4689 lib.
575 4632 611 4689 IV
628 4636 697 4689 Mei·
718 4647 779 4703 uap.
800 4647 856 4689 nv
893 4628 959 4686 ’Ἔτι
973 4629 1004 4687 τὰ
1018 4628 1042 4685 ὲν
1056 4635 1093 4704 τῷ
1142 4637 1226 4705 σῶμα.
1243 4625 1344 4687 ἒνταῦθα
1356 4628 1392 4698 bi,
1408 4628 1491 4703 oduei
1507 4630 1577 4705 cipi,
1594 4633 1667 4706 μέρος
1684 4624 1727 4688 roi
1738 4630 1822 4702 λόγον,
1840 4618 1884 4679 aiu

322 4714 391 4789 λόγῳ
404 4721 441 4787 τῷ
454 4715 569 4784 δηλοῦντι
586 4714 701 4781 ίκαοτον,
722 4715 763 4768 καί
780 4718 857 4770 ταῦτα
877 4716 950 4787 μόρια
960 4719 1004 4769 'soi
1020 4715 1091 4769 ὅλου.
1142 4714 1255 4786 ditique,
1277 4715 1349 4787 μέρος
1363 4718 1407 4781 τῆς
1430 4715 1529 4788 σαρκός.
1553 4713 1667 4787 ἑκάτερον
1684 4714 1730 4787 γὰρ
1749 4711 1834 4772 οὔτῶν,
1852 4706 1883 4759 πεί

321 4799 361 4852 oo
371 4799 401 4852 td
414 4799 485 4870 γένος
497 4802 540 4853 τοῦ
551 4795 630 4873 εἴδους
646 4800 731 4870 μόριον
743 4798 852 4870 λέγεται.
1142 4798 1246 4870 πρὸτῆς
1260 4796 1381 4862 ἑνώοεως,
1397 4798 1492 4851 τελείαν
1505 4797 1610 4851 δείκνυσι
1628 4797 1672 4866 τὴν
1686 4796 1763 4869 φύσιν,
1776 4794 1809 4854 t‘ot
1823 4788 1883 4863 μηδὲ*
1991 4808 1992 4855 i

358 4880 375 4936 b
393 4882 492 4936 Cutis.
508 4878 584 4936 bom.
606 4896 669 4935 xxxi
683 4879 713 4936 in
732 4880 742 4935 ί
758 4878 800 4936 nd
814 4880 882 4935 Cor.
903 4877 939 4934 Οὔ
953 4879 1001 4952 γὰρ
1015 4879 1093 4940 olicus
1142 4880 1207 4944 ὅλως
1222 4880 1324 4944 λείπειν,
1339 4881 1443 4954 priserit
1460 4880 1556 4950 θεόνητι
1570 4880 1603 4943 είς
1617 4880 1660 4939 τὸν
1674 4878 1735 4933 ίδιον
1747 4871 1883 4949 λίγον,μίτν
1991 4872 1992 4939 ᾖ

323 4954 348 5017 ἕν
362 4966 393 5038 τῇ
407 4960 487 5036 οἰκείᾳ
504 4962 573 5035 φύσει
595 4962 623 5016 εδ
641 4958 702 5015 εἶναι
725 4960 836 5036 ἔχουσιν,
851 4961 886 5023 ὣς
906 4958 930 5015 ἓν
945 4966 981 5034 τῷ
995 4961 1092 5034 σώματι
1142 4961 1362 5036 τῇὰνθρωπότητι.
1378 4961 1443 5016 ἄλλο
1454 4964 1502 5037 γάρ
1512 4960 1563 5021 ἔστι
1574 4965 1603 5019 sd
1616 4959 1803 5036 dvmhrpoiedn
1813 4953 1882 5009 uiolet
1991 4964 1992 4973 ¹

323 5040 385 5101 εἶναι
399 5045 435 5100 ἔν.
1142 5043 1225 5099 ἐκδύο
1237 5052 1329 5120 μερῶν,
1339 5045 1381 5098 καὶ
1395 5045 1458 5100 ἄλλο
1472 5045 1635 5101 lacunarota
1649 5046 1740 5109 οὐσίας,
1754 5038 1787 5096 ὧν
1799 5036 1883 5107 hesit!

358 5146 373 5185 ο
390 5130 459 5185 Εοτ.
483 5126 517 5181 ‘0
530 5126 557 5181 δὲ
573 5126 654 5197 κύριος
675 5124 784 5195 Ἰησοῦς,
804 5124 848 5179 οὖν
862 5124 886 5187 ἐξ
901 5124 995 5179 ἀτελῶν
1011 5145 1090 5198 upop-
1141 5126 1193 5201 ἔχει
1207 5128 1236 5182 rh
1250 5129 1352 5184 τέλειον.
1368 5127 1407 5182 oo
1424 5129 1465 5182 καί
1480 5128 1561 5204 μορφὴ
1573 5130 1627 5184 θεοῦ
1641 5130 1745 5201 λέγεται,
1758 5124 1795 5178 καί
1813 5114 1882 5195 popei

323 5213 407 5283 μάτων
420 5212 450 5266 rb
468 5205 531 5264 είναι
544 5211 651 5283 δέχεται,
668 5208 733 5263 ἀλλὰ
749 5209 850 5263 τελείων
864 5208 958 5280 φύσεων
972 5206 996 5260 ἔν
1012 5207 1091 5280 ἑαυτῷ
1140 5211 1239 5264 δούλου.
1252 5206 1290 5265 hrt
1304 5208 1331 5265 δὲ
1344 5214 1387 5267 τοῦ
1402 5210 1542 5289 ἀνθρώπων,
1554 5212 1637 5283 οὔτεὴ
1648 5212 1713 5289 ψυχὴ
1722 5212 1792 5284 piru.
1804 5204 1880 5275 Μεθ’

321 5296 422 5350 σύνοδον
436 5296 550 5351 δείκνυσι.
574 5293 646 5347 κάκεῖ
663 5292 718 5366 μὲν,
734 5295 794 5366 μέρη
816 5292 946 5365 ἀνθρώπου
964 5291 1030 5365 ψυχὴ
1043 5292 1090 5346 >nori
1139 5312 1193 5355 πος·
1209 5292 1265 5348 οὔτε
1277 5293 1294 5362 ἡ
1307 5293 1376 5366 σάρξ.

348 5461 359 5506 t
372 5460 431 5507 'lom
444 5461 462 5513 l,
471 5461 510 5506 lib.
523 5460 559 5517 t1,
571 5472 591 5506 ο.
604 5472 671 5507 rn.-
681 5461 696 5504 t
708 5460 756 5506 Lib.
771 5460 800 5505 ll
811 5462 860 5508 ssot.
871 5470 891 5506 ο.
903 5471 947 5506 xrr.
