4122 6248
317 405 378 465 aas
751 434 755 443 ·
824 397 1150 462 THFlOloOGICORUM
1170 393 1385 459 manarunt

358 568 499 630 lustinus
532 573 613 629 certe
646 566 861 650 philosophus,
890 575 922 628 et
954 570 1084 645 martyr,

318 662 471 725 rationem
480 661 563 723 hanc
575 659 674 737 affert,
686 678 742 721 cur
751 659 997 739 patriarcharum
1006 663 1089 719 rete-

317 772 390 817 rum
403 754 505 816 lilium
519 752 753 816 Christumiore
769 750 1089 832 Scripturoepreedixe·
1321 790 1353 875 C
1363 789 1526 876 APUT
1567 789 1718 876 .XVH

317 848 394 922 rint,
432 853 464 908 et
498 847 580 907 inter
617 863 669 907 eos
700 844 873 926 pracsertim
905 842 1086 904 Abrahami.
1725 858 1735 877 ·

321 960 337 998 o
370 938 632 1013 Patriarcharum,
678 936 781 1017 inquit
822 936 856 997 iu
897 933 1089 1015 Apoloqetiro

318 1031 463 1106 secundo,
482 1030 582 1092 filium
596 1034 713 1091 norunt
726 1046 800 1090 enm
811 1027 989 1108 scripturos,
1004 1026 1088 1106 quod

317 1142 374 1205 per
393 1124 556 1202 Virginem
575 1140 613 1184 ex
634 1122 761 1183 illorum
781 1122 875 1201 stirpe
896 1125 1088 1200 procreatam
1139 1120 1305 1204 Colligitur
1323 1141 1361 1185 66
1377 1123 1527 1203 superiori
1546 1121 1758 1205 disputatione,
1774 1123 1814 1186 B.
1836 1122 1909 1187 Vir·

318 1233 388 1277 earo
407 1215 516 1293 iactus,
530 1216 625 1276 homo
652 1214 809 1287 deiormis,
826 1219 858 1274 et
872 1213 1085 1285 inhonoratus,
1176 1215 1272 1295 picem
1286 1234 1362 1291 666,
1379 1234 1415 1278 oo
1430 1215 1553 1297 proprie
1573 1234 1630 1277 esse
1649 1216 1709 1279 Dei
1722 1215 1908 1298 genitr-icero.

317 1313 349 1369 et
361 1308 497 1388 patibilis
517 1306 584 1368 fieri
609 1307 755 1368 sustinuit
778 1312 836 1367 etc.
861 1306 967 1384 ltaque
987 1305 1088 1367 filium
1179 1312 1207 1368 l.
1220 1306 1326 1370 Primo
1336 1307 1427 1385 rotio,
1438 1306 1615 1389 qoodlleum
1626 1319 1777 1386 oeuou,et
1782 1314 1911 1391 proprie

316 1399 453 1462 hominis
467 1400 602 1481 seipsum
616 1399 737 1460 vocavit
751 1399 833 1459 :sive
846 1399 929 1478 quod
943 1416 1000 1477 per
1015 1398 1087 1458 Vir·
1177 1397 1288 1461 dietum
1310 1401 1434 1480 geuuit3
1460 1401 1491 1462 2.
1517 1418 1585 1481 quoe
1607 1401 1687 1462 rotio
1713 1401 1910 1483 antiquorum

317 1491 423 1571 ginem
442 1493 564 1568 genitus
580 1497 636 1564 est,
657 1509 727 1570 quae
744 1491 783 1551 de
800 1507 925 1569 genere,
942 1490 989 1550 uti
1008 1488 1087 1549 dixi·
1177 1491 1352 1554 testimoniis
1379 1491 1560 1553 illustratur.
1587 1493 1618 1554 3.
1641 1493 1774 1555 Maxime
1793 1493 1910 1575 Sgnrodi

317 1602 399 1659 mus,
423 1588 489 1644 erat
508 1582 643 1657 Davidis,
666 1581 785 1653 iacobi,
808 1581 912 1655 isaaci,
937 1586 969 1643 et
988 1581 1087 1642 Abra·
1177 1583 1300 1664 quintu.
1318 1586 1349 1645 i.
1373 1582 1477 1645 Vooum
1493 1583 1616 1646 1166666
1629 1583 1767 1659 duorum,
1784 1603 1859 1647 vere
1874 1604 1909 1647 oo

317 1674 413 1742 hami,
434 1675 497 1735 sive
517 1675 601 1755 quod
618 1674 813 1736 Abrchumus
832 1675 896 1754 ipse
914 1679 1000 1754 pater
1018 1692 1087 1735 om·
1177 1675 1314 1755 proprie,
1334 1679 1377 1736 cis
1389 1676 1558 1755 exponitur.
1577 1679 1609 1738 6.
1625 1676 1697 1738 Atto
1718 1678 1810 1752 tutio,
1831 1676 1911 1759 quod

317 1768 407 1828 nium
441 1766 577 1844 illorum,
614 1785 692 1846 quos
722 1767 945 1842 recensuimus,
974 1766 1088 1841 iuit3a
1177 1784 1263 1844 uuus,
1280 1776 1309 1829 et
1323 1766 1400 1829 idem
1415 1767 1580 1830 sitMorioe
1592 1767 1685 1845 lilius,
1706 1770 1762 1851 qui
1774 1779 1819 1832 est
1839 1770 1905 1832 Dei.

317 1858 432 1938 quibus
448 1859 544 1920 Maria
556 1877 655 1940 genus
674 1859 807 1920 deducit.
824 1859 946 1920 Etenim
965 1876 1086 1937 eorum,
1177 1859 1207 1919 8.
1227 1857 1327 1919 Tertio
1338 1859 1417 1921 ratio
1430 1857 1510 1940 quod
1520 1860 1550 1921 iu
1570 1860 1698 1942 Virginis
1711 1870 1805 1936 utero,
1822 1882 1861 1924 oo
1874 1862 1910 1924 de

317 1969 395 2031 quos
414 1952 486 2012 filiae
503 1962 664 2031 generant,
688 1950 872 2027 liberorum,
893 1955 997 2031 patres
1017 1952 1087 2013 illos
1176 1969 1207 2010 eo
1234 1950 1360 2012 Verbum
1386 1951 1445 2012 eiii
1466 1971 1584 2015 earnem
1607 1953 1710 2034 fluuit.
1735 1957 1766 2016 9.
1794 1955 1908 2031 066616

317 2061 382 2105 esse
395 2034 1082 2127 norimus,aquihnsgenitaesuntieminas‘fu
1177 2043 1268 2118 rotie,
1291 2042 1371 2123 quod
1392 2054 1540 2127 assumpto
1561 2064 1640 2123 coru,
1661 2048 1786 2128 proprio
1821 2047 1910 2110 Verii

358 2136 440 2197 Beda
453 2136 588 2214 denique
602 2137 642 2197 66
653 2141 745 2215 caput
757 2152 786 2196 xs
800 2136 891 2197 Lucoe
901 2135 923 2210 ¹,
944 2140 974 2196 et
994 2136 1087 2215 hujus
1177 2137 1320 2210 66661.
1332 2135 1387 2197 Ee
1402 2135 1510 2217 quibos
1525 2137 1655 2199 omuibus
1669 2146 1906 2202 6166666616-

316 2227 493 2303 istaverba,
508 2228 1087 2307 Beatuscerter·quiteportocit,haere·
1178 2227 1266 2288 ritate
1291 2227 1501 2309 comprobatis,
1526 2230 1682 2310 eflicitur,
1706 2231 1745 2293 B.
1776 2234 1907 2296 orreum

315 2323 449 2381 ticorum
483 2319 610 2381 illorum
644 2319 773 2399 castigat
804 2320 985 2395 amentiam,
1004 2340 1017 2377 r
1033 2322 1087 2400 qui
1178 2336 1296 2395 6666,
1319 2321 1499 2402 proprieque
1522 2321 1630 2384 dietam
1653 2342 1709 2385 esse
1735 2326 1793 2387 Dei
1819 2328 1906 2408 geui-

316 2412 459 2492 negando
471 2413 599 2475 Mariam
613 2430 735 2493 semper
748 2412 900 2491 virginem
910 2413 1007 2472 saneti
1018 2413 1086 2492 Spi·
1179 2410 1294 2472 tricem.

316 2505 395 2566 ritus
408 2511 557 2584 operante
574 2505 701 2573 virtute,
717 2505 875 2565 nascituro
889 2522 928 2564 ex
941 2504 1086 2565 humanis

316 2597 467 2658 membris
480 2597 642 2674 unigenito
657 2598 720 2658 Deo
734 2596 835 2657 carnis
848 2613 913 2656 suae
923 2596 1087 2656 materiam
1176 2596 1203 2654 Ι.
1226 2595 1320 2657 Nunc
1332 2597 1371 2659 66
1392 2598 1466 2659 11166
1489 2605 1692 2677 revertamur,
1714 2604 1798 2684 qnod
1816 2605 1904 2667 initio

317 2688 521 2764 ministrasse,
564 2706 689 2761 verum,
733 2687 1086 2766 consubstantialemque
1134 2687 1328 2766 propositum
1348 2688 1427 2766 iuit3
1449 2695 1481 2751 et
1500 2690 1558 2753 Dei
1576 2695 1749 2773 genitricem
1767 2714 1853 2774 rere,
1869 2715 1904 2759 uo

317 2780 411 2841 matri
424 2779 523 2840 filium
543 2780 679 2841 hominis
692 2779 780 2840 fateri
795 2796 861 2839 non
872 2778 984 2839 debere
997 2779 1085 2865 dixe·
1135 2779 1260 2857 proprie
1287 2781 1481 2843 nominatam
1506 2800 1586 2861 esse,
1615 2788 1672 2848 666
1699 2794 1746 2849 est
1771 2790 1901 2864 66666,

316 2879 426 2934 runt.»
441 2874 524 2939 Quos
533 2873 659 2952 quidem
668 2873 712 2932 ita
721 2870 851 2932 subinde
860 2870 986 2931 reiellit:
1002 2873 1086 2932 «Sed
1135 2868 1264 2931 Mariam
1288 2890 1328 2932 ex
1352 2875 1552 2936 antecedente
1579 2876 1785 2958 disputatione
1810 2898 1903 2941 mon·

316 2965 341 3026 si
356 2983 427 3025 caro
442 2964 536 3025 Verbi
550 2965 605 3025 llei
619 2964 922 3025 secundumccrnem
934 2964 1087 3024 nascentis
1135 2967 1278 3023 stremus.
1295 2965 1418 3026 Etenim
1434 2967 1460 3027 si
1471 2986 1581 3030 revera
1593 2970 1731 3032 Christus
1747 2990 1903 3034 «carnem

317 3075 436 3119 acarna
444 3057 573 3136 virginis
583 3057 690 3117 matris
698 3056 918 3133 pronuntiatur
927 3061 1083 3129 extraneo,
1135 3071 1224 3115 suam
1233 3060 1474 3120 maternatraxit
1484 3070 1702 3133 excarcerat
1715 3065 1901 3143 Verrandus,

317 3151 382 3210 sine
397 3167 488 3210 causa
500 3153 619 3223 venter,
634 3148 687 3226 qui
700 3166 773 3209 eum
788 3152 958 3227 portasset3
977 3148 1083 3222 ubero,
1135 3150 1167 3207 et
1186 3151 1255 3225 post
1272 3165 1346 3209 eum
1361 3149 1443 3211 Beda
1456 3150 1652 3232 loquuntur,
1668 3174 1706 3216 ex
1721 3156 1780 3218 hac
1792 3158 1902 3218 eadem

317 3260 387 3322 quae
399 3242 573 3317 lactassent,
587 3240 814 3302 beatificantur.
832 3242 900 3314 Qua
913 3240 997 3301 enim
1011 3259 1084 3301 con·
1135 3243 1234 3300 matre
1250 3240 1378 3320 Virgine
1401 3244 1533 3320 genitus,
1554 3246 1681 3326 ejusque
1698 3266 1806 3309 rerera
1820 3248 1902 3310 filius

316 3334 477 3416 sequentia
491 3335 558 3413 ejus
571 3333 649 3395 laete
667 3333 813 3394 credatur
830 3333 977 3407 nutritus,
998 3334 1087 3413 cnjus
1135 3336 1191 3390 est.
1212 3330 1386 3393 1661661661
1406 3335 1649 3400 Christusvcrus
1669 3342 1764 3401 Deus.
1785 3342 1903 3404 11666-
1937 3362 2030 3410 moe

317 3424 1084 3506 6661666636166666666666616666666666166,
1134 3422 1223 3483 bium
1244 3433 1390 3500 nonest,
1415 3429 1490 3506 quin
1515 3428 1899 3511 Doipeuitris,ctruater,
1948 3418 2039 3515 ζᾞ,

317 3521 517 3600 ejusdemque
541 3518 635 3578 fontis
658 3518 787 3596 origine,
811 3518 983 3579 secuudum
1004 3519 1084 3598 plry-
1135 3517 1233 3578 Maria
1250 3518 1439 3580 sanctissima
1453 3521 1542 3601 virgo
1562 3524 1611 3597 sit,
1628 3525 1837 3607 appellarique
1850 3528 1903 3589 de-
1925 3486 2039 3579 ffiffl‘*

317 3613 405 3688 siros,
421 3615 551 3688 uterque
565 3609 666 3688 liquor
680 3627 826 3671 emanare
837 3609 1008 3690 probaturi
1022 3610 1086 3670 Nisi
1134 3608 1216 3670 beat.
1233 3630 1249 3666 o
1261 3610 1339 3670 Nom
1349 3612 1422 3690 quia
1436 3614 1546 3687 Deum,
1558 3616 1718 3679 hominem
1730 3617 1855 3694 iactum,
1871 3625 1903 3682 et

316 3705 395 3765 iorte
409 3703 548 3783 putanda
561 3707 608 3761 est
619 3702 706 3781 virgo
720 3703 921 3764 sementivam
940 3720 1004 3763 sum
1018 3720 1086 3763 ear-
1135 3701 1328 3763 incarnatum
1336 3703 1455 3783 genuit,
1472 3711 1509 3766 ut
1520 3707 1626 3768 scribit
1635 3709 1780 3789 cyrillus,
1789 3711 1901 3772 idcirco

317 3798 366 3857 nis
385 3794 546 3855 materiam
569 3794 736 3854 nutriendo
760 3794 793 3854 in
821 3810 913 3854 carne
938 3794 992 3855 Dei
1021 3793 1085 3855 filio
1135 3798 1166 3855 et
1191 3792 1382 3874 appellamus
1412 3814 1483 3858 eam
1511 3799 1564 3859 Dei
1591 3801 1784 3878 genitricem.
1815 3804 1902 3865 Unus

316 3905 482 3967 suggerere
491 3886 647 3966 potuisse;
663 3886 854 3959 incarnando
869 3889 986 3962 autem,
998 3889 1086 3966 quasi
1134 3886 1228 3966 igitur
1237 3887 1386 3964 eetfilius,
1397 3906 1479 3950 6666
1488 3890 1899 3971 Dominus,iesusClrristus,

316 3980 438 4059 majori,
483 3984 515 4039 et
558 3978 704 4040 inusitato
748 3978 909 4046 miraculo,
956 3980 1085 4040 minime
1135 3986 1166 4040 et
1174 3984 1245 4041 ante
1253 3980 1554 4058 iucarnationem,et
1564 3985 1898 4063 postlncarnationem.

316 4073 463 4153 potuisse.
479 4092 495 4128 6
514 4070 622 4131 Eidem
647 4070 758 4131 heresi
783 4071 913 4150 opponit
939 4075 970 4130 et
996 4070 1085 4132 illum
1135 4073 1204 4134 Non
1218 4072 1303 4133 enim
1317 4072 1395 4134 alter
1409 4079 1476 4134 erat
1491 4074 1575 4136 filius
1588 4094 1627 4135 ex
1642 4077 1704 4137 lleo
1719 4079 1811 4141 Patre
1824 4081 1901 4142 Ver·

316 4163 455 4243 Apostoli
489 4162 593 4224 locum
627 4182 665 4224 ex
699 4163 827 4242 epistola
857 4161 897 4223 od
929 4160 1084 4241 (inlotos',
1135 4167 1228 4241 bum;
1243 4164 1322 4226 alter
1335 4172 1560 4227 coronatusex
1568 4168 1697 4247 Virgine
1710 4176 1834 4232 sancta:
1849 4172 1903 4234 sed

316 4256 401 4318 misit
421 4253 519 4336 filium
539 4273 624 4315 6666
642 4254 754 4334 foetum
768 4272 806 4315 66
819 4253 1085 4334 conticescerem
1134 4257 1186 4319 ille
1199 4257 1275 4337 ipse,
1292 4257 1347 4337 qui
1361 4258 1513 4319 antecedit
1528 4260 1634 4320 omnia
1651 4261 1773 4335 secula,
1793 4280 1902 4325 66666·

316 4347 370 4410 sob
383 4347 447 4430 lege
459 4367 472 4409 .·
497 4347 537 4408 de
551 4365 614 4426 quo
625 4365 718 4427 supra
730 4345 982 4425 disputavimus⁸.
1135 4350 1211 4410 dum
1237 4366 1363 4413 earnem
1390 4350 1512 4426 genitus
1537 4368 1576 4412 ox
1601 4351 1733 4414 muliere
1754 4355 1901 4418 creditur.

1135 4442 1205 4503 Nou
1226 4440 1308 4520 quod
1334 4440 1476 4503 divinitae
1501 4441 1597 4521 ipsius
1617 4444 1741 4505 initium
1764 4453 1800 4508 ut
1823 4455 1905 4510 esset

1134 4533 1295 4612 acceperit,
1303 4537 1357 4593 aut
1366 4533 1536 4595 adinitium
1546 4535 1903 4616 existendipersanctom

1135 4627 1296 4704 Virginem
1306 4631 1414 4687 vocata
1424 4626 1478 4686 sit:
1492 4626 1546 4687 sed
1555 4627 1668 4708 potius,
1679 4629 1774 4707 quod,
1784 4635 1819 4691 ut
1826 4630 1901 4707 dixi,

1135 4719 1247 4782 666616
1261 4716 1446 4779 antecedens
1459 4718 1564 4780 omnia
1580 4719 1722 4780 Verbum
1734 4738 1774 4782 ex
1786 4721 1839 4783 illa
1854 4739 1903 4784 se·

1136 4812 1273 4875 cundum
1287 4827 1411 4872 carnem
1424 4811 1566 4889 genitum
1582 4829 1647 4873 esse
1660 4812 1795 4892 6166166,
1807 4814 1903 4895 siqui·

352 5060 373 5101 a
391 5044 464 5100 latr.
476 5038 564 5113 Apol.
576 5053 605 5094 11.
623 5037 671 5095 Καὶ
682 5043 731 5092 τῶν
746 5037 910 5110 Πατριαργῶν
925 5036 988 5104 ullu,
1004 5034 1085 5104 ἐπειδὴ
1137 5040 1179 5091 τοῦ
1189 5034 1276 5097 dacii,
1290 5033 1331 5086 καὶ
1349 5030 1502 5095 ’16666661
1520 5029 1618 5097 ‘loebe
1628 5034 1669 5086 καὶ
1683 5032 1795 5107 Ἀὃραᾶμ
1807 5035 1901 5107 γένους·

317 5128 358 5182 διὰ
373 5125 486 5195 τῆςᾶπὸ,
499 5125 584 5197 γένους
598 5120 679 5176 οὔτῶν
703 5121 821 5194 παρθένου
836 5121 1031 5192 οαρκοποιηθτὶς,
1046 5120 1087 5173 καὶ
1135 5117 1206 5186 iisd
1224 5117 1253 5172 τὸ
1267 5110 1329 5170 εἶναι
1357 5114 1430 5168 odric
1449 5114 1491 5169 tor
1511 5113 1620 5188 Ἀδραὰμ
1640 5118 1735 5189 πατέρα
1756 5117 1797 5170 sel
1811 5118 1903 5171 τούτων

319 5212 443 5282 ἅνθρωπος
464 5207 554 5274 terme,
577 5204 677 5276 ἄτιμος,
701 5205 742 5257 καὶ
763 5203 869 5272 παθητὸς
887 5203 999 5276 ὑπέμεινε
1020 5204 1087 5275 γενέ·
1136 5207 1186 5256 τῶν
1199 5199 1426 5272 κατηριθμημένων,
1441 5196 1466 5259 ἐξ
1487 5193 1522 5251 ὧν
1535 5199 1664 5271 resipui}
1686 5200 1770 5272 Magio
1783 5198 1812 5254 rb
1824 5202 1901 5273 γένος·

318 5294 382 5355 σθαι,
397 5300 451 5347 616.
472 5290 530 5344 itte
547 5288 676 5360 ἀνθρώπου
698 5287 783 5342 ἑαυτὸν
799 5287 892 5359 ἔλεγεν,
907 5289 962 5355 ἤτοι
984 5286 1033 5340 tot
1044 5291 1087 5352 τῆς
1135 5282 1231 5355 καὶγὰρ
1243 5283 1346 5354 πατέρας
1356 5288 1407 5336 τῶν
1420 5282 1578 5353 γεννωμένων
1595 5283 1649 5344 ταῖς
1663 5282 1807 5354 θυγατράσιν
1822 5282 1903 5337 αὐτῶν

319 5376 453 5450 γεννήσεως
467 5376 509 5440 τῆς
522 5371 563 5425 ut
571 5375 615 5439 τῆς
627 5371 757 5444 παρθένου·
772 5370 788 5439 ἦ
801 5390 836 5432 τις
850 5366 889 5438 ἦν,
901 5370 935 5433 ὣς
952 5369 1021 5441 ἔρην,
1038 5368 1087 5422 ἀπὸ
1135 5368 1237 5434 τέκνων,
1250 5366 1305 5428 τοὺς
1318 5369 1368 5419 τῶν
1382 5366 1486 5434 θηλειῶν
1499 5365 1646 5438 γεννήτορας
1656 5363 1812 5439 έτιοτάμτθα.

349 5566 358 5610 1
375 5566 431 5611 licto
443 5566 458 5610 1.
474 5564 501 5609 lv
510 5565 533 5608 16
543 5565 593 5608 loo.
606 5575 626 5607 ο.
637 5574 694 5614 rurs,
710 5570 726 5608 t.
738 5563 764 5615 t,
776 5563 819 5607 eol.
830 5562 933 5609 tlt.-a
947 5563 995 5609 Got.
1007 5562 1088 5613 ιν,1.-
1099 5561 1114 5605 8
1127 5560 1180 5616 cop.
1190 5570 1235 5614 nr,
1249 5559 1265 5616 ς
1278 5558 1353 5604 6-1
1366 5557 1390 5602 ln
1400 5567 1448 5613 cap.
1457 5568 1478 5600 6
1493 5558 1545 5602 ινιτ,
