4122 6248
645 381 696 444 DE
715 373 1020 458 moderatioris,
1042 381 1115 445 titt.
1136 382 1175 454 V,
1201 381 1286 446 cir.
1308 384 1363 445 vl.
1729 384 1791 450 tot

249 549 321 611 vlt.
334 548 412 610 'Non
432 544 632 608 dissimulabo
646 553 762 623 minan,
785 563 823 608 ex
840 545 899 607 iilis
913 546 972 607 So·
1023 548 1090 628 ejus
1112 549 1314 629 proprietates
1337 548 1431 611 modo
1452 551 1589 631 quodam
1610 550 1728 621 delinit,
1752 569 1789 615 as

206 639 333 723 phronii
346 639 447 701 verbis
462 638 628 700 nonullos
645 638 684 699 de
698 638 801 700 schola
814 638 973 717 theologos
1024 641 1220 715 determinat,
1235 643 1386 722 efficitque
1399 648 1435 704 ut
1446 660 1502 722 per
1511 660 1543 704 se
1552 643 1715 721 cohaereat,
1731 660 1789 708 nec

206 730 743 810 inesmesseinductosopinionem,
758 737 794 792 nt
802 730 974 792 humanam
1023 733 1125 795 alieno
1146 732 1335 796 adminiculo
1359 735 1485 797 nitatur.
1516 737 1563 796 Ex
1587 753 1650 815 quo
1677 736 1789 798 divinis

205 832 354 889 naturam
367 823 528 885 crederent
544 841 610 884 non
622 823 711 885 aliter
724 823 864 898 existere,
878 840 973 901 quam
1023 826 1164 905 personis
1189 826 1342 889 disemum
1362 826 1492 906 siugulis
1511 834 1610 906 ὕπαρξιν
1634 827 1786 890 attribuit.
1816 854 1957 901 mmm„

207 918 276 998 ipso
299 916 396 977 divim
409 915 505 981 Verbi
526 913 664 995 proprio,
686 914 836 977 existendi
858 915 972 992 mod03
1023 917 1118 996 Atqui
1131 923 1302 979 unaestut
1316 919 1457 996 essentia,
1472 918 1689 981 sicexistentia
1703 938 1788 981 mm·

206 1008 345 1071 maxime
378 1012 504 1087 propter
535 1006 683 1068 insertam
715 1008 801 1068 iilam
832 1005 974 1068 voculam
1024 1009 1128 1070 munis
1160 1010 1277 1087 tribus,
1305 1029 1342 1072 ac
1369 1010 1583 1090 personalibus
1614 1010 1789 1073 modificata

104 1160 108 1164 a
206 1118 309 1161 mem.
330 1100 408 1173 Qua,
423 1099 470 1159 uti
483 1103 608 1178 peresi,
624 1099 755 1173 subiate,
771 1097 974 1160 nihilominus
1024 1100 1275 1180 proprietatibus.
1290 1102 1471 1163 Sedeadem
1484 1101 1635 1163 distinctis
1648 1106 1789 1183 etoppo·

206 1192 368 1254 satisineo
380 1191 554 1270 argumenti
566 1208 631 1251 esse
642 1196 754 1270 putant
768 1191 875 1270 aliqui,
890 1189 973 1269 quod
1023 1192 1088 1252 sitis
1106 1193 1354 1271 proprietatibus,
1373 1212 1408 1253 ac
1428 1193 1530 1254 modis
1549 1192 1656 1253 allecta
1669 1193 1790 1255 diverse

207 1284 412 1364 Sophronias,
421 1288 454 1343 m
470 1284 534 1363 ipsc
552 1283 754 1357 Vertqemon
764 1282 972 1363 perseipsum,
1024 1282 1146 1345 dicitur.
1182 1284 1224 1345 ile
1257 1285 1317 1346 boc
1345 1284 1528 1346 Dsmasceui
1560 1282 1631 1346 loco
1662 1284 1790 1347 uberim

204 1375 394 1439 ecistersts'em
416 1375 549 1437 misisse
567 1375 672 1436 scribit
693 1374 866 1435 humanam
880 1378 972 1434 netu·
1024 1392 1152 1454 egemus
1164 1377 1306 1455 sequenti
1319 1378 1430 1457 capite.

205 1486 287 1530 ram.
309 1468 367 1529 Cui
394 1472 425 1529 et
450 1468 548 1529 affinis
572 1472 618 1528 est
640 1467 768 1530 loannis
791 1465 974 1527 Damasceui
1064 1468 1144 1528 vili.
1168 1468 1214 1529 Ad
1228 1486 1383 1530 summam
1399 1468 1506 1530 Patres
1524 1468 1582 1541 illi,
1605 1467 1659 1547 qui
1676 1468 1789 1529 bama·

206 1560 295 1622 locus
316 1559 350 1620 in
373 1560 472 1639 capite
498 1560 679 1620 duodecimo
699 1558 772 1619 libri
793 1558 893 1633 tertii,
918 1558 974 1618 ubi
1024 1576 1097 1620 nam
1123 1558 1234 1621 Christi
1254 1567 1399 1621 naturam
1419 1560 1570 1621 exstitisse
1591 1560 1737 1640 primitus
1756 1559 1790 1619 in

206 1653 307 1715 smmis
318 1653 508 1714 existentiam
521 1652 553 1713 in
567 1653 631 1731 ipso
645 1650 736 1713 Verbo
746 1651 897 1711 nominat.
913 1650 974 1710 Sed
1024 1651 1126 1711 Verbo
1149 1659 1307 1730 esserunt,
1338 1652 1415 1713 nihil
1442 1653 1573 1732 emplius
1598 1650 1788 1729 significant,

207 1750 319 1806 neuter
335 1744 530 1806 existentiam
554 1744 713 1824 propriam
735 1742 843 1804 adimit
861 1742 974 1803 huma·
1024 1761 1119 1822 quam
1133 1744 1216 1822 quod
1230 1744 1420 1823 Augustinus
1432 1744 1465 1803 in
1479 1741 1790 1821 Esciirs'ds'o,capita

207 1836 319 1898 nitati:
340 1854 451 1898 verum
470 1837 552 1897 benc
571 1853 627 1916 per
644 1853 687 1907 sc,
709 1853 746 1896 ac
766 1838 938 1914 separatam
956 1852 975 1894 a
1026 1836 1261 1916 quadragesimo
1275 1836 1392 1911 scribit,
1411 1836 1597 1895 «hominem
1610 1836 1644 1894 in
1658 1834 1787 1911 Christo,

207 1928 323 2001 Verbo,
346 1926 433 1988 illam
454 1928 553 2007 ipsein
576 1927 721 1988 habuisse
740 1926 899 2006 propriam
912 1926 974 1985 exi·
1024 1926 1058 1987 in
1076 1925 1142 2006 ipso
1157 1928 1283 1987 exordio
1301 1934 1422 1988 nature
1436 1945 1509 2001 sue,
1530 1944 1593 2006 quo
1607 1944 1671 1987 esse
1685 1926 1788 2005 clepit,

207 2019 354 2081 stentlam
367 2020 541 2080 confirmat.
559 2020 604 2080 De
619 2018 805 2098 sophronio,
817 2017 884 2095 jam
897 2017 973 2077 iliud
1026 2019 1125 2079 Verbo
1144 2020 1201 2080 Dei
1215 2020 1392 2099 copulatum
1406 2040 1422 2078 s
1439 2019 1550 2094 fuisse;
1566 2035 1660 2097 quem
1670 2018 1787 2093 locum,

204 2111 397 2189 explicatum
411 2118 467 2172 est.
483 2112 570 2174 Idem
582 2118 612 2172 et
623 2110 662 2171 de
671 2111 767 2171 altero
777 2107 976 2189 persuadebit
1025 2128 1096 2170 cum
1109 2108 1176 2171 aliis
1189 2111 1343 2190 plerisque
1355 2112 1542 2186 Graecorum,
1559 2129 1594 2170 ac
1605 2108 1790 2169 Latinorum

206 2203 329 2282 integer
341 2202 427 2264 iocus
446 2203 472 2265 si
490 2204 558 2282 quis
571 2203 818 2264 animadvertere
830 2200 972 2260 voluterit.
1025 2203 1161 2273 Petrum,
1179 2203 1339 2279 superiore
1357 2202 1439 2263 libro
1452 2198 1786 2263 commemoravimus¹.

207 2294 322 2355 scribit
333 2295 352 2355 J
354 2313 471 2356 oannes
484 2292 714 2369 Damascenns¹,
729 2293 788 2353 tria
801 2291 869 2352 haec
882 2290 974 2352 simul
1023 2293 1069 2354 lbi
1083 2298 1188 2354 autem
1201 2293 1406 2373 Augustinus,
1427 2299 1462 2355 ut
1482 2295 1607 2355 initium
1625 2292 1787 2368 existendi,

207 2404 274 2448 esse
297 2388 435 2466 caepisse,
452 2407 468 2445 c
488 2387 732 2466 assumptionem
749 2385 895 2445 humanae
918 2402 973 2444 ne·
1023 2385 1067 2445 sic
1087 2385 1281 2446 existentiam
1296 2386 1394 2465 ipsam
1410 2386 1558 2448 humane
1575 2390 1696 2446 naturae
1712 2401 1788 2464 pro-

205 2483 298 2553 tuse,
323 2480 390 2558 ejus
412 2480 624 2547 subtantiam,
653 2483 684 2539 et
707 2476 933 2538 deificationem
957 2494 977 2536 a
1022 2475 1124 2557 priam
1136 2477 1273 2540 tribuere
1284 2479 1418 2539 videtur.

205 2569 332 2631 Verbo:
356 2589 393 2631 ac
415 2570 508 2650 paulo
530 2575 616 2648 post,
636 2590 652 2628 s
675 2569 768 2629 simul
791 2572 975 2646 conceptum
1065 2569 1154 2629 Certe
1172 2569 1218 2629 uti
1240 2570 1322 2649 quod
1346 2577 1431 2632 etates
1450 2570 1501 2630 vei
1519 2577 1650 2645 ὁντόητα,
1671 2566 1790 2631 bocest
1826 2589 1849 2633 st
1863 2593 1946 2631 natura

206 2661 312 2737 Verbi,
328 2668 359 2723 et
370 2663 564 2723 existentiam
573 2663 674 2723 carnis
686 2661 788 2727 isrisse,
808 2682 821 2717 s
838 2660 974 2719 Multum
1025 2661 1188 2729 essents'am,
1204 2667 1236 2722 et
1254 2663 1402 2723 entitatem
1420 2662 1539 2723 nullam
1551 2661 1655 2736 habet,
1669 2670 1699 2724 rt
1713 2670 1746 2742 pst
1758 2671 1787 2722 ts
1830 2643 1939 2752 Ρξξᾞξ,

206 2753 296 2816 abest
319 2754 414 2833 igitur
437 2754 476 2814 ab
498 2773 545 2828 eo,
570 2760 606 2813 ut
627 2753 788 2833 propriam
810 2751 855 2811 ibi
874 2751 975 2812 carnis
1026 2753 1148 2830 dicitur,
1165 2753 1223 2814 hoc
1237 2762 1283 2815 est
1301 2772 1359 2815 non
1375 2773 1433 2823 ens,
1449 2761 1480 2816 et
1493 2754 1599 2814 fictum
1611 2754 1737 2833 aliquid,
1753 2772 1788 2813 ac
1812 2761 1857 2796 ⁰⁰¹¹
1871 2708 1961 2792 llum

206 2845 403 2907 subtantiam
410 2851 521 2925 neget:
536 2863 609 2906 cum
617 2845 676 2906 hoc
685 2845 787 2905 solum
796 2844 972 2919 contendat,
1026 2863 1150 2906 merum
1164 2846 1261 2906 nihii:
1276 2846 1411 2924 itaquod
1423 2853 1523 2926 ὕπαρξιν
1535 2845 1712 2918 nonhabet,
1722 2862 1788 2905 non
1812 2800 1951 2900 uipsgpppn

204 2954 370 3017 nunquam
404 2939 470 2999 sine
495 2938 598 2998 Verbo
626 2953 750 2997 carnem
782 2936 976 2996 existentiam
1025 2942 1072 2998 est
1094 2936 1221 3015 aliquid,
1245 2937 1365 3015 saltem,
1381 2942 1417 2998 ut
1436 2937 1619 3016 loqurmtur,
1642 2942 1732 2996 actu:
1757 2941 1789 2996 et
1820 2904 1946 3010 *iffi*

207 3046 298 3090 suam
307 3028 462 3107 babuisse,
472 3048 529 3090 uec
539 3029 626 3109 prius
634 3028 896 3107 exstitisse,quam
903 3043 975 3092 cum
1025 3033 1153 3090 eatenus
1173 3034 1230 3104 est,
1249 3048 1311 3109 que
1328 3032 1429 3108 potest
1440 3029 1580 3100 existere,
1596 3045 1632 3088 ac
1644 3027 1790 3107 possibile

206 3121 261 3182 illo
271 3122 467 3200 jungeretur.
1024 3120 1146 3189 dicitur,
1171 3121 1232 3182 hoc
1256 3127 1302 3182 est
1315 3129 1415 3200 scripu
1428 3130 1457 3182 ts
1474 3140 1481 3181 :
1503 3126 1541 3181 nt
1563 3137 1657 3199 supra
1678 3119 1788 3180 memi-

248 3212 292 3275 Ac
312 3220 462 3293 preterea
482 3213 681 3274 retinendum
701 3211 779 3272 iilud
792 3216 849 3281 est,
865 3217 973 3290 ὕπαρξις,
1023 3211 1138 3272 nimus.
1155 3211 1234 3272 ilinc
1243 3213 1327 3290 quod
1335 3217 1380 3273 est
1388 3212 1478 3285 nibil,
1489 3219 1640 3291 ἀνύπαρκτον
1650 3216 1787 3285 vocatur,

207 3322 303 3385 mm
314 3303 497 3367 seutentiam
515 3309 637 3379 vocant,
660 3304 724 3364 siva
744 3320 799 3363 esse
818 3308 897 3375 asts,
915 3303 974 3363 du·
1025 3308 1056 3365 et
1069 3310 1202 3383 ἁνυπαρξία
1223 3308 1320 3363 status
1341 3308 1387 3363 est
1409 3300 1512 3376 m'ltils',
1537 3303 1588 3363 vel
1610 3302 1642 3362 in
1662 3301 1790 3363 nibilum

207 3396 328 3476 pliciter
341 3397 449 3475 accipi.
464 3399 527 3457 Aut
541 3396 625 3456 enim
639 3395 809 3474 simplicem
824 3393 977 3474 significat
1025 3392 1151 3456 redacti.
1170 3393 1257 3468 Quod
1278 3393 1304 3454 si
1323 3398 1437 3453 natura
1455 3392 1593 3453 bominis
1614 3393 1649 3453 in
1670 3392 1790 3454 Christo

209 3488 413 3548 emersionem
439 3487 485 3548 rei
513 3506 551 3548 ex
576 3487 692 3559 nihilo,
720 3486 770 3548 vel
796 3504 836 3547 ex
861 3486 973 3558 causis,
1025 3486 1149 3566 propria
1167 3491 1250 3547 caret
1262 3485 1429 3561 existentis,
1446 3485 1555 3546 eritex
1567 3502 1632 3546 sese
1645 3484 1734 3545 nibil.
1750 3484 1793 3545 Ut

209 3596 343 3658 quarum
353 3581 492 3660 potentie
501 3579 717 3640 continebatur
730 3598 737 3638 ε
750 3585 803 3638 aut
810 3579 974 3657 ejusmodi,
1024 3577 1107 3638 enim
1124 3577 1333 3656 quianullum
1353 3576 1447 3637 habet
1464 3576 1626 3656 proprium
1643 3576 1704 3636 sibi
1718 3576 1791 3636 sub·

209 3676 245 3731 ut
256 3688 312 3750 per
323 3689 367 3743 se,
383 3676 414 3732 et
432 3671 472 3732 ab
491 3670 559 3731 eliis
579 3670 725 3731 omnibus
745 3675 885 3750 separata
901 3688 975 3731 cou-
1026 3669 1153 3730 sistendi
1166 3670 1307 3743 modum,
1322 3677 1488 3741 ἀνυπόστατος
1500 3674 1627 3729 vocatur
1636 3686 1673 3728 eo
1686 3685 1790 3741 sensu,

209 3764 321 3836 sistat3
347 3780 406 3824 nec
430 3764 463 3823 in
493 3767 631 3842 partem,
657 3780 694 3822 ec
720 3762 976 3841 compositionem
1027 3779 1088 3841 quo
1102 3769 1411 3840 tricemqpersonam
1431 3759 1604 3838 significat:
1624 3765 1655 3820 et
1675 3759 1701 3818 si
1719 3767 1793 3820 ante

207 3853 304 3917 totius
317 3853 489 3935 cujuspiam
514 3855 630 3931 veniat,
659 3871 728 3933 quse
755 3859 854 3933 ῦπαρεις
877 3859 978 3934 potest
1026 3854 1242 3915 subsistentem
1265 3852 1363 3926 iilam,
1390 3857 1421 3913 et
1442 3851 1620 3931 perlectam,
1642 3851 1723 3911 lietu
1743 3869 1791 3911 as·

208 3952 360 4022 tacuerint
376 3946 542 4020 nominari,
559 3964 596 4007 eo
609 3944 694 4025 quod
707 3945 893 4024 proprietate
906 3945 979 4007 sub
1025 3945 1214 4023 sumpsisset,
1232 3950 1268 4005 ut
1280 3945 1348 4024 jam
1366 3961 1498 4023 persona
1517 3960 1582 4003 non
1601 3947 1691 4017 esset,
1710 3949 1793 4004 recte

209 4037 335 4098 sistendi
354 4038 393 4097 sit
412 4038 536 4111 siiecta,
558 4043 589 4099 et
601 4036 790 4105 modificata,
807 4037 862 4116 qui
876 4036 978 4098 modus
1025 4037 1180 4098 diceretur
1201 4043 1424 4107 εῐςὰνυποστασῑαν
1447 4034 1581 4111 redacta,
1606 4039 1637 4094 ci
1663 4050 1701 4095 eo
1724 4033 1793 4114 ipso

208 4127 355 4191 existendi
370 4128 431 4190 dici
453 4129 530 4191 solet
548 4147 568 4189 a
589 4126 798 4201 Patribus,·ut
816 4128 850 4189 in
867 4134 977 4207 quarto
1025 4128 1155 4191 minime
1169 4127 1338 4206 completa:
1357 4126 1409 4187 Sic
1428 4124 1676 4186 eadem'nnllem
1695 4124 1721 4184 si
1740 4123 1794 4184 ob

208 4219 288 4281 libro
312 4218 347 4281 de
369 4219 519 4282 Tm'm'tcte
538 4220 712 4282 docuimus.
734 4220 815 4298 Ergo
827 4228 977 4299 tumeant
1025 4220 1106 4281 tinet
1119 4219 1313 4281 existentiam
1321 4217 1490 4298 propriam,
1503 4217 1615 4278 merito
1629 4223 1791 4297 ἀνύπαρκτος,

208 4311 458 4393 ὕκιρξιςώωίιιιθ
469 4312 751 4393 ῦπαρξιςαρροΗαῑυτ
765 4312 934 4376 interdum.
1026 4313 1103 4373 etin
1117 4316 1232 4372 statum
1251 4322 1294 4386 τῆς
1307 4316 1452 4390 acceptia,
1465 4309 1596 4369 deducta
1609 4308 1667 4370 dici
1679 4313 1790 4388 potest,

249 4405 317 4465 Hoc
345 4405 439 4465 modo
466 4404 685 4484 explicandum
711 4402 793 4463 istud
815 4410 872 4479 est,
895 4406 978 4485 quod
1026 4404 1240 4483 sepiusquam
1258 4400 1455 4482 incompleic3
1471 4401 1610 4478 adeoque
1627 4398 1711 4460 m'lril
1724 4418 1792 4461 om>-

207 4495 347 4558 Joannes
365 4497 575 4558 Damascenus
593 4496 628 4556 in
649 4494 731 4556 libro
752 4494 914 4557 deductas
927 4514 977 4557 oo·
1025 4495 1113 4557 nino.
1135 4493 1223 4568 Quod
1246 4499 1351 4555 tamen
1377 4491 1462 4553 ucles
1487 4507 1553 4552 csse
1579 4491 1664 4552 dictu
1690 4498 1794 4554 censet

210 4586 374 4649 luctatibus
389 4587 545 4667 disputet:
561 4589 628 4648 buo
642 4603 708 4649 esse
722 4587 757 4646 in
770 4585 907 4667 qualibet
919 4588 979 4668 by·
1025 4588 1110 4648 idem
1130 4587 1267 4647 loannes
1287 4586 1512 4657 Damaseenus3
1535 4583 1591 4662 qui
1611 4589 1738 4645 nsturas
1751 4586 1794 4646 ita

207 4678 343 4760 postasi:
364 4679 501 4758 primum
521 4683 567 4740 est
584 4688 613 4741 τὸ
626 4680 700 4754 εἶναι,
721 4678 782 4738 hoc
800 4684 846 4739 est
865 4697 932 4755 esse,
948 4683 980 4739 et
1026 4680 1108 4738 inter
1121 4695 1154 4738 se
1167 4677 1273 4738 celime
1288 4676 1392 4737 scribit
1405 4676 1439 4735 in
1460 4676 1602 4738 eamdem
1615 4695 1791 4757 personam,

206 4770 343 4845 crisim,
365 4776 502 4848 ereetum
521 4786 596 4844 esse,
615 4787 718 4843 sensa,
735 4776 766 4832 et
780 4770 884 4830 anima
897 4788 979 4849 pras·
1027 4775 1139 4830 neutra
1168 4772 1202 4828 ut
1227 4767 1421 4829 naturalibus
1446 4768 1686 4848 proprietatibus
1715 4769 1794 4829 exei-

207 4860 309 4923 ditum
327 4878 403 4938 esse,
424 4865 455 4922 et
472 4850 594 4938 similia,
614 4878 684 4941 quae
705 4860 914 4934 substantive,
940 4879 976 4922 ac
1024 4860 1180 4935 derit,nec
1193 4860 1226 4921 in
1240 4858 1374 4920 nibilum
1387 4860 1510 4921 redacta
1520 4859 1671 4939 sit,quem
1684 4868 1792 4943 ἀνυπαρ-

206 4952 365 5017 uaturales
388 4958 462 5014 sunt
483 4950 694 5035 proprietates.
718 4952 900 5016 Secundum
918 4957 972 5028 est,
1024 4959 1076 5022 tim
1103 4957 1228 5015 vocate.
1244 4952 1388 5013 Humane
1400 4951 1503 5032 itaque
1517 4958 1630 5012 natura
1642 4969 1713 5012 cum
1723 4969 1793 5033 per-

207 5045 402 5127 hyposiatica
424 5044 607 5115 differentia,
628 5063 699 5126 quse
722 5062 790 5107 rem
809 5045 920 5126 ipsam,
945 5050 977 5108 et
1024 5043 1104 5106 lecta
1116 5044 1165 5116 sit,
1182 5050 1214 5107 et
1231 5062 1280 5106 ess
1296 5049 1409 5106 natura
1431 5044 1619 5124 completum
1632 5063 1641 5123 3
1654 5043 1708 5105 illa
1726 5044 1794 5127 ipsa

243 5274 266 5314 a
282 5258 361 5315 loia.
377 5257 492 5313 Diniae.
513 5254 561 5311 tib.
586 5255 634 5319 iit,
650 5270 711 5327 cap.
727 5270 765 5310 111.
785 5256 856 5326 Μήτι
871 5254 918 5329 pits
929 5258 974 5325 nic
1021 5255 1183 5402 ἄνθρξῗπὶνης,
1197 5257 1212 5324 b
1226 5256 1358 5407 Ξεηαπείσης
1375 5253 1409 5317 εἰς
1430 5253 1544 5322 trimme
1555 5253 1637 5327 pins,
1651 5253 1668 5321 ii
1681 5254 1715 5317 sig
1735 5255 1792 5311 iou·

1021 5358 1072 5411 rep
1095 5356 1124 5393 m
1137 5358 1225 5412 χωρησ
1274 5359 1295 5401 ς.

235 5514 247 5561 t
260 5512 315 5561 vtis
321 5512 362 5558 itt.
373 5510 410 5563 tr,
423 5522 445 5557 s.
458 5521 479 5562 r,
491 5519 569 5566 parer.
580 5519 663 5565 supra:
674 5508 714 5554 uti
723 5508 789 5556 rerba
799 5509 872 5557 draca
885 5509 995 5567 imum·
1001 5514 1111 5559 sant-i
1122 5513 1208 5594 capr,
1221 5524 1296 5570 perse.
1308 5512 1330 5558 a.
