4036 6162
516 356 567 418 DE
586 354 890 425 INCARNATIONE,
912 356 984 419 ΗΒ.
1008 356 1049 436 ΙΙ,
1070 356 1158 420 cAP.
1180 358 1276 421 xvu.
1627 358 1682 421 sol

108 521 315 604 superioribus
341 523 504 600 omnibus,
531 539 626 602 quam
651 522 787 584 adventu
812 540 869 584 suo
918 520 1043 598 sciehat,
1054 524 1159 604 qualos
1168 543 1233 587 non
1247 525 1372 605 quidem
1384 542 1502 602 omncs,
1516 524 1569 587 sed
1580 528 1686 585 tammr

108 615 267 677 illustravit
287 615 449 687 Dominus,
478 633 517 676 ex
541 633 577 676 eo
595 614 717 696 probet,
733 615 816 705 quod
834 615 869 676 in
919 615 1011 676 multi
1020 616 1055 676 in
1068 617 1134 695 ejus
1144 619 1295 698 corporali
1304 618 1469 697 praesentia
1481 617 1617 692 lucrum,
1630 616 1685 695 qui

107 707 270 789 Evangelio
290 708 357 787 ipse
370 706 484 769 dinit¹z
511 707 575 770 Viri
591 706 737 769 Ninivitas
749 715 869 787 serpent
919 705 954 767 in
968 726 1042 769 eum
1061 727 1119 770 nec
1131 710 1281 772 suscitatis
1295 709 1334 770 ab
1349 728 1386 771 eo
1406 709 1538 770 mortuis
1561 707 1685 769 eredere

107 798 265 880 injudicio
278 818 344 861 cum
360 799 544 880 generatione
557 799 614 863 isto
627 820 639 862 .·
653 808 683 861 et
695 799 868 862 eademna-
917 799 1101 877 voluerunt,
1131 807 1192 863 ete.
1219 802 1298 875 Quid
1319 820 1393 881 ergo
1419 801 1547 877 mirum,
1573 800 1600 861 si
1620 805 1685 861 tam

107 890 173 953 tant
184 910 260 968 earn,
274 896 334 954 ete.
350 894 425 955 lise
439 891 607 972 Gregorius
621 895 787 974 Nyssenus.
918 889 1097 954 infidelibus
1110 893 1240 974 plenum
1254 895 1361 955 orbem
1380 898 1535 954 terrarum
1549 892 1686 955 Christus

142 984 356 1046 Theodoretus
380 1002 454 1046 vero
485 984 517 1045 id
550 986 634 1064 quod
661 992 708 1048 est
731 984 870 1063 Gregorii
918 983 1075 1062 prioribus
1102 986 1222 1047 sareulis
1247 990 1387 1062 noverat,
1403 990 1439 1045 ut
1459 985 1502 1046 eis
1522 1002 1684 1065 apparere,

108 1076 234 1154 Nymeni
246 1077 386 1157 opinioni
397 1082 654 1154 consentaneum,
666 1077 706 1138 ad
729 1077 869 1139 eamdem
918 1075 968 1135 vel
981 1076 1142 1155 predicari
1155 1077 1269 1139 merito
1283 1078 1394 1154 nollet,
1409 1095 1487 1157 quos
1499 1094 1557 1138 nee
1570 1076 1692 1150 verbis,-

107 1168 305 1248 quasnonem
326 1171 491 1259 exprpmit,
506 1170 652 1231 adversus
664 1170 795 1250 gentiles
808 1174 869 1229 tnr-
918 1184 976 1229 nec
982 1168 1137 1230 miraculis
1146 1169 1210 1230 suis
1219 1169 1388 1231 credituros
1397 1187 1462 1231 esse
1472 1167 1681 1250 praesciebatts

107 1261 228 1322 dimam
242 1261 468 1322 iucarnationis
481 1261 714 1342 exprobrantes.
742 1283 758 1320 c
780 1261 869 1335 Quod
919 1259 993 1332 ene
1006 1260 1171 1339 Augustini
1184 1262 1262 1323 ratio
1282 1280 1354 1323 eum
1374 1262 1531 1342 superiore
1545 1260 1598 1321 illa
1610 1278 1684 1322 cou-

106 1353 224 1413 siillud
243 1352 395 1431 objicitis.
411 1354 528 1433 inquit,
550 1372 606 1414 cur
619 1355 823 1415 tandemnen
836 1352 869 1413 id
919 1352 1012 1412 sentit
1042 1353 1191 1427 Eusebii,
1228 1371 1299 1434 ques
1333 1354 1473 1434 priorum
1508 1359 1686 1432 temporum

107 1444 174 1505 olim
187 1445 334 1506 omnium
348 1463 455 1507 rerum
469 1446 609 1507 conditor
631 1445 726 1507 lecit?
748 1446 869 1525 Repre·
920 1445 1126 1522 corruptelam
1134 1445 1285 1507 obstitisse
1299 1447 1416 1521 statuit,
1423 1463 1463 1505 nc
1474 1450 1543 1506 tum
1550 1445 1687 1504 Christus

105 1536 236 1613 bandite,
250 1537 276 1597 si
289 1539 426 1617 potestis,
441 1538 588 1611 medicos,
604 1538 687 1617 quod
700 1537 870 1598 valentiora
919 1534 1089 1597 adveniret.
1112 1536 1191 1598 Vide
1214 1556 1284 1616 quae
1310 1538 1348 1599 de
1375 1537 1429 1598 illo
1454 1537 1522 1599 lom
1549 1536 1687 1614 epistolae

106 1629 325 1691 medicamenta
340 1634 495 1708 postremo
520 1630 588 1691 loco
606 1637 774 1690 reservent.
790 1629 869 1689 Nam
917 1643 982 1686 suas
1002 1644 1074 1688 mx
1095 1627 1232 1708 disputat
1256 1629 1339 1689 idem
1362 1629 1554 1707 Augustinus
1581 1632 1688 1688 eontra

105 1719 221 1781 lenibus
234 1721 283 1781 usi
303 1727 408 1797 untes,
431 1721 559 1783 fortiora
572 1720 769 1801 postmodum
784 1720 869 1780 adhi·
919 1717 1153 1797 Pelagianorum
1179 1720 1360 1800 reliquias²,
1387 1720 1470 1781 illius
1482 1719 1584 1782 verbis
1609 1719 1686 1780 obu-

105 1810 206 1874 bent‘.
224 1833 240 1871 υ
259 1812 397 1890 Subjicit
408 1813 518 1873 deinde
536 1814 641 1892 priora
653 1812 721 1887 illa,
735 1817 766 1873 et
778 1830 867 1890 para·
920 1814 1030 1874 tentes.

105 1902 207 1965 biliora
240 1904 400 1979 remedia,
441 1904 554 1983 quibus
586 1903 726 1964 humano
760 1903 869 1982 generi
960 1902 999 1963 V.
1010 1902 1050 1964 At
1058 1902 1140 1964 idem
1149 1903 1356 1981 interrogatus
1365 1903 1592 1983 alias⁸,cqusre
1600 1908 1686 1965 tanto

105 1995 262 2057 subvenire
276 2001 406 2056 conatus
420 2001 475 2072 est,
491 1994 602 2056 mundi
617 2013 785 2074 rerumque
798 2014 869 2056 con-
917 2003 987 2072 post
1001 1995 1086 2055 venit
1099 1996 1248 2057 Dominus
1261 1997 1351 2057 Jesus
1364 1996 1513 2071 Christus,
1538 1996 1687 2075 quasdam

105 2086 235 2148 ditarem
254 2105 364 2163 enirm,
380 2092 411 2148 et
422 2094 595 2166 aspectum:
620 2088 733 2165 Legem
743 2087 866 2162 deinde,
917 2085 1686 2166 uelutaetatesdiseemitbumanigeneris,maxime

105 2197 136 2240 ao
152 2181 333 2259 Prophetas.
359 2200 376 2236 a
396 2180 572 2240 Secundum
591 2198 661 2258 quae
680 2184 867 2258 praepotens,
918 2176 1102 2256 pueritiam,
1130 2197 1201 2256 quaa
1231 2179 1339 2257 primis
1362 2179 1473 2239 mundi
1496 2178 1687 2257 temporibus

104 2277 133 2331 et
158 2272 289 2333 salutare
312 2271 392 2332 illud
419 2271 622 2351 pharmacum
650 2271 776 2343 obtulit,
806 2289 869 2350 quo
918 2268 1081 2342 convenit,
1120 2273 1151 2329 et
1174 2270 1388 2347 juventutem,
1422 2289 1491 2347 quae
1517 2270 1686 2349 posteriora

104 2362 249 2423 morbum
285 2361 504 2443 propulsavitl.
540 2384 556 2421 υ
590 2362 798 2423 ‘lertidiianus
836 2363 870 2424 in
918 2360 1065 2421 eontinet.
1086 2360 1176 2420 «Nec
1190 2361 1337 2440 oportuit,
1354 2362 1468 2441 iuquit,
1482 2361 1588 2422 venire
1611 2361 1686 2422 divi·

106 2451 180 2515 Seor
207 2454 261 2531 'aar'
274 2456 372 2533 capite
385 2474 417 2516 v.
436 2454 526 2516 «Sed
543 2453 693 2516 llominus
707 2453 868 2535 (inquitad
918 2451 1003 2511 nitus
1016 2451 1212 2529 magistrum,
1236 2453 1324 2531 eujus
1344 2453 1516 2514 imitatione
1537 2453 1572 2513 in
1585 2470 1688 2514 mores

105 2474 867 2618 amssmsennnnamlsmannnfervuradelictt
919 2543 1053 2622 optimos
1070 2541 1266 2621 formaretur,
1283 2544 1344 2605 nisi
1354 2545 1686 2624 temporejuventutis.

106 2637 196 2699 donee
210 2644 354 2718 tempore
370 2637 521 2700 medicina
537 2644 779 2717 temperaretur,
792 2656 869 2717 pau-
918 2632 966 2694 Ad
979 2633 1039 2694 hoe
1051 2633 1133 2694 valet
1147 2635 1231 2713 quod
1246 2635 1413 2713 Apostolus
1430 2636 1522 2697 dicit:
1540 2634 1601 2697 soe
1613 2635 1686 2714 tege,

105 2729 186 2791 latim
209 2731 350 2792 remedia
370 2730 553 2808 composuit,
568 2748 676 2792 omnes
688 2729 761 2792 fidei
779 2730 869 2791 disci-
918 2732 1058 2805 tanquam
1080 2724 1134 2786 sab
1148 2725 1335 2807 paedagogo,
1355 2727 1498 2809 parvulos
1517 2726 1686 2806 aristoditos,

106 2822 209 2900 plinus,
225 2827 257 2883 et
276 2823 359 2902 ipsus
373 2821 500 2883 aemulas
512 2821 600 2896 uitio,
615 2821 749 2883 verbum
761 2822 870 2882 mortis
917 2815 1004 2879 donec
1018 2817 1127 2879 ereairet
1137 2818 1188 2878 cai
1194 2818 1379 2895 servabatar,
1393 2819 1449 2899 qai
1457 2837 1512 2900 per
1525 2818 1689 2900 Prophetas

105 2913 191 2974 serbo
205 2913 282 2976 vitre
295 2914 516 2989 rescindentes,
535 2913 676 2975 auditum
700 2919 870 2993 transgres-
917 2913 1078 2989 promissas
1086 2916 1194 2969 erat.»

106 3004 191 3066 sionis
203 3005 316 3066 auditu
330 3005 503 3067 devotionis
516 3005 669 3066 limantes.
686 3024 702 3062 υ
959 3002 1050 3069 Quod
1063 3007 1168 3062 autem
1181 3001 1215 3061 in
1228 3001 1330 3081 primo
1343 3000 1465 3064 librode
1477 3000 1579 3066 Genesi
1588 3010 1688 3064 contra

141 3097 188 3160 lli.
205 3096 402 3176 Augustinus
416 3102 505 3158 unet.
521 3114 600 3158 xxxr
612 3096 740 3159 taloan.
759 3097 871 3159 «Multi
919 3091 1123 3168 amictant,
1135 3095 1310 3155 humanum
1320 3094 1429 3157 itidem
1442 3095 1689 3175 genusinoertas

106 3187 215 3262 dicunt,
228 3208 327 3269 quare
336 3208 402 3252 non
411 3197 483 3251 ante
495 3189 582 3251 vonit
590 3188 745 3250 Christus?
756 3190 867 3269 inquit,
918 3186 1050 3266 partitus
1072 3191 1187 3259 etates,
1201 3187 1309 3265 quinta
1322 3204 1361 3247 ex
1386 3188 1436 3264 iis,
1456 3188 1516 3249 hoo
1529 3193 1575 3248 est
1587 3188 1689 3250 media

106 3279 215 3352 Quibus
249 3281 505 3360 respondendnm
536 3286 604 3357 est,
629 3280 702 3359 quia
728 3281 871 3342 nondum
918 3277 1000 3338 inter
1006 3277 1214 3356 juventutem,
1228 3283 1259 3338 et
1271 3283 1473 3355 senectutem,
1483 3285 1538 3341 ant
1550 3279 1644 3341 etism
1655 3281 1689 3341 in

106 3379 226 3434 renuat
234 3373 397 3452 plenitudo
406 3373 555 3454 temporis
566 3372 746 3434 moderante
756 3372 871 3452 illoper
919 3373 1073 3430 senectute
1094 3369 1170 3446 ipsa,
1198 3375 1233 3429 ut
1258 3370 1293 3429 in
1314 3369 1580 3432 detractationibus
1602 3371 1688 3449 dicit,

106 3480 191 3541 quem
225 3464 308 3525 iactu
341 3474 416 3525 sunt
446 3471 596 3545 tempora.
634 3464 754 3525 Sciebat
786 3465 871 3526 enim
920 3460 1078 3521 Christum
1089 3460 1248 3521 advenisse
1262 3461 1425 3541 scripserat
1440 3509 1447 3539 ,
1461 3462 1492 3523 id
1501 3462 1544 3523 sie
1558 3463 1689 3542 explicat

106 3557 224 3633 quando
239 3557 347 3617 venire
360 3556 498 3618 deberet.
529 3557 630 3618 Primo
657 3573 713 3636 per
739 3555 871 3617 multam
920 3552 953 3613 in
967 3552 1077 3613 iisdem
1097 3550 1379 3622 detractationibus,
1401 3560 1436 3615 ut
1450 3554 1558 3616 eadem
1571 3561 1645 3616 oetas
1658 3562 1689 3617 et

106 3648 210 3709 seriem
224 3653 417 3729 temporum,
437 3655 469 3710 et
480 3665 636 3710 annorum
659 3648 872 3728 praedicendus
916 3644 1076 3723 juventus,
1084 3650 1114 3705 et
1123 3648 1263 3704 senectus
1276 3645 1428 3725 appellari
1442 3647 1546 3726 possit.
1559 3648 1689 3709 «Potest

106 3736 174 3801 tuit:
195 3758 263 3801 nou
289 3740 374 3802 enim
397 3740 516 3819 aliquid
543 3757 675 3820 parvum
701 3745 869 3801 venturum
920 3738 1005 3799 enim
1045 3735 1175 3815 intelligi
1214 3742 1383 3817 utrumque
1417 3740 1451 3800 in
1489 3740 1688 3800 universitate

106 3828 167 3892 bnt.
182 3832 245 3893 Diu
258 3832 359 3893 iuerat
376 3832 601 3911 praedicendus,
625 3849 747 3911 semper
760 3837 869 3893 tenen·
919 3829 1094 3903 homiuum,
1131 3830 1212 3908 qnod
1247 3847 1314 3889 non
1347 3836 1447 3908 potest
1480 3830 1514 3890 in
1547 3830 1688 3891 aetatibus

106 3919 168 3983 dns.
183 3924 308 3998 Quanto
319 3924 420 4002 major
429 3924 527 4002 judex
535 3922 689 3997 veniebat,
697 3929 784 3984 tanto
794 3941 871 4002 prse-
920 3919 1125 4000 singulorum.
1145 3920 1231 4001 Sicut
1243 3920 1277 3980 in
1290 3938 1418 4000 corpore
1431 3938 1495 3981 non
1509 3925 1608 4001 potest
1622 3938 1687 3982 esse

106 4031 215 4077 conum
229 4015 352 4093 longior
366 4016 460 4076 series
474 4014 675 4095 praecedebat.
691 4035 706 4072 υ
919 4011 1013 4072 simul
1022 4012 1416 4090 etjuventus‚etseuectus;
1428 4011 1572 4072 inanimo
1582 4017 1687 4073 autem

2 4116 77 4171 reae
141 4106 218 4169 ltem
243 4108 277 4168 in
296 4107 427 4187 epistola
448 4124 532 4183 xiix,
543 4106 708 4185 quaestioni
726 4107 870 4169 secundos
920 4110 1038 4183 potest:
1053 4103 1106 4164 illa
1119 4103 1466 4183 propteraluoritatem3
1491 4104 1548 4164 istu
1561 4110 1687 4184 propter

2 4172 86 4272 Q.
105 4200 303 4277 respondens,
320 4218 375 4261 eur
396 4199 564 4261 adveutum
581 4216 673 4259 suum
684 4199 794 4260 tandiu
808 4199 870 4260 dis·
920 4197 1134 4273 gravitatem.»

2 4284 77 4383 ζωῇ
106 4290 185 4352 tolit:
215 4293 399 4372 suspicatur,
420 4297 524 4352 etune
538 4291 670 4351 voluisse
692 4290 872 4353 homiuibus
960 4286 1426 4368 VLAuctorlibriqaoestioaam
1439 4306 1477 4348 ee
1490 4285 1574 4349 Novo
1588 4287 1688 4350 Testa-

14 4394 55 4430 u
107 4398 252 4462 apparere
275 4384 449 4458 Christum,
477 4386 509 4444 et
530 4383 614 4462 apud
636 4400 689 4444 eos
709 4383 871 4462 praedicuri
920 4387 1033 4456 meato,
1049 4379 1102 4458 qui
1120 4379 1202 4439 inter
1224 4379 1390 4458 Augustini
1409 4397 1503 4458 opera
1517 4397 1609 4441 ousus
1629 4386 1685 4456 est,

107 4471 275 4536 doctrinam
308 4493 417 4549 suam,
440 4474 565 4553 quando
591 4473 723 4550 sciebat,
753 4480 784 4534 et
817 4474 871 4536 nbi
919 4472 1019 4531 varias
1052 4488 1159 4531 causas
1194 4471 1327 4550 explicat
1359 4470 1505 4531 tardioris
1539 4471 1689 4533 adventus

107 4564 220 4626 sciebat
234 4584 310 4634 esse,
339 4567 395 4646 qui
409 4566 443 4626 in
469 4583 543 4627 eum
568 4565 693 4626 fuerant
713 4566 869 4627 credituri.
920 4561 1065 4624 Clmisti⁸r
1091 4563 1172 4624 haue
1198 4580 1271 4623 vero
1300 4563 1488 4641 praesertim3
1517 4570 1592 4624 tune
1615 4582 1689 4626 eum

109 4654 158 4717 llis
184 4657 270 4719 enim
283 4657 488 4736 temporibus,
518 4656 619 4718 ethis
645 4657 731 4733 loeis,
759 4657 872 4736 quibus
920 4656 1051 4728 venisse,
1078 4656 1203 4734 quando
1223 4655 1312 4716 seivit
1333 4659 1457 4733 gratnm
1483 4654 1549 4716 fore
1572 4655 1688 4718 beneit-

107 4747 308 4829 Euangelium
320 4749 386 4828 ejus
408 4767 473 4809 non
499 4761 545 4810 est
566 4748 780 4828 praedicatum,
796 4749 873 4809 tales
920 4748 1023 4809 cium:
1051 4746 1111 4808 boc
1138 4753 1184 4807 est
1211 4747 1335 4825 quando
1358 4746 1504 4808 mortales
1527 4748 1630 4809 morbi
1653 4767 1689 4810 uc

107 4855 211 4902 omnes
225 4841 256 4902 in
271 4840 338 4919 ejus
352 4840 702 4921 preadicahonefuturos
715 4858 870 4920 esseprae·
919 4838 1049 4920 periculi
1064 4837 1111 4899 sui
1125 4855 1253 4899 sensnm
1273 4838 1447 4917 capientes:
1480 4857 1574 4919 quem
1595 4845 1627 4901 et
1651 4858 1690 4901 ex

140 5041 162 5081 a
178 5028 285 5084 Tanos.
300 5042 355 5084 ser.
372 5026 400 5083 vi
416 5033 491 5084 tottt.
515 5027 561 5083 Gr.
577 5025 643 5081 Etsi
656 5046 727 5099 φατε,
742 5027 767 5081 τί
780 5029 872 5095 δήποτε
921 5026 1005 5098 μόνων
1019 5024 1051 5078 τὰ
1067 5022 1222 5097 ἰσχυρότερα·
1239 5026 1292 5087 τοῖς
1309 5024 1357 5097 γὰρ
1373 5024 1454 5093 rinion
1465 5027 1585 5098 πρόπρον
1603 5044 1691 5097 κεχρη·

109 5107 140 5178 μὴ
153 5111 229 5163 πάλου
246 5116 321 5165 τοῦτο
335 5111 449 5183 δέδρακεν
462 5109 477 5164 δ
490 5116 540 5165 τῶν
555 5111 620 5164 ὅλων
638 5111 755 5179 ποιητὴς
770 5108 872 5182 ἔπιρέμ-
921 5109 999 5182 μένοι,
1014 5107 1046 5161 τὰ
1060 5108 1216 5179 δυνατώτερα
1226 5109 1405 5181 προσφέρουσιν
1420 5108 1529 5180 ὕστερον.

107 5190 179 5261 deute
191 5195 230 5247 καὶ
243 5196 297 5256 τοῖς
306 5192 409 5266 ἰατροῖς,
423 5195 462 5248 ὅτι
471 5193 565 5267 ἔσχατα
578 5193 728 5266 φυλάττουσι
747 5200 796 5249 τῶν
811 5212 872 5268 φαρ-
956 5192 974 5248 b
992 5191 1060 5247 lbld.
1076 5190 1199 5263 Ὕστερον
1220 5190 1250 5244 rb
1272 5191 1392 5254 παναλκὶς
1410 5196 1493 5253 τοῦτο,
1515 5190 1556 5243 sai
1569 5191 1689 5263 σωτήριον

919 5275 1088 5348 προυινήνοχο
1099 5275 1236 5347 φάρμακον,
1252 5274 1293 5326 καὶ
1306 5274 1350 5342 τὴν
1365 5276 1438 5329 νόσον
1453 5272 1563 5341 thelicus.

134 5430 145 5474 l
159 5433 208 5477 tat.
219 5445 258 5485 xri.
271 5436 390 5479 xrretlac.
402 5435 520 5486 riht-l
530 5433 576 5480 bib.
588 5434 614 5480 da
625 5434 790 5481 aenaeae.
800 5443 870 5481 netu
879 5436 1055 5482 barma-8
1067 5434 1222 5481 hibulllllll
1236 5432 1563 5493 Qaoest.,q.1nrr,t.rutrclert.
1581 5433 1624 5477 tol
1643 5436 1688 5479 liat.

109 5497 224 5541 anta-t
237 5496 339 5552 sopra.
348 5503 364 5540 t.
376 5496 455 5541 tl.-5
467 5497 491 5549 Q.
502 5508 580 5541 ursin
589 5498 613 5541 ln
625 5498 724 5554 append.
738 5507 753 5541 t.
764 5498 790 5541 tr
801 5504 822 5544 ct
830 5499 853 5543 ln
865 5499 909 5543 ulto
917 5499 975 5543 libro
984 5510 1007 5554 q.
1016 5508 1077 5543 ινιιι.
