4078 6162
552 321 602 381 DE
622 318 929 395 INCARNATIONE,
952 319 1024 383 LlB.
1047 322 1098 397 Ill,
1121 322 1205 385 CAP.
1227 324 1309 385 XVI.
1665 324 1726 386 iss

138 480 254 542 minori
285 500 359 543 cum
383 482 503 546 ratione
536 484 729 567 prbpositum
762 486 907 561 videtur,
1000 486 1087 547 VIII.
1110 487 1198 549 Idem
1211 488 1316 550 scribit
1335 447 1513 550 Anastasius
1528 488 1656 563 Sinaita,
1672 490 1728 570 qui

139 593 235 654 quam
249 576 334 655 quod
347 594 386 637 ex
397 578 523 638 Petrum
535 580 715 641 auctoritate
728 581 829 659 primo
843 580 910 641 loeo
963 598 979 636 1
994 579 1184 641 Catholicam
1201 580 1379 650 Ecclesiam,
1396 582 1450 650 ait,
1467 582 1543 643 duas
1557 582 1660 642 unitas
1675 601 1728 643 na·

139 666 268 728 iustruit
281 667 474 730 doctissimus
487 670 550 746 ille,
562 690 656 751 quem
671 691 765 753 supra
778 690 912 737 comme
960 675 1045 732 tnras
1059 690 1231 737 asseverare
1244 691 1309 735 esse
1322 673 1496 735 Christum:
1512 682 1544 735 at
1563 692 1636 736 1010
1651 675 1728 736 duas

139 758 290 834 moravi¹,
304 760 479 841 theologus.
494 764 581 825 ltane
604 766 708 827 Patres
729 765 823 827 habet
836 784 910 825 auc·
960 763 1141 843 hypostases
1154 767 1269 826 duasve
1286 784 1432 845 personas
1445 766 1479 826 in
1492 766 1559 847 ipso
1577 784 1728 852 nsmpare

139 855 225 913 tores
237 852 342 933 opinio
353 852 407 914 illa
416 874 487 933 quae
495 855 688 935 hypostasim
698 858 812 919 Christi
818 862 912 937 negat
959 873 1025 915 non
1044 856 1168 932 audere,
1184 857 1237 918 sed
1251 876 1309 919 nec
1326 858 1429 937 ipsum
1443 876 1482 918 ex
1495 857 1615 919 duabus
1626 859 1727 938 hypo·

139 961 208 1005 esse
222 945 450 1023 compositam?
474 948 538 1008 Aut
562 949 641 1010 nihil
665 968 684 1010 a
705 949 796 1010 nobis
808 954 854 1010 cst
866 953 913 1009 tot
959 947 1107 1022 stasibns,
1129 954 1183 1009 aut
1200 949 1340 1030 personis
1354 950 1563 1029 compositum
1576 950 1727 1030 profiteri.

138 1035 204 1096 iltis
217 1055 255 1098 cx
269 1038 453 1117 antiquitate
466 1057 561 1119 supra
575 1042 675 1101 citatis
687 1041 816 1103 testibus
834 1059 910 1120 pro·
960 1039 1015 1099 Est
1040 1039 1126 1100 enim
1153 1041 1339 1120 hypostasis,
1368 1041 1546 1120 separatim,
1567 1061 1602 1103 ae
1624 1059 1680 1121 per
1697 1059 1730 1103 sc

138 1126 256 1190 fectum
266 1149 274 1205 ;
297 1130 352 1209 qui
375 1131 414 1191 de
440 1132 598 1212 hypostasi
617 1134 727 1194 Christi
741 1133 912 1215 composita
960 1130 1130 1193 subsistens
1142 1143 1308 1212 personat.
1327 1155 1338 1191 ι
1357 1133 1395 1193 10
1412 1133 1461 1194 his
1475 1133 1577 1195 verbis
1592 1134 1671 1195 nihil
1685 1140 1731 1195 est

139 1225 207 1282 tam
227 1228 321 1298 certo,
343 1221 523 1304 liquidoque
547 1226 774 1305 pronuntiant?
791 1228 913 1306 Ecquos
961 1223 1044 1301 qnod
1058 1224 1274 1304 compositioni
1288 1244 1326 1287 ex
1345 1226 1465 1286 naturis
1477 1226 1598 1287 duabus
1612 1225 1730 1289 obstre-

140 1331 216 1374 1010
236 1314 454 1394 suffragatores
469 1317 642 1391 adducunt,
658 1318 713 1397 qui
729 1324 837 1380 contra
849 1319 911 1379 dis·
960 1320 1031 1394 pat:
1048 1317 1126 1395 quin
1141 1317 1292 1397 capotius
1304 1318 1443 1379 indidem
1457 1319 1602 1398 prudenti
1613 1318 1730 1398 judicio

136 1406 275 1485 putant?
303 1406 360 1481 Qui
387 1408 438 1469 101
465 1408 544 1469 nihil
569 1411 733 1471 adversum
762 1429 839 1485 nos3
862 1410 912 1472 101
961 1407 1128 1486 colligitur.
1143 1409 1732 1487 Cnmentmdixisset,daasesseaaturas

137 1497 237 1559 ctiam
250 1499 398 1561 adversus
411 1501 559 1580 ipsosmet
571 1501 700 1563 faciunt.
960 1500 1071 1576 unitas,
1087 1501 1257 1583 hypostases
1268 1521 1342 1564 vero
1351 1501 1423 1563 duos
1433 1511 1587 1584 negasset:
1601 1504 1732 1565 subinde

181 1591 350 1669 Gregorius
365 1591 448 1671 Papa
458 1593 491 1653 in
499 1592 629 1655 homilia
638 1611 760 1656 xxxvnr
771 1594 914 1657 inEonu·
961 1610 999 1654 00
1012 1591 1224 1675 hypostatibas,
1240 1595 1402 1676 0000001100
1416 1596 1530 1658 deabus
1543 1596 1733 1677 compositum

135 1681 219 1764 90110
234 1682 326 1761 (Νοιο
339 1683 461 1763 primus
475 1684 525 1746 hic
540 1686 574 1747 in
593 1686 733 1747 medium
746 1686 911 1769 profertur)
962 1704 1022 1746 000
1042 1703 1099 1747 esse
1119 1687 1227 1748 docet:
1248 1693 1398 1767 tanquam
1421 1707 1460 1750 ex
1481 1706 1518 1750 eo
1542 1707 1734 1768 consequens

141 1797 160 1833 0
173 1774 265 1836 Absit
279 1776 355 1851 hoc,
377 1774 496 1855 inquit,
513 1776 553 1838 ab
567 1777 773 1840 intellectibus
786 1780 911 1854 nostris,
963 1778 1047 1856 qnod
1059 1778 1189 1856 dixerat,
1197 1798 1261 1840 non
1271 1781 1419 1841 esseduas
1428 1781 1610 1861 hypostases
1617 1782 1731 1843 uiritas.

136 1871 175 1928 ut
201 1884 370 1945 personam
398 1868 451 1929 Dei
478 1876 509 1930 et
535 1868 672 1931 hominis
699 1872 914 1951 Redemptoris
963 1871 1064 1943 Quare
1077 1889 1149 1932 cum
1168 1878 1296 1933 naturas
1315 1873 1399 1934 idem
1416 1873 1493 1934 duas
1516 1874 1619 1934 unitas
1640 1891 1734 1952 agno·

133 1959 240 2021 nostri
268 1960 345 2020 Jesn
365 1957 475 2020 Christi
497 1978 536 2022 ex
559 1961 680 2023 duabus
694 1962 833 2043 personis
847 1981 913 2024 crc-
963 1967 1040 2039 scut;
1067 1964 1206 2043 sequitur
1224 1964 1335 2025 exiliis
1351 1963 1425 2043 ipsis
1440 1965 1647 2045 compositum
1668 1984 1733 2028 esse

133 2053 254 2114 damus
267 2050 401 2112 unitam.
430 2053 475 2112 Ex
498 2053 617 2115 duabus
632 2054 758 2136 quippe,
774 2061 867 2136 atque
880 2057 915 2116 in
964 2054 1132 2117 Christum.
1146 2057 1260 2118 Mirum
1269 2075 1342 2117 vcro
1350 2062 1406 2131 est,
1422 2055 1634 2117 doctissimum
1643 2058 1734 2118 theo·

134 2144 265 2205 duabus
278 2144 364 2206 bunc
377 2145 497 2206 naturis
507 2145 655 2208 existere:
674 2148 728 2209 sed
742 2166 780 2209 ex
794 2148 915 2209 duabus
963 2145 1065 2208 locum
1081 2149 1233 2209 Anastasii
1246 2149 1350 2209 locum
1361 2149 1450 2209 illum
1463 2149 1610 2226 attulisse,
1627 2157 1662 2210 01
1673 2151 1734 2211 1100

134 2235 284 2319 personis
302 2235 509 2317 compositum
533 2239 633 2312 credi,
652 2245 688 2300 ut
709 2239 809 2317 nefas,
836 2240 914 2300 1110·
963 2239 1119 2319 probaret,
1144 2241 1228 2320 quod
1255 2241 1290 2301 in
1317 2241 1425 2321 capitis
1442 2241 1588 2304 lemmate
1609 2245 1731 2323 posuit:

136 2349 223 2393 mus.
237 2352 253 2388 r
268 2331 342 2404 Quis
351 2349 416 2391 non
426 2335 547 2410 stupeat
560 2332 699 2411 Gregorii
708 2332 804 2393 verba
816 2332 870 2392 illa
882 2331 915 2392 in
968 2352 983 2390 ι
998 2333 1183 2409 Personam,
1199 2338 1230 2393 et
1243 2333 1436 2412 hypostasim
1452 2334 1565 2395 Christi
1579 2354 1637 2396 nec
1652 2354 1733 2412 esse,

136 2441 213 2485 earn
223 2428 349 2503 accepta
360 2421 453 2483 fuisse
463 2428 595 2503 partem,
610 2429 760 2504 tanquam
774 2443 813 2484 ex
828 2431 916 2485 natu·
965 2423 1253 2485 necdicideherein
1264 2443 1296 2486 se
1306 2424 1520 2504 compositam:
1538 2427 1641 2488 »Cum
1652 2426 1735 2488 idem

136 2517 182 2577 ris
195 2513 322 2575 duabus
332 2515 534 2593 compositam
544 2514 654 2576 Christi
668 2521 761 2595 neget
773 2535 837 2577 esse
847 2534 916 2597 per·
966 2514 1123 2577 Christum
1145 2515 1248 2596 ipsum
1267 2518 1473 2596 compositum
1492 2537 1557 2581 esse
1578 2520 1733 2581 defendat.

136 2625 276 2669 sonam:
298 2624 371 2668 cum
385 2624 424 2666 ex
442 2606 583 2685 personis
604 2608 835 2680 tantummodo,
851 2627 916 2670 non
966 2608 1059 2688 Atqui
1073 2608 1158 2669 locus
1172 2608 1224 2669 illc
1243 2609 1396 2670 Anastasii
1410 2611 1448 2671 de
1462 2611 1581 2672 Christo
1597 2611 1736 2691 loquitur

136 2720 177 2763 ex
197 2699 334 2771 naturis,
360 2698 439 2760 nolit
462 2716 527 2759 esse
550 2700 772 2779 compositam:
799 2700 917 2761 101001
968 2699 1065 2781 (cujus
1079 2718 1195 2761 nomen
1205 2701 1238 2761 in
1250 2720 1287 2762 οο
1298 2703 1403 2763 Latine
1417 2702 1619 2764 describendo
1633 2704 1736 2765 nescio

136 2792 265 2854 naturis
279 2790 482 2870 compositam
496 2790 611 2851 Christi
625 2810 807 2869 personam,
824 2799 918 2873 atque
967 2793 1123 2870 quomodo
1147 2794 1345 2872 praetermisit
1369 2794 1540 2875 theologus)
1562 2813 1620 2856 nec
1638 2796 1737 2876 hypo·

136 2886 249 2965 ipsum
261 2883 340 2943 adeo
348 2883 503 2943 Christum
513 2883 626 2944 diserte
633 2882 804 2963 significet?
819 2885 919 2965 Siqui·
966 2885 1071 2944 stasim
1086 2884 1198 2945 Christi
1216 2887 1367 2947 nominat.
1385 2887 1486 2959 Quare
1502 2887 1529 2946 si
1542 2887 1602 2947 hoc
1619 2887 1735 2966 ipsum,

137 2977 214 3038 11010
229 2992 399 3055 personam
412 2974 523 3035 Christi
536 2976 709 3054 promiscue
723 2976 832 3055 accipit
846 2995 917 3037 cum
967 2975 1005 3035 dc
1033 2995 1095 3055 quo
1119 2977 1193 3055 agit,
1220 2977 1427 3056 compositum
1453 2995 1519 3039 esse
1542 2983 1649 3054 negat,
1671 2996 1737 3040 non

137 3069 267 3131 Christo
283 3073 421 3129 0101100
436 3072 566 3135 constat,
580 3068 664 3146 quod
678 3086 750 3129 eum
761 3086 918 3148 personam
966 3067 1170 3147 hypostasim,
1184 3070 1237 3130 sed
1252 3070 1409 3130 Christum
1422 3077 1517 3149 negat
1529 3088 1596 3132 esse
1610 3089 1735 3150 compo·

138 3159 352 3240 Redemptoris
360 3158 457 3219 uestri
470 3158 671 3236 nominasset,
687 3178 762 3221 mox
772 3162 919 3221 eumdem
967 3158 1081 3235 situm3
1118 3167 1226 3221 contra
1260 3180 1354 3241 quam
1389 3161 1565 3223 doctissimo
1592 3164 1737 3241 theologo

138 3254 303 3315 Christum
321 3256 422 3313 10001.
441 3253 512 3312 Iam
532 3269 604 3312 cnm
624 3270 662 3312 00
684 3250 806 3327 duabus,
836 3261 863 3313 et
887 3252 919 3314 in
967 3251 1098 3313 videtur.
1117 3253 1164 3312 lta
1179 3270 1269 3314 suam
1282 3253 1349 3333 ipse
1358 3252 1535 3315 testimonio
1549 3254 1603 3315 illo
1616 3260 1738 3317 senten-

138 3344 259 3407 0001ιο
272 3344 391 3405 naturis
412 3343 537 3404 existere
556 3362 720 3424 personam
733 3345 777 3406 ait
790 3345 917 3421 Clrristi3
967 3344 1045 3403 tiam
1055 3344 1174 3405 evertit.

138 3437 254 3519 procul
269 3436 366 3497 dnbio
376 3437 579 3515 compositam
595 3455 633 3497 cx
647 3438 768 3497 naturis
781 3437 840 3497 illis
854 3455 919 3498 esse
1008 3436 1087 3496 Nam
1096 3435 1180 3514 quod
1187 3434 1385 3496 Theodorum
1399 3435 1574 3497 Abucaram
1585 3438 1738 3499 affirmare

138 3530 320 3610 significat:
336 3528 459 3588 Etenim
471 3527 530 3589 hac
543 3529 610 3607 ipsa
628 3527 776 3607 loquendi
785 3528 920 3589 formula
969 3533 1058 3607 putat
1073 3527 1097 3604 ¹,
1112 3527 1303 3608 hypostasim
1323 3528 1433 3589 Christi
1452 3530 1654 3609 compositam
1673 3549 1739 3591 non

138 3642 177 3685 00
192 3620 322 3697 danim,
338 3626 366 3680 01
379 3621 411 3681 iu
423 3619 538 3682 duobos
548 3626 675 3697 noteris,
685 3621 804 3701 antiqui
812 3640 920 3684 omnes
969 3638 1045 3697 esse,
1060 3639 1125 3680 non
1139 3620 1295 3683 dissimilis
1306 3626 1458 3691 esterror,
1472 3640 1508 3682 ac
1521 3640 1627 3685 secum
1641 3622 1740 3702 ipsius

138 3713 408 3795 compositionem
428 3712 567 3793 aliquam
586 3718 771 3774 naturarum
791 3714 921 3776 indicari
969 3712 1142 3773 conflictio:
1163 3712 1278 3792 quippe
1297 3712 1456 3773 Christum
1475 3715 1650 3793 promiscue
1667 3731 1740 3774 cum

138 3806 304 3878 sentiunt,
322 3810 358 3865 ut
374 3823 469 3882 supra
489 3805 661 3866 docuimus.
678 3807 761 3866 Tum
774 3825 849 3868 1010
861 3806 921 3867 illis
968 3804 1129 3883 hypostasi
1155 3804 1267 3864 Christi
1293 3804 1409 3867 ibidem
1434 3805 1555 3884 accipit.
1582 3807 1685 3871 Quare
1713 3805 1740 3868 si

139 3919 180 3963 ex
193 3899 274 3980 ipsis
285 3897 389 3959 verbis
402 3896 585 3976 hujusmodi
599 3916 664 3959 esse
679 3899 821 3976 Gregorii
832 3917 922 3960 mens
968 3896 1050 3957 hanc
1076 3897 1277 3975 compositam
1303 3915 1368 3958 non
1393 3915 1458 3958 esse
1479 3897 1563 3971 dicit,
1593 3897 1687 3958 etiam
1701 3899 1740 3960 dc

140 3992 332 4057 ostenditur.
350 3990 473 4070 Quippe
487 4012 502 4049 u
512 4010 550 4053 ex
559 3990 697 4067 duabus,
714 3996 745 4052 et
758 3991 791 4051 in
801 3991 921 4052 duabus
971 3989 1092 4049 Christo
1104 3989 1239 4069 idipsum
1253 3988 1415 4050 inficiatur.
1431 3992 1471 4049 At
1484 3993 1632 4049 neutrum
1646 3995 1741 4069 negat

140 4085 270 4146 naturis
296 4082 427 4143 existere
456 4083 632 4160 Christum,
666 4084 730 4144 sive
758 4101 921 4164 personam
971 4080 1121 4156 absolute,
1136 4099 1201 4142 esse
1215 4081 1436 4159 compositum:
1452 4081 1593 4143 sedeam
1611 4081 1742 4144 modum

141 4175 266 4239 Christi
279 4196 295 4233 ν
309 4174 448 4255 primum
461 4177 613 4237 affirmat:
635 4176 746 4237 deinde
759 4176 832 4238 huic
850 4181 921 4236 tan·
971 4173 1202 4253 compositionis
1213 4171 1359 4249 excludit,
1375 4173 1429 4252 qui
1443 4174 1574 4249 usitatis,
1589 4178 1621 4235 et
1632 4175 1742 4236 0100110

140 4285 244 4350 qnam
260 4285 301 4328 ex
320 4267 449 4329 adverso
469 4268 660 4348 respondens
679 4268 809 4348 opponit
822 4267 919 4330 illud:
971 4267 1004 4324 in
1026 4265 1118 4327 rebus
1141 4264 1334 4344 intelligitur.
1361 4265 1484 4326 Etenim
1510 4283 1635 4326 causam
1660 4266 1741 4328 hanc

145 4359 240 4422 used
255 4377 297 4421 ex
309 4358 429 4420 duabus
443 4359 583 4440 personis
599 4359 806 4439 compositum
824 4359 919 4435 credi,
971 4357 1079 4426 affert,
1106 4363 1232 4438 propter
1259 4375 1354 4436 qnam
1388 4357 1577 4436 compositus
1602 4376 1667 4419 non
1694 4363 1743 4419 est

140 4459 179 4514 ut
192 4451 298 4527 nefas,
312 4451 457 4513 vitamus.
474 4475 488 4511 ν
508 4453 608 4526 Quare
622 4470 679 4531 pro
693 4450 919 4526 eodemhabet,
971 4449 1131 4524 Christus,
1158 4449 1243 4528 quod
1272 4451 1304 4508 in
1336 4447 1514 4528 compositis
1546 4449 1741 4511 naturalibus

146 4564 222 4607 «ex
249 4542 373 4605 duobus
396 4544 543 4615 existere,
565 4550 596 4604 01
623 4562 662 4604 ex
688 4543 810 4603 duobus
837 4560 921 4604 com-
969 4545 1071 4619 toturn
1114 4541 1198 4621 quod
1241 4540 1497 4621 componentibus
1531 4559 1569 4601 ex
1602 4543 1743 4621 partibus

142 4636 240 4718 poni:
253 4635 542 4714 tanquamdiceret:
555 4653 593 4696 00
601 4632 715 4696 duabus
725 4634 923 4695 0010111000-
972 4633 1084 4707 existit,
1107 4651 1171 4694 non
1194 4633 1307 4694 dicitnr
1330 4632 1433 4705 inisse,
1450 4638 1620 4713 0010110010
1640 4640 1743 4715 partes

137 4726 221 4809 poni
233 4725 384 4789 credimus
396 4747 403 4788 :
417 4728 470 4789 sed
480 4747 518 4789 00
526 4726 774 4808 0001000010
785 4725 921 4806 cornpoui
972 4725 1053 4786 inter
1067 4725 1326 4804 sejungerentur:
1341 4725 1480 4786 Christus
1491 4743 1565 4786 1010
1579 4745 1618 4787 ex
1627 4733 1742 4788 esterno

142 4820 311 4882 nolumus.
974 4818 1122 4879 exstitisse
1143 4817 1267 4879 dicitur.
1284 4819 1373 4896 Item,
1398 4817 1519 4879 nullum
1538 4820 1743 4898 compositum

184 5000 327 5057 0111101.
360 4995 390 5053 in
408 4992 511 5069 Ὀδηγῷ
532 5012 592 5067 cap.
619 5012 684 5052 xxti.
714 4996 760 5050 Καὶ
787 4996 867 5069 τούτῳ
886 5001 923 5070 τῷ
975 4994 1001 5050 be
1015 4996 1057 5050 δύο
1072 4994 1146 5049 αὐτὸν
1169 4995 1339 5061 ὑποστάσεων,
1364 4996 1418 5063 ἤτοι
1442 4996 1579 5066 προσώπων
1600 4996 1744 5049 συντεθέντα

143 5085 235 5137 κανόνι
249 5084 386 5155 στοιχοῦσα
400 5079 417 5147 ἡ
430 5078 546 5146 cadolum
559 5078 675 5148 ἔκκλησ1ιι
684 5079 728 5133 tto
742 5079 783 5152 ptr
798 5079 925 5152 ἣνωμένας
974 5081 1095 5152 κηρύττει·
1110 5079 1243 5141 ὑπόστασις
1260 5078 1308 5151 γὰρ
1317 5078 1346 5133 sb
1358 5077 1450 5141 ἰδιάζον
1461 5076 1516 5131 κατ’
1530 5076 1601 5131 ἑαυτὸ
1611 5079 1743 5149 πρόσωπόν

145 5167 234 5237 φύσεις
246 5165 313 5237 λέγει
325 5157 387 5217 εἶναι
396 5162 437 5217 τὸν
452 5164 570 5235 Χριστόν.
584 5163 628 5216 ido
651 5161 678 5216 st
700 5162 855 5225 ὑποστάσεις,
870 5164 926 5230 ἤτοι
975 5159 1050 5216 ἔστιν.

145 5251 283 5321 πρόσωπα,
294 5244 333 5301 ἐπ’
347 5245 421 5300 αὐτοῦ
435 5247 516 5319 λέγειν
535 5244 580 5299 οὔκ
595 5245 718 5320 ἀνέχεται·
735 5245 793 5299 ἀλλ’
807 5244 863 5300 οὔτι
878 5244 925 5317 μὴν

176 5411 189 5456 t
204 5409 282 5468 tripu.
298 5421 319 5455 0
333 5412 428 5454 ιιι-1
442 5408 522 5456 Theod.
534 5407 561 5455 sb
572 5408 652 5466 opusc.
665 5407 819 5455 0111111111.

312 5489 389 5551 Tou.
413 5489 451 5550 V.
