3994 6164
1962 166 1963 221 l

336 306 397 367 m
838 292 1415 361 ranomcreoaounoauaruu

337 471 449 551 lnquit,
465 469 628 549 Deiparam
641 462 1107 538 esseinfleiatur,aDeoalicnus
1156 463 1228 543 qula
1250 463 1389 543 eorporis
1414 468 1460 524 est
1485 478 1603 543 expers.
1631 463 1747 522 Verum
1764 458 1888 540 panon
1962 502 1963 527 t

337 567 413 622 est«.
435 581 451 620 r
478 561 516 619 Et
535 560 643 638 quinta
668 556 807 635 synodus
838 554 1006 615 anathema
1032 553 1108 613 item
1155 572 1268 634 eorpus
1277 556 1365 631 illud,
1379 555 1462 635 quod
1472 555 1633 635 proprium
1641 553 1721 613 illius
1733 553 1886 627 factumest,

337 652 430 725 dicit,
450 650 584 730 «siquis
596 648 732 721 abusive,
750 654 781 708 et
794 664 941 709 nonuere
955 644 1009 706 Dei
1022 645 1108 723 gerri-
1155 647 1230 707 talia
1243 665 1368 727 passum
1396 654 1453 725 est,
1479 648 1549 709 ideo
1576 647 1713 709 Verbum
1737 645 1828 725 ipsum
1844 663 1888 725 pro
1962 644 1963 735 l

337 746 446 804 tricem
461 744 536 804 dicit
547 747 701 816 sanctam,
717 740 884 819 gloriosam
898 756 1019 816 semper
1033 736 1106 795 Vir·
1156 740 1246 800 nobis
1280 758 1405 819 passum
1438 739 1619 801 diciturl.»
1653 738 1708 800 Cui
1737 736 1889 798 Ambrosius

337 837 442 915 ginem
457 835 608 908 Mariam,
632 834 681 893 vel
702 834 756 911 qui
769 832 905 892 hominis
925 829 1106 906 genitricem
1156 832 1323 892 assentitur
1345 833 1387 892 lta
1410 829 1584 893 scribens¹:
1610 829 1724 903 «Quod
1748 828 1889 889 enimoaro

337 932 436 1002 vocat,
455 933 510 987 aut
527 927 751 997 christotocon,
775 925 808 983 id
831 929 877 983 est
896 921 1008 983 Christi
1023 921 1107 999 geni·
1156 924 1250 984 Verbi
1272 925 1457 1004 patiebatur,
1482 924 1532 985 vel
1554 938 1685 985 manens
1703 922 1737 982 in
1753 937 1835 981 carne
1848 921 1890 983 bel

336 1024 456 1090 tricem,
471 1024 621 1098 torquem
635 1020 661 1077 si
674 1017 811 1077 Christus
822 1016 905 1076 Deus
916 1032 982 1075 non
995 1019 1103 1073 esset.»
1156 1016 1296 1077 Verbum
1310 1017 1595 1097 patiebaturoarne,
1611 1013 1889 1097 sieutsen'ptumest,
1962 1014 1963 1087 ζ

336 1116 436 1187 Quam
450 1114 572 1166 θεοτόκου
587 1110 827 1190 appellationem
842 1107 996 1186 Ephesina
1015 1123 1107 1184 syno·
1157 1108 1278 1170 Christo
1290 1108 1324 1169 in
1338 1127 1430 1170 earne
1443 1126 1532 1190 passo
1548 1128 1555 1169 :
1571 1108 1605 1168 in
1619 1125 1651 1169 se
1664 1108 1890 1187 utiqneproeor·
1962 1180 1963 1195 χ

336 1205 408 1277 dus,
426 1211 457 1265 et
483 1202 740 1264 Chalcedonensis
754 1207 855 1261 ratam
874 1218 939 1260 esse
963 1199 1105 1258 decreve-
1156 1201 1241 1279 poris
1262 1200 1472 1283 assumptione
1492 1200 1661 1263 referebat:
1678 1204 1789 1278 utque
1808 1202 1891 1259 nostra
1962 1248 1963 1267 ,

336 1303 422 1359 runt.
443 1297 575 1375 Quippe,
598 1300 633 1355 ut
653 1300 698 1355 est
721 1295 754 1354 in
777 1292 937 1354 Athanasii
950 1290 1104 1370 symbolo,
1157 1299 1246 1371 sunt,
1264 1294 1328 1375 ipse
1351 1295 1540 1374 susciperet,
1561 1299 1592 1355 et
1605 1293 1669 1354 suis
1682 1290 1892 1353 circumvestiret
1962 1312 1963 1367 ξ

341 1393 448 1450 oileus
469 1393 514 1449 est
532 1406 570 1448 ex
595 1388 767 1447 substantia
786 1386 884 1445 Patris
903 1390 974 1444 ante
996 1382 1107 1443 saecula
1156 1385 1306 1446 humana.
1321 1408 1337 1445 o
1356 1387 1514 1448 Postremo
1539 1387 1677 1467 synodus
1704 1384 1814 1464 quinta,
1840 1382 1892 1443 asi
1962 1370 1963 1463 ]

336 1483 470 1562 genitus,
487 1486 518 1539 et
531 1480 624 1539 homo
641 1484 687 1539 est
700 1497 739 1539 ex
761 1477 931 1537 substantia
948 1476 1054 1535 Matris
1073 1475 1106 1534 in
1156 1479 1227 1557 quis
1241 1497 1306 1540 non
1319 1480 1500 1557 confitetur,
1519 1477 1650 1559 inqnit⁸,
1666 1477 1822 1539 Dominum
1835 1491 1890 1535 uos·
1962 1512 1963 1549 t

337 1574 449 1634 soeculo
463 1578 570 1644 nattis,
584 1577 642 1631 ete.
660 1570 815 1631 Perfectus
838 1571 928 1643 Deris,
955 1568 1106 1645 perfectus
1155 1575 1242 1632 trum
1268 1573 1377 1633 lesum
1403 1573 1577 1640 Christum,
1608 1571 1661 1651 qui
1688 1568 1839 1630 crucifixus
1857 1570 1892 1627 att
1962 1594 1963 1639 ,

336 1658 1107 1739 homo,exanimarationaliethumanaearnesub·
1157 1680 1259 1742 earne,
1288 1666 1387 1726 Deum
1409 1682 1474 1726 esse
1497 1682 1618 1739 verum,
1634 1668 1665 1724 et
1678 1659 1892 1738 Dominumgle
1962 1648 1963 1713 f

337 1759 457 1821 sistens.
475 1757 535 1831 Qui
551 1756 623 1817 lieet
637 1758 716 1817 Deus
728 1755 778 1827 sit,
792 1760 821 1814 et
835 1753 949 1828 bom0;
965 1770 1030 1812 non
1043 1751 1105 1811 duo
1156 1756 1227 1835 rie,
1253 1762 1284 1818 et
1306 1775 1406 1819 unum
1421 1757 1460 1818 de
1474 1761 1580 1819 saneta
1592 1755 1754 1832 Trinitatis,
1767 1752 1893 1813 talisane
1962 1744 1963 1815 l

337 1857 453 1927 tamen,
465 1850 518 1911 sed
532 1867 614 1911 unus
628 1854 673 1909 est
683 1847 831 1908 Christus.
846 1867 861 1904 r
1156 1849 1263 1909 thema
1275 1852 1325 1910 sit.
1341 1870 1357 1907 r
1962 1846 1963 1855 ’

169 1948 313 2004 Uertumno
378 1943 442 2003 ΧΠ.
468 1942 615 2015 Quamvis
629 1946 735 2002 autem
744 1956 826 1999 unus
836 1938 885 2013 sit,
901 1955 1025 2016 unaque
1039 1953 1106 2016 per·
1197 1942 1308 2002 itidem
1321 1955 1353 2002 et
1366 1941 1555 2002 sacerdotem
1570 1956 1607 2000 ec
1615 1938 1787 2023 pontificem
1797 1936 1892 2017 ipsum·

177 2011 299 2102 miiitiae
337 2053 425 2110 sona,
441 2035 491 2095 vel
501 2035 675 2114 hypostasis
684 2032 831 2104 Christus
843 2036 874 2090 et
885 2048 955 2109 quae
965 2028 1107 2089 alterutri
1155 2038 1221 2093 met
1230 2034 1284 2095 Dei
1293 2033 1432 2095 Verbum
1442 2032 1559 2094 iactum
1573 2049 1640 2093 esse
1650 2031 1785 2100 dicimus,
1793 2027 1892 2109 quando

165 2111 246 2209 ‘2332'
253 2113 311 2211 Ψ
337 2133 458 2188 naturae
470 2131 657 2205 congruunt,
678 2124 732 2184 uni
749 2123 792 2184 illi
807 2140 947 2201 personae
961 2121 1105 2182 tribuan-
1155 2142 1281 2186 earnem
1290 2125 1424 2206 suscepit
1435 2145 1442 2185 :
1454 2144 1518 2186 non
1527 2124 1794 2186 autembominem
1801 2121 1890 2193 solun,
1962 2122 1963 2171 l

338 2224 411 2279 tor:
434 2219 548 2279 retinet
560 2223 666 2277 tamen
679 2217 792 2277 harum
806 2231 1001 2294 rinaquaeque
1022 2213 1107 2292 quod
1155 2218 1244 2295 quasi
1253 2217 1381 2278 seorsim
1388 2235 1427 2278 ex
1433 2217 1564 2278 muliere
1575 2218 1716 2296 genitum
1727 2234 1734 2291 ;
1747 2210 1891 2292 utCyrillus

337 2310 499 2391 proprium
513 2315 558 2370 est
575 2331 581 2369 :
599 2316 629 2369 et
646 2309 728 2369 idem
747 2309 897 2382 Christus,
913 2325 970 2386 pro
983 2311 1104 2367 naturae
1155 2307 1189 2368 in
1211 2308 1467 2371 Anotbemotismo
1488 2310 1608 2371 decimo
1624 2307 1739 2370 asserit.
1753 2305 1796 2368 Ad
1809 2308 1891 2365 extre·

337 2403 485 2481 cujusque
496 2400 682 2478 conditione,
697 2400 876 2480 peculiares,
890 2403 921 2458 et
930 2397 1106 2458 differentes
1155 2418 1262 2479 mum,
1283 2402 1330 2462 uti
1349 2408 1476 2463 naturas
1494 2402 1528 2463 in
1545 2402 1656 2464 eadem
1669 2399 1775 2462 Christi
1787 2412 1892 2481 persone

336 2495 530 2571 affectiones,
553 2498 584 2554 et
608 2494 743 2554 actiones
767 2492 886 2571 recipit.
908 2489 999 2564 «Qui
1020 2491 1105 2551 enim
1155 2493 1232 2554 dues
1245 2494 1392 2574 integras,
1411 2501 1442 2556 et
1454 2495 1614 2574 periectas,
1629 2512 1695 2555 non
1712 2497 1891 2568 tamensepe·

335 2603 428 2646 verns
454 2592 499 2646 est
519 2586 612 2661 Deus,
641 2585 725 2645 idem
751 2602 844 2644 verus
871 2584 1044 2655 esthemo,
1069 2587 1105 2643 ut
1154 2582 1890 2663 retusaedivisasconfitemuniteduaseotiones,

335 2679 442 2739 scribit
455 2676 530 2738 Le0¹
547 2697 554 2738 t
582 2678 619 2736 Et
634 2677 757 2737 nullum
778 2680 824 2737 est
848 2677 882 2735 in
905 2677 964 2736 hae
984 2675 1104 2735 unitate
1155 2683 1186 2737 et
1202 2677 1387 2755 voluntates,
1403 2697 1492 2741 suam
1506 2679 1619 2759 otiique
1635 2677 1813 2740 tribuentes:
1827 2668 1890 2753 quod

335 2770 548 2845 mendacium,
572 2769 648 2829 dum
662 2770 794 2829 invicem
816 2773 888 2828 sunt
900 2775 931 2827 et
944 2767 1105 2828 humilitas
1154 2770 1300 2830 adversus
1326 2772 1606 2834 Monotbeletarum
1630 2772 1769 2834 heresim
1781 2764 1892 2848 synodus
1962 2828 1963 2851 ,

334 2861 486 2937 hominis,
507 2866 538 2923 et
552 2861 681 2922 altitudo
702 2860 879 2921 divinitatis.
912 2859 1103 2920 sicutenim
1154 2867 1240 2922 sexta
1253 2863 1397 2925 decrevit.
1962 2860 1963 2877 ³

335 2956 491 3016 Deusnon
505 2959 644 3014 mutatur
653 2952 863 3029 miseratione,
878 2952 920 3012 ita
929 2952 1024 3013 homo
1038 2972 1104 3013 non
1195 2955 1269 3016 Haec
1295 2958 1475 3018 summatim
1508 2956 1676 3018 libavimus
1702 2951 1843 3016 attolae
1861 2945 1892 3009 de

335 3047 528 3107 eonsumitur
564 3043 725 3122 dignitate.
760 3043 831 3122 Agit
860 3045 944 3105 enim
970 3050 1104 3124 utraque
1154 3047 1371 3111 iucarnatione
1383 3049 1580 3130 professionis
1593 3050 1704 3131 capita,
1719 3039 1891 3126 queuberlo
1962 3038 1963 3111 l

332 3139 435 3199 torma
452 3155 524 3199 eum
538 3136 665 3197 alterius
686 3137 905 3198 communione
928 3137 1012 3216 quod
1029 3157 1102 3217 pro-
1153 3139 1298 3220 deinoeps
1333 3143 1534 3224 exponenda,
1567 3149 1599 3204 et
1627 3137 1807 3205 enucleanda
1825 3137 1889 3195 sunt.
1962 3138 1963 3167 ³

333 3231 437 3311 prium
446 3236 503 3307 est,
514 3229 617 3291 Verbo
630 3229 744 3290 scilieet
756 3235 901 3310 operante
911 3230 995 3309 quod
1008 3231 1103 3292 Verbi
1962 3226 1963 3229 ’

333 3329 397 3395 est,
428 3330 458 3384 et
483 3342 576 3384 earne
605 3327 776 3402 exequente
806 3323 889 3402 quod
918 3324 1018 3384 earnis
1044 3331 1100 3386 est.

333 3416 438 3477 Unum
456 3416 571 3477 borum
587 3420 727 3476 coruscat
745 3413 917 3490 miraculis,
932 3414 1016 3475 aliud
1032 3433 1101 3477 sue·
1351 3442 1383 3533 C
1392 3443 1575 3532 APUT
1631 3447 1651 3534 I
1662 3444 1710 3534 Il

332 3506 450 3569 eumbit
472 3508 603 3587 injuriis.
632 3510 671 3567 Et
692 3509 771 3568 sieut
787 3508 921 3567 Verbum
935 3508 975 3567 ab
997 3526 1102 3587 teque*
1716 3512 1724 3532 ⁶

330 3599 417 3661 litate
430 3606 566 3680 paternas
580 3600 687 3678 gloriae
714 3619 779 3660 non
800 3598 943 3676 recesslt3
963 3599 1007 3660 ita
1029 3618 1100 3662 earo
1962 3670 1963 3673 Ἴ

330 3699 476 3753 naturam
484 3692 582 3753 nostri
595 3693 717 3771 generis
728 3710 792 3752 non
806 3692 969 3771 reliquit.»
988 3694 1101 3759 Quam·
1153 3696 1197 3760 De
1217 3697 1364 3762 vocabulis
1378 3709 1480 3781 φύσεως,
1503 3709 1530 3763 et
1543 3706 1715 3781 brendam,
1735 3706 1849 3775 natura,
1863 3713 1890 3756 oc
1962 3686 1963 3761 l

331 3780 438 3845 obrem
472 3784 555 3844 idern
585 3784 666 3843 Deus
697 3793 727 3845 et
753 3784 849 3844 homo
880 3783 1035 3858 Christus,
1066 3790 1101 3847 ut
1192 3792 1889 3878 subsistentiae‚abepersonae.prutuimtape
1962 3806 1963 3809 ’

330 3877 457 3956 aequalis
476 3876 559 3936 Patri
574 3875 685 3936 dicitur
704 3876 874 3936 seeundum
895 3874 1098 3956 divinitatem,
1189 3893 1370 3964 pronatum
1387 3887 1541 3973 usurpari,
1561 3887 1649 3948 αίαηι
1669 3889 1705 3948 ab
1720 3879 1891 3968 Cprillo,qoi
1962 3878 1963 3881 ’

330 3985 395 4027 non
409 3967 580 4028 seeundum
592 3969 836 4043 humanitatem;
849 3974 880 4028 et
893 3968 996 4028 minor
1010 3968 1100 4031 Patre
1191 3974 1327 4057 ambipee
1348 3996 1415 4038 usas
1434 3987 1474 4039 est
1500 3979 1557 4041 tito
1580 3998 1655 4042 voce.
1673 3976 1845 4062 prostasim
1860 3971 1889 4034 al
1962 3994 1963 3999 ¹

329 4060 499 4120 seeundum
514 4060 759 4135 humanitatem;
776 4077 842 4119 nou
860 4065 966 4120 umen
988 4078 1098 4123 seeun-
1190 4077 1301 4132 amara
1327 4068 1467 4149 differre,
1501 4070 1580 4152 qaod
1613 4071 1729 4135 modum
1759 4066 1888 4153 praedam

328 4150 404 4211 dnm
416 4151 626 4228 divinitatem,
652 4156 696 4212 ita
718 4170 837 4232 passus,
864 4152 1040 4230 crucifixus,
1067 4161 1100 4216 et
1189 4160 1470 4243 eristendiproeter
1495 4157 1889 4227 acclamabamur
1962 4172 1963 4175 ’

326 4249 471 4303 mortuus
495 4248 540 4303 est
566 4261 631 4302 non
655 4244 828 4303 seeundum
848 4243 986 4305 divinam
1006 4252 1096 4307 natu·
1190 4251 1333 4332 scriptore
1351 4252 1537 4317 libricoatra
1556 4255 1740 4332 Nestorium,
1767 4250 1887 4329 atnep-

326 4346 405 4407 ram,
422 4334 475 4396 sed
489 4335 662 4397 secundum
675 4334 864 4414 humanam,
879 4337 930 4397 vel
941 4336 976 4398 in
991 4356 1093 4402 earne.
1188 4342 1270 4406 edem
1293 4343 1387 4407 obiter
1403 4343 1528 4411 dictam.
1550 4346 1594 4411 De
1621 4347 1768 4433 hypostasi
1784 4350 1809 4409 et
1831 4344 1888 4413 atde

366 4426 446 4487 Xlll.
461 4428 598 4502 Passum,
612 4427 715 4505 inquit
727 4427 871 4506 Cyrillus,
891 4451 906 4488 u
921 4435 952 4490 et
964 4431 1096 4493 resusci-
1188 4455 1292 4498 rursus
1305 4446 1442 4502 accurate
1452 4438 1650 4525 disputatum.

325 4516 436 4592 tatum,
452 4518 556 4596 ipsum
570 4519 721 4593 dicimus3
738 4537 802 4580 non
817 4526 851 4580 ut
865 4522 945 4581 Deus
958 4520 1096 4587 Verbum

325 4606 487 4686 quippiam
501 4611 535 4670 in
558 4616 670 4672 natura
694 4618 804 4691 suapte
827 4613 868 4673 sit
886 4631 1003 4692 passus,
1031 4617 1095 4677 sive
1189 4619 1214 4681 1.
1238 4621 1291 4682 Vis
1304 4622 1427 4684 stratio
1445 4624 1613 4686 Christiani
1625 4625 1730 4701 totius,
1744 4612 1886 4684 actbeolo·

324 4698 441 4777 plagas,
453 4700 684 4764 siveclavorum
695 4704 936 4782 perforationes3
953 4706 1016 4767 sire
1034 4708 1096 4770 alie
1145 4711 1210 4790 giei
1223 4713 1376 4793 dogmatis
1390 4717 1475 4796 quod
1494 4717 1718 4779 iucarnationis
1730 4710 1887 4796 mysterium
1962 4772 1963 4787 ,

324 4792 467 4871 quaedam
480 4793 806 4857 vulnerabeusenim
814 4797 880 4877 pati
891 4796 1092 4878 nihilpotest,
1145 4805 1370 4884 complectitur,
1386 4813 1493 4891 estque
1507 4809 1623 4872 anobis
1637 4808 1887 4891 expositumsopt·
1962 4876 1963 4895 ,

360 4982 381 5025 c
398 4968 463 5029 Νη.
480 4984 522 5041 ep.
540 4969 697 5030 rediitad.
714 4973 837 5028 incone.
856 4973 926 5045 Epi.
952 4973 984 5029 rt
1010 4976 1093 5038 elect
1144 4995 1195 5045 ναι,
1211 4980 1259 5056 οὐχ
1273 4980 1306 5045 ὡς
1322 4976 1433 5039 roboret
1455 4982 1531 5061 λόγου
1549 4987 1668 5052 παθόντος
1680 4983 1714 5050 εἰς
1725 4982 1783 5041 oet
1795 4972 1885 5055 eloti
1962 4944 1963 4947 Ἴ

321 5053 436 5107 &ordros
460 5052 504 5121 τὴν
528 5053 627 5127 Μαρίαν
659 5054 849 5127 brehembret,
879 5054 947 5119 ἐκτός
975 5055 1026 5113 ἔστι
1048 5063 1094 5127 τῆς
1144 5063 1249 5136 πληγὰς.
1271 5066 1443 5141 decerptione
1465 5064 1545 5138 ἥλων,
1559 5070 1635 5146 ἤγουν
1656 5065 1724 5144 top«
1736 5072 1781 5123 τῶν
1798 5056 1884 5137 prop&

320 5134 441 5205 erema.
1144 5146 1506 5219 accesseramus
1519 5154 1559 5208 aa
1584 5152 1721 5229 eapse.
1736 5145 1809 5213 ortt
1827 5138 1884 5207 dd

358 5218 376 5273 b
394 5220 461 5275 Cra.
476 5219 505 5275 in
520 5220 600 5292 epist.
617 5220 707 5297 priore
723 5219 765 5276 ud
777 5224 857 5277 Nost.
875 5222 961 5279 relata
976 5223 1005 5279 in
1020 5225 1090 5297 Epht
1144 5230 1245 5301 γεγονὸς
1263 5229 1338 5286 atreb
1362 5232 1425 5288 ἴδιον
1442 5242 1516 5310 σῶμα
1529 5240 1631 5295 πέπονθε
1644 5232 1728 5305 ταῦτα,
1748 5230 1814 5288 πάλιν
1826 5220 1884 5282 ae

320 5312 382 5369 tyb.
396 5314 454 5373 per.
470 5302 492 5357 1.
506 5300 578 5356 Οὕτω
589 5300 666 5375 φαμὲν
683 5301 756 5357 abror
771 5302 812 5357 aeti
825 5304 921 5374 παθεῖν,
936 5306 975 5360 καὶ
986 5307 1093 5377 basma
1142 5306 1242 5383 λέγεται
1255 5314 1339 5373 παθεῖν
1350 5314 1410 5392 ὺπέρ
1423 5312 1509 5401 lupae,

346 5448 356 5493 t
370 5449 414 5497 Leo
424 5460 459 5509 ep.
469 5462 492 5507 a,
503 5462 551 5510 rep.
564 5450 601 5499 tt.
612 5454 663 5502 *t
673 5455 724 5505 bib.
735 5456 762 5504 tte
772 5459 852 5507 acar..
867 5472 887 5506 c.
900 5461 925 5514 V.
940 5462 984 5509 eol.
995 5462 1045 5510 m.
1056 5484 1085 5503 -ι
1095 5457 1110 5510 b
1120 5459 1177 5513 Coit.
1190 5477 1238 5521 rm,
1249 5469 1316 5518 Anat.
1327 5482 1389 5519 mr.
