3994 6164
335 328 396 389 200
846 327 1171 394 rnnolofflooattu
1190 324 1409 392 DOGMATUM

336 491 437 566 illum,
448 494 532 572 quod
545 512 617 556 cum
629 495 692 557 Deo
704 496 886 575 conjunctus
899 496 949 574 sit,
964 496 1105 577 ejusdem
1196 494 1241 556 ltu
1254 493 1339 554 enim
1349 487 1506 553 Nestorius
1518 486 1690 566 scripserat,
1704 480 1892 543 oeumdemet
1966 462 1967 541 ]

337 602 410 646 cum
423 585 491 664 ipso
504 587 959 669 honorisaitesseperticipem.
1156 585 1307 648 infantem
1334 584 1437 660 luisse,
1464 587 1496 644 et
1519 574 1646 641 infantis
1671 573 1837 649 dominum,
1854 572 1893 634 rel
1966 606 1967 647 ι

377 678 441 739 Leo
454 698 578 760 quoque
592 681 723 759 Magnus
736 680 770 742 in
785 680 914 761 epistola
926 698 998 745 τινοιν
1025 682 1104 744 Nes-
1156 679 1283 741 intentis
1298 678 1530 740 habitatorem0.
1545 692 1561 732 ν
1580 669 1683 743 Unde,
1698 672 1734 727 ut
1744 669 1818 727 recte
1830 667 1892 726 lca-
1966 682 1967 695 ¹

336 771 409 831 torii
417 773 688 853 mentemexponit
701 774 754 835 sic.
771 775 859 835 «Nec
868 775 1010 850 dicimus,
1021 774 1106 855 quod
1156 772 1222 834 cius
1247 771 1459 851 Mitylenensis
1479 768 1533 842 ait,
1552 758 1892 825 «vocabulotenusuui-
1966 820 1967 823 ,

337 864 426 925 beata
439 864 534 945 Virgo
544 866 640 928 Maria
654 866 815 927 hominem
829 866 894 928 sine
909 866 1021 928 deitate
1035 885 1106 927 cou-
1156 867 1251 922 tatem
1262 861 1402 922 Deicum
1411 848 1894 928 earneoonfitsbsturpeipssvero
1966 920 1967 929 ,

337 957 468 1035 ceperit,
490 959 544 1037 qui
564 965 685 1020 creatus
697 977 716 1019 a
730 959 848 1039 Spiritu
861 964 985 1036 saneto,
1000 965 1107 1039 postea
1156 970 1225 1014 esm
1238 952 1377 1014 funditus
1387 947 1563 1012 tohebat‘.»
1799 1032 1805 1044 ι

337 1048 377 1108 sit
390 1051 794 1129 susceptussVerbo,quod
808 1052 984 1113 Nestorium
997 1051 1107 1132 praedi-
1197 1046 1362 1125 Propterea
1390 1037 1558 1116 Gelasius¹,
1587 1054 1653 1098 non
1666 1033 1717 1096 ille
1740 1032 1893 1113 Cynoenllb
1966 1088 1967 1091 ι

237 1150 242 1157 ·
339 1146 461 1202 cantem
476 1142 587 1203 merito
594 1142 737 1222 justeque
752 1144 1002 1206 damnavimus.»
1156 1136 1254 1197 futilis
1275 1136 1416 1215 sempter,
1441 1133 1494 1195 sed
1519 1133 1683 1192 Romanus
1708 1124 1850 1206 pontifex,
1870 1126 1896 1184 ir

379 1233 430 1294 Sic
447 1233 532 1313 apud
552 1234 757 1296 Athanasium
770 1236 803 1296 in
816 1235 921 1307 libello
945 1235 989 1296 he
1003 1234 1107 1296 Iecur·
1156 1229 1237 1290 libro
1250 1229 1398 1290 adversus
1410 1225 1592 1306 Eutycbem.
1605 1215 1895 1292 etNestorium,altlr·

336 1324 454 1384 notione
480 1323 568 1387 Verbi
588 1333 690 1387 contra
710 1325 841 1387 Paulum
869 1325 1105 1404 Somosoteuem,
1157 1326 1233 1394 mat,
1242 1320 1417 1382 Nestorium
1424 1311 1776 1400 putassesingularemin
1785 1307 1894 1381 Christo,
1966 1312 1967 1315 ’

337 1417 392 1495 qui
408 1414 483 1476 mihi
498 1434 563 1477 non
574 1435 638 1479 esse
648 1418 770 1481 videtur
778 1419 873 1497 illius,
889 1419 1108 1499 explicatoris
1158 1406 1282 1492 quando
1294 1418 1340 1473 cst
1355 1417 1533 1492 conceptus,
1555 1407 1650 1469 tulisse
1663 1410 1815 1476 naturam,
1827 1400 1896 1461 idest

337 1507 422 1568 hunc
457 1509 586 1569 modum
617 1510 730 1590 dogma
761 1511 866 1572 istud:
898 1533 910 1569 ι
938 1512 1108 1574 Hominem
1150 1496 1340 1566 humanam·
1365 1506 1410 1565 Ex
1433 1521 1494 1584 (11¹0
1523 1491 1896 1578 0011⁸eq11011⁸fih¹1¹¹¹llffl
1966 1546 1967 1549 =

338 1599 465 1678 quidem
477 1618 553 1672 esse,
567 1619 605 1662 ex
619 1603 748 1679 Virgine
761 1604 914 1683 genitum,
926 1622 984 1665 nec
993 1603 1108 1666 habere
1158 1598 1287 1659 omniuo
1294 1607 1426 1678 σόριωσιν,
1435 1596 1467 1656 id
1474 1600 1519 1657 est
1525 1591 1754 1655 {demtionem
1762 1586 1896 1648 ssxssfififflt·

338 1697 451 1752 natura
474 1692 645 1772 quidquam
672 1695 833 1766 divinum,
863 1695 916 1756 sed
945 1695 977 1755 in
1006 1695 1109 1774 ipsum
1198 1691 1251 1750 VI.
1274 1689 1390 1754 Eadem
1416 1687 1596 1759 calliditate,
1618 1690 1747 1764 οονρίψο
1765 1676 1897 1741 Nestorius
1966 1686 1967 1759 j

339 1783 529 1846 descendisse
562 1787 671 1847 Deum.
701 1808 717 1844 ο
756 1788 874 1848 lbidem
908 1787 1003 1848 etiam
1030 1787 1109 1849 illud
1158 1781 1235 1843 diras
1254 1782 1288 1840 in
1313 1780 1433 1840 Christo
1455 1777 1588 1857 negabat
1611 1793 1676 1837 esse
1697 1768 1897 1854 personas,vel

337 1876 456 1952 rejicit,
476 1878 560 1958 quod
575 1879 762 1957 asserebant,
782 1902 795 1938 ι
812 1881 911 1941 Deum
924 1879 1063 1943 hahitare
1074 1880 1108 1940 in
1159 1873 1239 1935 tilios
1252 1872 1341 1946 duos,
1355 1873 1499 1952 quamvis
1512 1870 1614 1951 reipsu
1628 1869 1706 1929 duos
1717 1864 1833 1928 ommno
1843 1881 1897 1942 pre
1966 1868 1967 1871 ’

338 1967 524 2029 homines.»
1159 1968 1308 2027 tlteretur.
1345 1967 1445 2039 Quare
1473 1965 1506 2024 in
1532 1961 1662 2041 epistola
1686 1957 1724 2020 od
1748 1954 1895 2038 Cyriliou,

167 2107 174 2150 γ
261 2103 306 2147 ra·
378 2060 416 2120 V.
433 2059 579 2134 Quocirca
590 2062 837 2124 incarnationem
847 2063 949 2143 reipsa
962 2064 1107 2143 negabat,
1163 2075 1307 2118 unomen
1327 2055 1449 2128 Christi,
1465 2056 1508 2116 ait
1527 2055 1590 2124 ille,
1606 2058 1762 2133 expertem
1774 2050 1896 2132 patiendi,
1966 2116 1967 2123 ς

168 2116 312 2212 ολῗηόίινυ
339 2153 394 2212 etsi
408 2152 503 2213 verbo
516 2152 669 2215 fatebatur
678 2156 848 2217 Nestorius.
863 2177 878 2214 σ
894 2156 1050 2217 Simulent
1063 2174 1107 2232 se,
1159 2157 1190 2212 et
1202 2149 1363 2230 patibilem
1376 2149 1581 2209 substantiam
1594 2148 1630 2209 in
1645 2164 1718 2223 rano,
1732 2154 1762 2207 et
1773 2141 1896 2223 singulari
1966 2156 1967 2159 ’

180 2213 304 2309 didimia
338 2243 382 2302 ait
396 2245 541 2323 cyrillus,
564 2247 910 2311 lucernarionisvocem
924 2249 1107 2311 admittere:
1158 2241 1332 2322 significare
1352 2251 1540 2320 personam)
1566 2258 1604 2300 ec
1617 2239 1709 2320 paulo
1722 2243 1795 2318 post,
1812 2234 1897 2295 adiri·

186 2320 299 2365 ‘mmm‘
338 2352 449 2397 verum
472 2335 669 2399 incarnatum
688 2357 753 2400 esse
766 2358 874 2401 revera
898 2341 952 2400 Dei
967 2341 1109 2402 Verbum
1158 2334 1275 2408 nitatis,
1288 2333 1568 2394 ethumassitatisin
1577 2332 1673 2392 unius
1681 2346 1812 2410 person&
1824 2344 1898 2407 ⁰⁰Pll·
1966 2406 1967 2409 ς

338 2444 403 2486 non
419 2433 553 2506 putant:
579 2429 638 2491 hoc
658 2436 705 2492 est
726 2431 886 2493 hominem
907 2450 972 2494 esse
992 2433 1108 2494 factum
1158 2426 1305 2487 lationem
1327 2426 1566 2502 congruentium
1594 2420 1765 2485 rationem!
1776 2442 1791 2479 ν
1814 2422 1895 2480 vocat.

337 2520 437 2579 nostri
464 2520 620 2583 similem:
645 2522 688 2583 ita
704 2527 739 2584 ut
759 2525 841 2603 quod
867 2530 933 2584 erat
955 2531 1106 2586 muneret.
1159 2517 1244 2580 Idem
1258 2517 1416 2579 NesiOrius
1430 2517 1515 2598 apud
1536 2515 1692 2597 cyrillum
1705 2518 1802 2595 apelle
1820 2509 1895 2591 Pfflfi·
1966 2586 1967 2591 ,

338 2612 617 2683 Verumusserunt,
628 2615 671 2675 sic
681 2616 875 2694 tanquamin
885 2635 947 2676 uno
961 2618 1109 2696 quopiam
1157 2616 1252 2687 tetur,
1276 2610 1541 2690 quemadmodum
1554 2610 1660 2671 unitas
1681 2610 1714 2669 in
1731 2607 1850 2681 Christo,
1866 2620 1895 2664 ac

337 2703 513 2766 homineex
527 2710 706 2767 sanctorum
721 2725 865 2783 numero,
880 2708 1025 2770 deblaria
1039 2709 1108 2770 Vir·
1139 2704 1284 2780 divisio,
1319 2704 1369 2765 vel
1391 2703 1554 2783 duplicitas
1577 2702 1742 2783 spectanda
1764 2700 1808 2761 sit.
1832 2698 1895 2758 Non
1966 2736 1967 2739 =

337 2795 409 2872 gine
423 2802 551 2872 natum,
571 2797 724 2860 habitasse
739 2799 937 2878 unigenitum
959 2800 1017 2862 Dei
1030 2801 1108 2861 Ver·
1161 2796 1318 2869 «nullam,
1344 2799 1398 2871 ait,
1420 2814 1488 2858 esse
1512 2795 1699 2856 divisionem
1721 2789 1895 2874 copulationis
1935 2830 1938 2835 -
1966 2832 1967 2835 ,

336 2886 436 2949 buml.
452 2909 468 2947 ο
490 2891 537 2949 Ex
550 2908 612 2969 quo
625 2891 756 2952 subinde
782 2891 973 2953 consectaria
997 2898 1108 2955 caetera
1156 2889 1251 2966 illius,
1265 2907 1335 2969 quae
1353 2889 1387 2950 in
1401 2889 1551 2969 dignitate
1565 2889 1714 2961 consistit,
1728 2902 1820 2965 neque
1832 2881 1893 2943 blie-
1966 2890 1967 2967 f

337 2980 468 3059 Cyrillus
482 2983 660 3043 Nestoriani
678 2982 831 3061 dogmatis
850 2984 952 3064 colligi
972 2985 1105 3047 demon·
1155 2982 1237 3050 tatis,
1255 2989 1289 3041 ut
1302 2981 1341 3042 sic
1362 2982 1492 3062 loquor:
1519 2981 1573 3041 sed
1586 2998 1689 3060 neque
1702 2998 1759 3060 qun
1781 2976 1894 3037 Christus
1966 3040 1967 3043 ς

336 3077 432 3132 strat:
453 3092 468 3128 ιι
481 3091 546 3134 non
561 3092 660 3135 unum
675 3092 740 3135 esse
754 3076 911 3137 Christum
925 3076 1054 3154 Filium,
1070 3095 1106 3139 ae
1155 3080 1211 3150 est,
1227 3074 1324 3134 ullam
1337 3073 1437 3135 inesse
1457 3073 1659 3134 divisionem:
1679 3088 1784 3133 rerum
1807 3065 1895 3128 divini
1966 3078 1967 3147 j

339 3162 514 3238 Dominum,
543 3171 573 3227 et
599 3166 777 3228 adoratione
791 3168 967 3244 colendum,
993 3170 1047 3230 scd
1069 3176 1105 3232 ut
1154 3167 1235 3243 tatis,
1265 3171 1295 3227 et
1322 3165 1526 3226 humanitatis
1554 3164 1713 3226 duntaxat
1742 3163 1831 3237 (lucre
1852 3175 1893 3218 occ
1966 3192 1967 3197 κ

334 3254 496 3316 hominem
506 3258 652 3334 seorsim,
668 3277 704 3320 ac
718 3262 883 3339 seperatim
897 3260 1101 3340 intellectum,
1153 3258 1355 3321 duosbabere
1366 3274 1425 3317 nos
1435 3257 1649 3334 Christos,nec
1665 3256 1752 3318 Filios
1760 3254 1841 3315 duos:
1851 3249 1893 3311 sed
1966 3328 1967 3331 γ

334 3346 399 3406 sola
413 3348 624 3427 copulatione,
640 3351 811 3414 secundum
832 3352 985 3414 unitatem
998 3354 1103 3433 digni·
1153 3350 1889 3428 unumeteumdemessedignitate,nonnatura⁹.r
1966 3356 1967 3365 ²

333 3438 405 3499 tatis
428 3440 632 3519 honoratum,
649 3444 741 3505 simul
756 3445 891 3522 adorari,
906 3452 938 3507 et
950 3437 1104 3525 con'glori-
1151 3445 1245 3524 Atqui
1251 3449 1320 3504 tum
1329 3447 1447 3504 veteres
1457 3442 1579 3522 saepius,
1592 3443 1802 3504 tumescentes
1821 3435 1892 3496 theo·

332 3530 428 3591 ficari,
444 3553 460 3589 ι)
477 3532 557 3594 Tum
580 3535 623 3596 sic
642 3535 769 3598 bomine
783 3538 817 3598 in
837 3537 890 3598 illo
905 3539 1003 3600 heum
1016 3537 1102 3599 hahi-
1150 3535 1214 3615 logi
1228 3535 1403 3616 complures
1424 3534 1556 3595 Nestorii
1572 3533 1755 3595 sententiam
1765 3523 1893 3606 siccrpli·
1966 3582 1967 3587 ,

332 3628 423 3699 tasse,
438 3626 702 3703 quemadmodum
716 3647 772 3708 per
791 3630 943 3712 Spiritum
957 3636 1100 3693 sanctum
1149 3635 1230 3704 cant,
1248 3628 1294 3689 uti
1308 3628 1385 3689 duas
1395 3626 1434 3687 ab
1447 3626 1501 3688 illo
1515 3644 1674 3707 personas,
1689 3625 1818 3705 duosque
1828 3617 1891 3680 tilios
1966 3698 1967 3705 γ

331 3715 751 3783 innobishabitaredicitur.
1148 3721 1317 3785 asseverari
1326 3718 1472 3782 scribant.

330 3966 411 4037 μῆτρᾳ
421 3966 609 4033 tressortem,
625 3971 757 4042 γενόμενον
777 3969 825 4027 ὑπὸ
838 3969 960 4043 γυναικός,
975 3970 1016 4025 καί
1026 3973 1096 4044 γενό-
1182 3984 1197 4026 0
1215 3969 1297 4028 Ntsr.
1313 3968 1344 4025 in
1361 3966 1439 4040 Ept.
1455 3972 1537 4026 Cotto.
1554 3974 1609 4024 aet.
1626 3984 1645 4035 t,
1658 3984 1692 4025 ex
1705 3972 1805 4039 quater.
1819 3976 1887 4020 τινα.

329 4067 401 4118 μενον
412 4047 460 4102 berb
469 4050 555 4121 νόμον,
565 4055 620 4107 etc.
641 4050 797 4125 ’λποββῆτως
810 4055 913 4126 συνῆψεν
929 4052 1017 4126 ἐαυτῷ.
1145 4051 1201 4106 Ἠν
1214 4052 1262 4125 γὰρ
1276 4053 1290 4107 ὁ
1303 4050 1375 4114 state
1387 4051 1483 4123 βρέφος,
1498 4050 1539 4104 καί
1552 4055 1595 4107 τοῦ
1610 4053 1711 4125 βρέφους
1719 4050 1835 4116 δεσπότης,
1843 4050 1886 4102 tte·

364 4145 385 4185 a
404 4130 508 4186 Arnon.
520 4139 586 4189 tom.
605 4133 626 4189 1.
642 4132 786 4208 ’λνθροιιτον
802 4137 844 4209 μὲν
862 4131 924 4191 εἶναι
939 4134 1018 4204 ἔνι-ῆς
1035 4155 1097 4210 παρ-
1149 4133 1179 4190 ‘0
1193 4136 1266 4198 αὖτός
1279 4132 1308 4204 ῆν
1322 4129 1366 4189 τοῦ
1381 4135 1482 4207 βρέφους
1496 4132 1612 4207 οίκῆτιορ.

327 4213 396 4268 ceos
410 4215 536 4289 τεχόίντα,
547 4215 588 4268 καὶ
604 4217 677 4288 μηδὲν
692 4217 757 4292 ἔχειν
769 4225 799 4291 τῇ
813 4219 881 4290 φύσει
892 4221 984 4287 deiude,
1002 4220 1055 4274 tabe
1070 4220 1096 4275 δὲ
1180 4219 1203 4274 d
1220 4220 1298 4274 hoec.
1315 4210 1889 4290 incoac.13pt.actr.”eaatstwstiht

328 4294 362 4358 τίς
371 4295 444 4351 αὑτὸν
458 4298 656 4367 καταόεόηιιέναι.
675 4300 745 4357 ίίιίιί.
766 4302 796 4355 El
809 4302 856 4375 γὰρ
870 4303 911 4356 καί
924 4304 979 4357 θεόν
994 4301 1095 4359 ἐνοικεῖν
1145 4321 1203 4375 ματι
1216 4304 1285 4375 μόνῳ
1303 4301 1346 4369 τὴν
1362 4300 1465 4370 ἑνότητα
1479 4307 1523 4355 τοῦ
1537 4295 1592 4354 θεοῦ
1602 4303 1664 4374 πρός
1676 4300 1719 4369 τὴν
1733 4293 1888 4370 semeptis-

327 4376 352 4432 ἔν
367 4386 403 4452 τῷ
418 4379 538 4454 ἀνθρώπῳ
550 4382 645 4455 λέγοιεν
660 4384 909 4459 μῆπαραδεχώμεία.
1143 4389 1244 4458 γοῦντα,
1260 4385 1323 4440 τόδὲ
1332 4386 1458 4459 πράγματι
1469 4385 1559 4453 ταύτην
1573 4385 1653 4458 πάντη
1666 4383 1814 4457 ἀρνούμενον.

236 4491 243 4505 ·
363 4464 380 4519 b
402 4464 496 4519 Crura.
524 4466 554 4522 in
577 4470 717 4537 Expostt.
733 4469 830 4524 anath.
852 4485 880 4525 ν.
904 4467 1094 4543 ’Υτοιρίνονται
1178 4469 1291 4526 eNasr.
1308 4467 1338 4523 in
1357 4467 1437 4540 epist.
1462 4482 1526 4538 quae
1546 4474 1588 4531 est
1605 4467 1706 4538 quinta
1731 4467 1798 4521 inter
1818 4456 1887 4530 Cyri!-

327 4545 370 4618 μίν
386 4545 520 4618 ὁμολογεῖν
535 4548 579 4615 τὴν
594 4554 638 4603 τοῦ
652 4552 820 4624 σεσαρκῶσθαι
834 4554 926 4623 φωνην.
945 4552 973 4606 οὗ
990 4553 1037 4625 μὴν
1052 4555 1094 4608 ὅτε
1143 4550 1242 4607 liunus.
1261 4551 1341 4623 Τίόεσι
1353 4550 1392 4615 τί),
1407 4550 1520 4624 Χριστός,
1530 4550 1564 4613 ίος
1575 4554 1619 4618 τῆς
1626 4550 1740 4612 ἀπαθοῦς,
1750 4546 1788 4602 καί
1799 4542 1888 4609 'filit‘

324 4628 365 4681 καί
379 4630 532 4700 capesceret
546 4631 688 4701 φασι,οιατίι
702 4632 815 4701 ἀλήθειαν
827 4636 870 4689 τόν
884 4641 928 4689 τοῦ
941 4636 996 4690 θεοῦ
1006 4637 1092 4709 λόγον,
1143 4631 1398 4706 οὗσίαςένμοναδικῷ
1420 4634 1548 4705 προσώπῳ
1562 4631 1727 4705 προσηγορίαν
1749 4621 1886 4700 opportuit·

323 4710 589 4784 τουτίστινόνθρωπον
599 4714 708 4784 γενέσθαι
722 4715 775 4768 καθ’
788 4715 863 4788 ἡμᾶς,
880 4717 942 4790 μετὰ
955 4727 999 4773 τοῦ
1013 4723 1094 4792 μεῖναι
1178 4731 1194 4791 J
1213 4715 1282 4772 ibid.
1305 4715 1375 4769 ίίατίι
1395 4715 1437 4770 τὀν
1459 4720 1502 4783 τῆς
1521 4715 1716 4788 ἂνθρωπόΐητῠί»
1730 4713 1768 4766 καὶ
1793 4709 1888 4775 &mm

270 4802 272 4807 ’
324 4789 391 4861 βῆν.
406 4790 470 4846 ἀλλὰ
486 4792 532 4866 γὰρ
547 4795 581 4857 ὡς
598 4794 630 4857 είς
644 4796 770 4868 ἄνθρωπον
785 4806 835 4853 τῶν
851 4800 926 4873 ἁγίων
941 4802 994 4865 ἕνα,
1009 4803 1051 4857 τόν
1067 4802 1093 4857 ἐκ
1140 4800 1228 4871 λόγον,
1242 4798 1283 4852 καί
1296 4797 1340 4866 τῆν
1353 4798 1446 4854 τούτων
1461 4798 1493 4861 είς
1503 4797 1556 4860 ἑνός
1564 4801 1698 4871 προσώπου
1707 4796 1834 4865 sceptro.
1882 4847 1884 4851 .

323 4880 366 4943 τῆς
378 4874 449 4947 ἁγίας
460 4878 578 4948 παρθόνον
591 4881 766 4951 γεγεννημένον
775 4888 918 4952 κατοικῆσαι
927 4886 1093 4960 διισχυρίζου·
1176 4899 1197 4954 q
1217 4883 1332 4941 Neston.
1344 4882 1418 4954 opud
1434 4883 1497 4953 Cpr.
1513 4881 1561 4938 lib.
1577 4882 1600 4937 ll
1613 4872 1773 4937 conmitti.
1784 4871 1886 4943 Διαίρεσις

323 4977 363 5013 ται
378 4959 419 5013 τὸν
432 4964 552 5032 μονογενῆ
568 4969 611 5014 τοῦ
625 4960 679 5016 θεοῦ
692 4963 779 5036 λόγον,
792 4965 834 5019 ίνα
849 4970 934 5040 μηκέτι
946 4969 1048 5040 Χριστὸς
1058 4965 1093 5034 είς
1141 4965 1184 5019 οὖν
1198 4964 1251 5020 ἔστι
1277 4970 1320 5035 τῆς
1344 4965 1473 5036 συναφείας
1487 4968 1530 5020 τοῦ
1561 4962 1706 5036 &bidumos
1720 4966 1762 5029 τῆς
1780 4956 1883 5021 ”isthmi-

322 5041 475 5114 ὅβθλθῖἧῖαῑ
486 5043 527 5095 καί
539 5044 599 5107 υίὸς,
611 5045 652 5099 καί
664 5047 755 5120 timot,
779 5051 819 5102 ml
842 5052 1015 5123 προσπυνητίις,
1034 5053 1091 5106 ἀλλ’
1140 5044 1273 5103 αὐτοῦτοῦ
1287 5044 1349 5103 εἶναι
1363 5048 1464 5121 Χριστός
1477 5046 1522 5101 οὖα
1542 5042 1593 5101 ἔστι
1612 5047 1732 5118 διαίρεσις,
1746 5050 1796 5099 ett-
1806 5031 1884 5106 θίῐίί

322 5124 357 5189 ὡς
370 5124 495 5198 ἅνθρωπος
524 5125 617 5195 ίδῑκῶς,
642 5130 684 5183 καί
706 5133 844 5204 καταμόνας
866 5135 1006 5206 νσοίμινος,
1028 5139 1089 5210 μόνῃ
1140 5131 1231 5205 ἔχομεν
1245 5132 1288 5187 eto
1301 5132 1428 5205 Χριστοίις,
1440 5130 1496 5185 olet
1512 5131 1556 5185 δύο
1566 5129 1642 5195 υίοίις,
1656 5135 1708 5186 etc.
1726 5123 1789 5180 Ἀλλ’
1799 5113 1883 5178 &M

322 5208 441 5280 συναφείρ
454 5214 485 5283 τῇ
497 5209 561 5264 κατὰ
582 5212 626 5281 τῆν
646 5212 748 5283 ἑνότητα
768 5220 811 5284 τῆς
829 5215 896 5280 ἀξίας
919 5220 1088 5292 τετιμημένος,
1139 5209 1174 5277 είς
1188 5213 1239 5269 ἔστι
1248 5215 1357 5282 διπλοῦς,
1368 5213 1434 5289 οὔτῇ
1444 5212 1510 5287 ἀξίᾳ,
1521 5213 1586 5267 ἀλλὰ
1600 5213 1716 5288 τῇφόσει.
1727 5207 1879 5273 l'ideelW·

321 5296 548 5364 συμπροσιυνῆται,
564 5294 605 5348 καὶ
618 5295 804 5365 συνδοξάζηται.
897 5341 898 5345 ,
1138 5312 1214 5368 seqq.

352 5496 362 5539 1
378 5496 439 5541 Tem.
451 5496 479 5541 lv
491 5499 545 5544 etet.
556 5500 617 5546 Patr.
632 5500 674 5545 ool.
687 5500 736 5545 tlt.
