4078 6168
557 300 608 360 DE
628 296 934 372 INGARNATIONE,
957 298 1032 359 LlB.
1056 299 1082 376 I,
1104 297 1186 361 GAP.
1211 301 1234 360 l.
1633 304 1690 366 itt

108 467 212 539 tinere,
228 465 287 545 qni
302 482 355 546 per
373 465 480 527 omnia
498 470 530 526 et
551 463 687 526 hominis
708 479 873 544 personam
923 480 989 523 uon
1013 462 1139 526 habere.
1169 485 1184 522 a
1219 465 1278 526 Sed
1303 465 1352 527 hee
1379 466 1557 546 partitiones
1587 468 1691 529 miuus

108 557 247 634 impleret
261 563 295 619 et
303 557 408 618 Verbi.
421 557 553 633 Quidam
569 561 757 637 putaverunt
770 554 875 616 Domi·
923 561 1073 617 accurata
1088 562 1177 633 sunt,
1196 576 1254 619 nec
1275 558 1434 619 universas
1446 559 1580 622 haereses
1593 561 1690 621 conti-

109 667 181 711 num
191 650 306 711 iesum
319 650 476 710 Christum
485 667 550 710 non
562 655 676 710 nostrae
691 646 872 708 substantie
923 652 1010 708 nent.
1027 650 1089 710 Nos
1102 668 1140 711 ex
1153 651 1299 712 omnibus
1312 656 1493 731 sequentem
1508 652 1692 714 divisionem

109 761 214 822 corpus
227 741 387 811 habuisse,
411 742 466 802 sed
488 742 527 802 ab
551 740 714 803 elementis
738 739 874 819 superio
922 739 1131 802 instituemus.

109 834 211 911 ribus,
238 852 276 895 ac
299 831 513 894 subtilioribus
543 839 714 913 sumptum.
743 831 873 905 Quidam
963 832 1014 891 lv.
1024 834 1277 914 Existuntitaque
1285 835 1391 896 decem
1399 835 1527 896 omnino
1536 835 1691 896 haeresum

109 932 207 988 autem
220 925 458 987 estimaverunt
470 925 504 987 in
518 943 610 987 carne
626 923 740 985 Christi
757 924 872 984 huma·
923 925 1032 1002 capita,
1047 926 1202 987 lucarnati
1209 926 1304 987 Verbi
1317 926 1443 988 inimica
1451 927 1606 1006 dogmati:
1621 945 1690 1008 qnoe

110 1035 177 1080 nam
188 1017 331 1079 animam
344 1036 410 1079 non
423 1018 596 1093 habitasse,
611 1035 670 1078 nec
682 1015 774 1076 fuisse
787 1035 794 1075 :
819 1013 874 1075 sed
923 1014 1053 1076 subinde
1067 1017 1247 1095 singillatim
1257 1037 1424 1098 exponam.

110 1110 329 1191 panesanimae
341 1110 443 1189 ipsam
454 1109 550 1170 Verbi
561 1109 704 1188 implesse
714 1107 871 1168 deitatem.
965 1107 1058 1167 Primi
1069 1108 1192 1187 generis
1205 1117 1278 1171 sunt
1294 1110 1351 1184 illi,
1369 1110 1421 1187 qui
1435 1112 1554 1172 naham
1567 1111 1690 1191 penitus

111 1202 240 1276 Quorum
258 1201 521 1280 imprudentiam
534 1201 594 1261 hoc
609 1197 740 1274 transiit,
755 1203 792 1258 ut
804 1196 873 1258 ani·
923 1196 1137 1260 hominiscum
1143 1200 1690 1281 Verboconjunctionemesseiactam

110 1293 323 1373 namquidem
336 1291 475 1355 fuissein
489 1290 809 1362 Dominofaterentur,
821 1290 873 1350 sed
924 1290 1064 1351 arbitrati
1077 1297 1161 1369 sunt,
1180 1300 1216 1353 ut
1228 1294 1417 1370 Photiniani‚
1437 1300 1468 1355 et
1487 1297 1688 1358 Samosateni.
1805 1286 1817 1316 ⁰

110 1385 242 1447 eamdem
255 1384 399 1447 dicerent
411 1390 516 1446 mente
537 1382 680 1458 caruisse,
705 1382 778 1462 quia
790 1380 876 1442 suffi·
965 1383 1098 1444 Secundi
1107 1390 1180 1446 sunt
1188 1385 1222 1459 ii,
1238 1386 1401 1467 quispecie
1413 1394 1503 1449 tenus
1514 1392 1547 1449 et
1555 1390 1691 1469 imagine

110 1484 184 1540 caret
203 1477 329 1538 homini
356 1496 413 1538 sua
438 1477 534 1538 deins
559 1476 599 1537 ad
620 1476 726 1537 omnia
747 1473 875 1536 rationis
924 1480 1069 1536 naturam
1082 1476 1249 1538 hominisa
1269 1480 1332 1539 Deo
1346 1485 1520 1561 susceptam
1543 1499 1608 1543 esse
1635 1501 1690 1542 vo·

111 1569 212 1632 officia.
228 1570 391 1630 Postremo
406 1568 501 1630 iidem
513 1586 649 1630 asserere
667 1584 872 1647 proesumpsc-
923 1565 1054 1643 luerint3
1077 1587 1155 1648 quos
1169 1578 1279 1646 Δοκητὰς
1293 1571 1357 1631 dixi
1375 1589 1439 1633 esse
1454 1575 1638 1654 nominatos,
1657 1577 1692 1634 ut

111 1668 194 1736 runt,
219 1666 346 1741 partem
370 1662 538 1740 quamdam
565 1660 659 1722 Verbi
686 1660 720 1720 in
747 1675 873 1719 carnem
924 1659 1094 1737 Valentini,
1106 1663 1278 1738 Manichaei,
1293 1671 1323 1725 et
1337 1664 1463 1725 similes.

111 1753 193 1815 fuine
217 1770 422 1829 conversam3
457 1758 493 1814 ut
525 1755 559 1814 in
593 1753 687 1813 unius
719 1751 872 1831 dogmatis
966 1752 1070 1814 Tertio
1106 1753 1172 1815 loco
1207 1750 1371 1816 censentur
1404 1756 1459 1836 qui
1499 1757 1621 1819 unicam
1658 1759 1691 1819 in

111 1847 247 1909 varietus
261 1845 449 1926 multiplici,
463 1864 527 1907 non
541 1845 787 1912 carnistantum,
804 1843 871 1904 ani·
925 1843 990 1904 Deo
1015 1862 1178 1923 personam
1202 1846 1297 1927 impie
1323 1848 1460 1927 professi,
1490 1850 1631 1911 eamdem
1657 1850 1691 1910 in

111 1957 222 2020 meque
235 1946 365 2015 natura,
380 1938 541 1999 sedetiam
556 1938 653 2019 ipsius
667 1936 762 1998 Verbi
775 1936 872 1997 solve·
926 1949 1050 1993 carnem
1066 1933 1258 1996 incluserunt
1269 1981 1278 2010 ,
1289 1942 1344 1996 aut
1357 1938 1576 2016 quoquomodo
1589 1939 1691 2000 Trini-

111 2032 370 2094 tenementis.»
927 2029 1023 2086 tatem
1039 2026 1151 2105 ipsam,
1180 2028 1301 2088 Patrem
1324 2034 1418 2105 certe,
1442 2029 1602 2090 hominem
1626 2049 1691 2093 esse

147 2124 273 2204 Subjicit
298 2123 351 2185 his
373 2140 471 2183 novas
487 2128 555 2183 tum
582 2122 659 2183 duas
681 2139 720 2183 ex
746 2121 873 2182 adverso
924 2115 1040 2178 factum
1049 2123 1209 2197 putarunt.

112 2222 272 2296 pugnantes
305 2216 454 2283 haereses,
484 2215 632 2289 Nestorii,
657 2218 688 2274 et
713 2214 872 2293 Eutychis,
967 2210 1215 2282 Quartuseorum
1223 2216 1371 2286 esterror,
1379 2214 1432 2291 qui
1441 2212 1543 2274 Verbo
1553 2214 1692 2293 Filioque

112 2326 234 2388 quorum
263 2308 321 2369 ille
347 2327 364 2366 a
390 2306 514 2368 beatam
553 2306 682 2367 Mariam
713 2304 874 2383 Virginem
925 2302 982 2362 soli
995 2311 1162 2382 caspertes
1176 2303 1365 2364 mandarunt
1378 2305 1527 2367 induendi
1542 2306 1690 2385 hominis,

111 2399 234 2460 hominis
258 2398 485 2461 tantummodo
512 2415 606 2459 ausus
631 2401 677 2458 est
704 2398 873 2476 praedicare
925 2396 978 2456 sed
992 2395 1074 2456 illius
1088 2395 1280 2457 divinitatem
1304 2402 1416 2458 natura
1437 2397 1544 2459 itidem
1563 2405 1599 2459 ut
1617 2419 1691 2479 per·

20 2562 22 2567 .
112 2492 293 2571 genitricem,
307 2496 345 2552 nt
355 2491 389 2551 in
400 2496 553 2569 conceptu
564 2489 632 2568 ejus
645 2495 676 2551 et
687 2495 778 2569 partu
786 2490 875 2566 nulla
924 2505 1010 2562 sona,
1026 2488 1179 2549 diversam
1193 2507 1212 2548 a
1226 2489 1326 2549 Patris
1345 2489 1504 2551 divinitate
1517 2490 1690 2569 finxerunt,

20 2574 22 2589 ¹
112 2584 194 2644 Verbi
205 2582 451 2645 etcarnislacta
465 2582 564 2642 unitio
588 2582 776 2658 crederetur,
801 2581 875 2660 quia
923 2586 959 2641 ut
969 2581 1089 2655 Ariani,
1099 2598 1232 2660 quorum
1244 2587 1275 2641 et
1286 2583 1419 2661 propria
1431 2588 1505 2643 sunt
1513 2584 1598 2646 labes
1608 2586 1689 2659 alie,

112 2674 158 2736 nd
174 2675 254 2737 filius
267 2694 339 2737 non
352 2674 418 2755 ipse
440 2673 538 2735 lactus
560 2679 606 2734 est
631 2672 765 2734 hominis
778 2672 872 2750 filius,
923 2672 1086 2752 dequibus
1101 2690 1229 2752 agemus
1242 2679 1357 2753 postea.

112 2768 157 2829 scd
169 2774 265 2830 creato
279 2767 409 2829 homini
429 2766 493 2826 sola
513 2784 546 2827 se
570 2765 750 2841 dignatione
775 2767 872 2827 socia·
963 2765 1077 2839 Quinto
1090 2765 1158 2825 loco
1177 2765 1314 2844 ponendi
1342 2770 1426 2841 sunt,
1455 2767 1511 2845 qui
1534 2787 1646 2849 corpus
1673 2789 1690 2831 e

20 2866 21 2869 ’
111 2860 186 2922 rerit.
203 2888 217 2915 »
237 2862 278 2922 ill
294 2859 454 2939 Eutyches
470 2880 486 2916 a
499 2857 676 2920 unitionem
688 2858 815 2936 quidem
840 2858 874 2919 in
924 2856 1037 2918 caelesti
1057 2856 1186 2918 materia
1206 2855 1377 2917 delibatum
1398 2857 1542 2918 tribuunt
1556 2861 1689 2934 Christ),

112 2953 216 3015 Christo
227 2954 369 3014 duanam
382 2951 538 3012 confessus
550 2956 597 3012 est
610 2956 804 3025 naturarum,
820 2949 874 3010 sed
924 2954 956 3010 et
964 2949 1122 3010 communi
1129 2956 1245 3028 negant
1253 2966 1344 3009 carne
1353 2955 1547 3025 constarent
1555 2953 1690 3033 Apelles,

113 3042 166 3124 ipsa
181 3045 325 3106 unitione
345 3043 378 3104 id
392 3042 467 3103 dicit
480 3043 637 3117 effectum,
652 3046 688 3102 ut
702 3060 741 3103 ex
753 3040 875 3101 duabus
925 3042 990 3102 etsi
1004 3041 1057 3122 qui
1067 3041 1133 3102 alii.
1331 3046 1335 3055 '

20 3166 21 3169 ¹
113 3152 166 3197 rna
177 3141 367 3207 remaneret,
383 3134 563 3197 nullatenus
575 3133 702 3195 alterius
726 3133 874 3194 existente
967 3134 1075 3206 Sexto,
1091 3132 1146 3212 qui
1159 3132 1235 3193 duas
1248 3138 1319 3194 ante
1337 3133 1544 3212 junctionem,
1566 3135 1641 3212 sire,
1657 3143 1693 3198 ut

113 3228 290 3303 substantia3
316 3245 388 3307 que
402 3226 510 3306 utique
523 3226 591 3288 fieri
606 3226 665 3286 nisi
679 3230 734 3286 aut
751 3225 786 3285 in
803 3242 875 3286 con·
924 3227 1084 3289 communi
1096 3225 1246 3286 vocabulo
1260 3231 1346 3297 utar,
1363 3227 1540 3301 unitionem,
1565 3234 1693 3291 naturas

113 3321 298 3400 sumptione,
323 3324 379 3379 aut
406 3319 600 3398 separatione
623 3336 688 3378 non
712 3317 825 3397 potuit.
854 3337 870 3375 a
924 3319 1017 3380 luisse
1045 3318 1235 3393 docuerunt,
1275 3323 1345 3396 post
1368 3318 1562 3397 junctionem
1598 3340 1689 3400 vero,

115 3410 217 3474 ilerum
243 3413 411 3494 plerasque
447 3415 606 3490 percenset
632 3409 810 3489 Fulgentius
839 3409 874 3470 in
925 3410 1050 3473 nonnisi
1086 3427 1202 3470 unam:
1237 3409 1301 3469 sive
1332 3409 1462 3471 alteram
1497 3430 1515 3472 e
1554 3413 1689 3488 domtus,

115 3502 292 3586 libroprimo
301 3502 336 3564 de
347 3502 718 3584 Remissioaepeccotorum
725 3520 792 3581 cap.
803 3518 871 3563 ιιι.
927 3502 1081 3582 absorpta,
1095 3502 1289 3580 extinctaque
1302 3502 1410 3579 altera,
1426 3502 1489 3564 sive
1498 3504 1691 3569 conflatame

115 3595 295 3676 Augustinus
320 3613 394 3658 vero
416 3595 450 3657 in
465 3594 546 3656 libro
561 3595 663 3675 primo
677 3595 874 3676 quaestionum
926 3594 1047 3656 duabus
1059 3593 1193 3655 tertiam.
1215 3593 1311 3673 Cujus
1324 3600 1414 3656 sectae
1429 3596 1612 3676 coryphaeus
1634 3598 1692 3659 fuit

20 3754 22 3763 ,
116 3685 357 3769 Emapelicarum
367 3692 478 3767 quaest.
491 3703 560 3762 xer,
573 3704 736 3747 remoram
748 3686 874 3747 haereti·
924 3687 1090 3766 Eutyches.

20 3792 21 3795 ’
116 3796 209 3841 corum
221 3781 260 3842 de
273 3779 399 3842 Christo
411 3778 513 3839 tribus
525 3778 694 3858 generibus
713 3777 875 3839 terminari
965 3778 1107 3859 Septima
1118 3776 1220 3839 elassis
1235 3796 1344 3840 eorum
1355 3779 1481 3856 exstitit,
1497 3780 1553 3860 qui
1567 3781 1691 3843 unicam

20 3938 22 3943 ,
116 3869 193 3933 dicit:
214 3874 278 3934 hut
303 3870 388 3932 enim
408 3870 448 3931 de
468 3870 629 3931 divinitate
652 3870 730 3949 ejus,
759 3875 814 3931 aut
837 3870 875 3931 de
924 3870 1051 3952 perinde
1070 3884 1217 3931 naturam
1230 3871 1264 3930 in
1278 3871 1419 3945 Christo,
1440 3871 1493 3932 sed
1512 3872 1691 3934 inferiorem

116 3961 307 4038 humanitate,
322 3969 377 4024 aut
389 3963 429 4025 de
439 3968 570 4042 utroque
582 3962 743 4024 falluntur.
760 3983 775 4020 a
792 3963 875 4024 Zeno
924 3962 1119 4043 profitentur,
1136 3968 1167 4023 et
1189 3961 1328 4023 hominis
1349 3964 1526 4043 propriam:
1551 3964 1691 4027 Verbum

118 4054 233 4137 denique
247 4055 440 4118 Veronensis
452 4072 595 4116 sermone
609 4054 711 4134 primo
732 4051 765 4114 de
778 4051 874 4116 Noti·
923 4060 1029 4115 autem
1049 4072 1113 4115 non
1132 4053 1161 4114 ei
1180 4053 1315 4134 proprie,
1344 4059 1376 4114 et
1401 4054 1591 4118 substantive
1615 4075 1689 4118 con-

119 4148 203 4221 citate,
221 4149 339 4221 «licet,
353 4147 476 4226 inquit,
491 4151 583 4208 sectae
597 4146 658 4207 sint
672 4145 789 4225 plures,
805 4165 875 4226 quae
919 4146 1064 4225 junctum
1072 4144 1457 4227 predicant3sedcqaaane,
1466 4148 1692 4212 etextrinsecus
1722 4185 1860 4235 mmm·

119 4235 249 4318 totunm
275 4238 395 4300 Christi
421 4237 553 4299 fabulari
582 4238 743 4315 nitantur,
768 4244 876 4300 tamen
923 4239 1096 4313 adherens,
1112 4244 1147 4298 ut
1160 4237 1327 4298 Nestorius.

119 4331 170 4390 tres
184 4339 254 4393 saut
274 4330 508 4411 quodammodo
523 4329 716 4409 principales,
732 4329 876 4409 equibus
964 4329 1068 4392 Octavi
1092 4335 1175 4404 sunt,
1203 4329 1258 4408 qui
1284 4329 1430 4390 humanae
1456 4335 1577 4393 naturae
1602 4339 1690 4413 parte

120 4419 263 4503 dueejns,
277 4440 377 4503 quem
397 4424 524 4502 cupiant
539 4423 752 4502 depravatum,
777 4423 874 4483 simu·
922 4422 1043 4500 integra
1064 4421 1210 4483 mutilant
1236 4421 1409 4497 Christum3
1432 4428 1468 4484 ut
1490 4423 1608 4500 Ariani,
1636 4427 1691 4507 qui

119 4510 175 4574 lant
193 4534 224 4577 se
248 4534 317 4578 esse
350 4514 501 4576 carltrioes.
529 4515 599 4575 Una
621 4513 754 4594 denique
768 4514 876 4575 asserit
923 4514 1062 4576 Verbum
1077 4513 1191 4574 animae
1206 4513 1303 4573 instar
1313 4513 1359 4574 illi
1371 4531 1435 4575 esse
1448 4514 1604 4578 dixerunt.

121 4603 213 4668 teum
236 4607 397 4670 Christum
422 4605 462 4667 ab
494 4610 583 4667 utero
608 4605 746 4685 Virginis
769 4606 874 4667 Mariae
964 4608 1089 4669 Nonum
1099 4604 1203 4666 locum
1213 4604 1354 4667 obtinent
1363 4606 1418 4684 qui
1429 4607 1567 4686 ejusdem
1576 4609 1690 4673 anime

122 4700 270 4778 empsisse
285 4698 489 4779 principium,
509 4699 669 4776 Deumque
695 4697 805 4759 exinde
833 4697 874 4757 oh
924 4705 1045 4778 partem
1059 4697 1255 4757 solummodo
1278 4698 1455 4774 detrahunt,
1483 4705 1518 4760 ut
1531 4702 1689 4780 Apollina-

122 4784 253 4862 iustitiam
265 4791 385 4852 huam
398 4807 475 4866 esse,
495 4807 561 4851 nou
574 4795 696 4850 natum.
716 4789 785 4850 Alia
805 4806 874 4850 mo·
923 4790 1017 4867 ristae,
1042 4789 1096 4869 qui
1114 4797 1181 4865 voto,
1210 4794 1242 4850 et
1268 4796 1361 4871 ψυχὴν,
1390 4790 1423 4851 ld
1449 4796 1495 4852 est
1520 4801 1640 4854 medem
1660 4800 1692 4855 et

125 4875 232 4955 lcum,
247 4882 304 4944 sed
321 4880 499 4943 mordacius
521 4898 637 4942 nocens
650 4881 724 4941 dicit
747 4880 874 4960 quidem
924 4882 1054 4943 enimam
1069 4899 1089 4942 a
1102 4900 1134 4943 se
1148 4887 1258 4942 mutuo
1272 4887 1460 4961 separantes,
1477 4883 1574 4945 solam
1588 4890 1689 4966 poste-

20 4972 22 5039 i
127 4966 170 5030 bei
179 4971 274 5034 lilium
284 4975 406 5046 Deum3
421 4973 474 5034 sed
489 4990 555 5033 non
564 4976 696 5051 expatre
705 4971 874 5033 nobilitatis
923 4975 1039 5035 riorem
1054 4972 1178 5040 Christo.
1188 4973 1357 5049 vindicant,
1373 4975 1485 5036 mentis
1498 4981 1602 5037 autem
1624 4976 1690 5039 vice

20 5072 21 5077 ’
127 5067 311 5142 papetuitate
334 5066 551 5146 progenitum:
570 5064 723 5144 fuisseque
738 5069 871 5144 tempus,
926 5064 1060 5126 Verbum
1075 5064 1177 5126 eidem
1190 5065 1283 5128 fnisse
1299 5070 1435 5127 censent.

127 5156 233 5230 mando
245 5157 387 5219 nonfuit.
396 5157 499 5218 Tertia
512 5156 621 5218 iudaea
634 5162 680 5217 est
692 5174 765 5217 vere
775 5174 869 5233 caeca;
964 5157 1090 5218 Decimo
1104 5176 1140 5219 ac
1161 5163 1317 5238 postremo
1340 5157 1407 5219 loco
1426 5159 1689 5220 commemorandi

128 5259 185 5321 tue
202 5249 410 5329 cuminlege,
433 5254 469 5309 ut
482 5248 583 5310 dicere
597 5247 692 5326 solet,
718 5266 774 5309 sua
791 5248 873 5327 legat
921 5256 993 5310 sunt
1014 5248 1069 5328 qui
1087 5248 1185 5310 solam
1207 5249 1401 5329 conjunctam
1427 5250 1593 5329 aliquando
1617 5268 1690 5311 cum

128 5332 226 5418 tibique
234 5341 308 5402 duas
317 5341 424 5416 Patris,
433 5345 465 5401 et
472 5341 541 5401 Filii
550 5340 705 5420 designari
712 5358 870 5421 personas,
920 5342 1024 5403 Verbo
1043 5360 1108 5403 esse
1124 5341 1262 5403 animam
1276 5346 1426 5420 statuunt,
1448 5341 1532 5421 quod
1546 5341 1689 5422 origenis

128 5428 219 5492 tanen
238 5450 442 5513 nuncusque
467 5432 625 5495 mutendit
648 5434 751 5495 Deum
771 5431 873 5494 filium
921 5433 1215 5496 commentumiuit.
