4122 6248
630 305 996 384 on1uorauarrour,
1019 307 1092 368 uu
1114 306 1153 384 ν,
1174 306 1258 368 aar.
1281 306 1349 369 vu.
1725 311 1786 372 ooo

161 520 169 532 .
203 487 298 533 mana
318 470 432 533 Christi
444 477 557 534 natura
577 470 617 535 sit
633 471 802 548 individua,
819 491 883 535 non
897 472 969 534 uni-
1021 472 1084 534 duo
1101 473 1214 534 assensi
1234 478 1307 534 sunt
1322 473 1379 549 illi,
1395 473 1479 552 quod
1493 473 1634 534 eamdem
1647 472 1785 538 absolute

202 563 340 639 versalia,
350 564 464 644 probat
476 582 541 626 esse
555 563 802 626 subsistentiam:
819 565 971 646 siquidem
1020 564 1180 626 notionem
1193 563 1329 625 nominis
1342 565 1503 644 utriusque
1516 569 1705 627 statuerent:
1725 566 1786 627 Sed

203 671 332 716 omnem
351 663 496 719 naturam
512 656 704 718 individuam
724 675 888 737 personam
906 674 972 719 esse
1021 657 1106 735 qaod
1135 657 1170 717 in
1196 655 1422 717 Incarnationis
1459 657 1610 717 duntaxat
1640 657 1782 736 negotio,

203 753 293 827 putat
303 745 325 819 ¹,
342 747 368 809 si
385 749 506 810 ratione
521 748 653 829 predita
671 749 720 809 sit.
741 749 830 816 Quod
852 768 923 811 cum
937 750 972 810 in
1021 753 1364 811 uuumcenserentesse
1374 754 1569 823 naturam,et
1576 749 1782 829 hypostasim:

203 839 351 900 omnibus
369 839 478 902 creatis
495 840 673 901 substantiis
692 858 801 902 verum
824 858 890 902 esse
913 842 970 902 Ca·
1021 857 1093 901 cum
1107 841 1216 901 eedem
1230 840 1265 901 in
1278 840 1426 902 Trinitatc
1440 840 1610 903 differrent

202 929 336 992 tholicus
348 930 491 1005 fateatur
507 930 541 992 in
557 931 680 994 Christo
697 937 803 994 tamen
816 950 902 995 secus
916 935 972 994 ha·
1061 932 1120 993 ΙΙΙ.
1159 931 1258 1012 Hujus
1290 932 1415 994 illoram
1449 933 1603 1013 opinionis
1635 932 1785 996 indiciam

202 1021 297 1098 bere3
312 1024 429 1084 mirum
442 1024 475 1085 id
488 1023 630 1085 haeretico
644 1023 778 1085 videtur
1021 1021 1139 1102 praehet
1162 1023 1340 1085 Anastasius
1368 1024 1522 1087 Sinaita
1513 1044 1547 1086 ιιι
1571 1033 1665 1105 ὁδηγῷ,
1686 1025 1785 1105 capite
1836 1029 1926 1085 suec.

14 1122 178 1169 mmo-
242 1115 283 1176 il
303 1115 382 1186 Hinc
398 1122 526 1223 apparet
540 1134 604 1178 ιιοιι
620 1115 915 1193 contemnendam
906 1134 971 1178 uno
1021 1131 1117 1191 nono,
1142 1115 1199 1176 sub
1221 1115 1337 1177 finem:
1360 1116 1416 1177 ubi
1443 1122 1604 1196 postquam
1632 1117 1782 1196 exposuit,
1979 1114 1990 1120 “

14 1186 180 1288 affin„
202 1224 278 1269 vero
291 1209 882 1289 necessariamhancessequaestionem,
896 1209 971 1288 quid
1021 1215 1091 1287 φύσιν
1105 1211 1293 1285 ethelmus,
1313 1213 1400 1270 extra
1415 1208 1552 1289 profanae
1572 1226 1665 1270 usam
1683 1208 1785 1288 philo·
1808 1233 1916 1278 uum
1932 1239 1955 1278 ιι

42 1299 150 1389 ulle...
202 1298 353 1363 humana
375 1300 490 1361 Christi
516 1306 639 1363 naturae
666 1301 755 1377 desit,
779 1319 842 1380 quo
866 1301 972 1362 minus
1021 1299 1147 1379 sophiae,
1162 1318 1228 1360 non
1241 1301 1324 1362 idem
1337 1300 1523 1380 significare,
1537 1302 1689 1363 verbisiis
1693 1320 1786 1383 ,quae
1809 1286 1951 1341 “imm

15 1398 175 1452 wasme
202 1409 346 1472 persona,
360 1392 749 1473 ethypostasishabeatur.
761 1394 836 1467 Quae
845 1393 969 1474 quidem
1022 1391 1113 1469 paulo
1142 1398 1214 1454 ante
1241 1392 1408 1473 descripsi3
1438 1393 1541 1454 statim
1567 1393 1626 1455 ista
1650 1394 1784 1473 subjicit.

202 1484 249 1544 uti
262 1483 382 1545 facilius
395 1483 578 1564 explicetur,
596 1490 627 1546 et
644 1485 799 1546 Catholica
820 1484 897 1547 tides
917 1485 972 1546 ad·
1026 1483 1132 1557 «Quid
1147 1485 1293 1546 adversas
1305 1486 1374 1546 haec
1387 1485 1546 1547 audebunt
1563 1485 1677 1548 mutire
1692 1487 1786 1548 Seve-

201 1576 396 1661 rersantium
415 1577 574 1657 utrimque
596 1576 654 1638 sihi
676 1578 831 1639 hoeresum
853 1577 972 1656 objecta
1022 1574 1126 1635 risui?
1141 1576 1230 1638 Forte
1250 1576 1371 1639 dicent:
1395 1577 1429 1638 in
1449 1576 1598 1640 'trinitate
1619 1597 1685 1640 non
1703 1578 1787 1640 idem

200 1665 328 1729 falsitati
342 1668 441 1748 magis
455 1669 580 1744 eniteat,
595 1669 673 1731 illud
687 1687 726 1731 ex
743 1687 836 1749 supra
851 1686 971 1731 memo-
1022 1685 1086 1729 esse
1101 1673 1254 1744 naturam,
1272 1674 1303 1730 ct
1319 1669 1531 1749 hypostasim:
1548 1676 1580 1731 at
1591 1669 1626 1730 in
1639 1672 1786 1731 lucarna-

200 1758 277 1820 ratis
301 1761 474 1822 tenendum
502 1766 568 1836 est,
601 1767 750 1841 utrosque
776 1767 842 1822 tam
867 1762 973 1823 Nesto·
1020 1759 1107 1821 tione
1120 1760 1242 1836 Christi,
1257 1761 1310 1841 qui
1323 1766 1462 1823 unusest
1476 1763 1514 1823 de
1527 1756 1689 1839 Trinitate,
1704 1763 1787 1823 idem

199 1849 326 1928 manos:
349 1869 444 1932 οιιιιιιι
465 1852 686 1932 Eutychianos,
706 1853 739 1913 in
761 1852 882 1915 duobus
901 1871 973 1915 con·
1021 1868 1086 1913 esse
1100 1864 1256 1928 natrrram,
1270 1858 1301 1914 et
1309 1871 1486 1933 personam,
1502 1854 1564 1916 sive
1578 1854 1786 1934 hypostasim:

199 1944 320 2018 cordes,
355 1944 485 2006 undem
519 1946 553 2006 in
583 1945 652 2006 aliis
685 1945 838 2007 discordes
864 1945 969 2008 finisse
1022 1943 1092 2004 Non
1114 1943 1198 2005 enim
1220 1945 1348 2025 reperiri
1375 1952 1539 2023 naturam',
1566 1964 1637 2025 quae
1659 1945 1789 2007 nonsit

199 2034 325 2096 Etenim
356 2035 512 2097 Christum
544 2054 583 2098 ex
615 2035 735 2097 duabus
761 2038 879 2098 naturis
906 2054 972 2099 esse
995 2054 1001 2059 ·
1021 2052 1166 2115 persona.
1182 2037 1255 2097 Haeo
1277 2036 1338 2097 illis
1355 2036 1538 2112 dicentibus,
1558 2037 1789 2118 promptissime

199 2127 370 2189 conflatum
382 2147 391 2203 ;
404 2128 468 2190 sive
482 2129 560 2189 duas
573 2128 612 2189 ad
622 2129 704 2190 illius
713 2129 972 2209 qualemcumque
1021 2145 1197 2189 sermonem
1219 2146 1327 2190 eorum
1353 2129 1480 2209 occipio,
1504 2136 1535 2191 et
1551 2129 1703 2191 ambabus
1720 2148 1787 2191 am·

200 2218 453 2282 constitutionem
477 2228 605 2282 natiuae
632 2222 827 2299 convenisse,
856 2222 971 2301 pariter
1020 2219 1138 2298 plector
1146 2221 1230 2281 ulnis
1240 2220 1449 2283 definitionem
1457 2221 1789 2301 hnjusmodi⁶.»Hmo

198 2311 324 2391 utrique
349 2312 534 2389 credebaut:
565 2313 677 2375 sedin
704 2333 741 2375 eo
769 2314 968 2391 dissidebant,
1021 2310 1786 2395 noninanissuspiciofit,Eutychianosplerosque,

198 2404 285 2483 quod
298 2403 333 2465 in
345 2403 469 2466 duabus
483 2418 547 2466 esse
560 2406 680 2466 naturis
694 2406 852 2483 eumdem,
867 2406 972 2467 Nesto-
1021 2403 1077 2484 qui
1099 2404 1137 2466 de
1156 2404 1306 2466 Trinitats
1327 2405 1405 2466 nihil
1419 2425 1437 2467 a
1450 2406 1603 2468 Catholica
1618 2407 1725 2482 regula
1744 2405 1789 2466 di·

198 2494 282 2556 riani
299 2495 453 2573 dicerent3
473 2502 625 2577 negarent
649 2497 794 2578 Eutychis
815 2497 968 2577 discipuli,
1020 2501 1215 2576 sorepantes,
1249 2501 1393 2559 naturam
1425 2516 1523 2560 unam
1550 2515 1621 2560 oum
1647 2490 1789 2578 personis

198 2587 239 2648 de
253 2605 316 2667 qaia
338 2589 548 2650 controversia
564 2589 685 2665 egimus
702 2589 736 2650 in
750 2589 841 2651 tertio
854 2589 935 2650 libro
944 2588 969 2651 ¹⁸.
1020 2587 1121 2649 tribus
1132 2587 1309 2650 fatebantur
1321 2608 1329 2665 ;
1341 2589 1493 2652 etidcirco
1514 2599 1583 2670 φύσιν
1607 2589 1789 2652 obtumesce

199 2681 323 2741 Rursus
336 2686 408 2742 ante
426 2686 538 2761 etpost
551 2681 725 2743 unitionem
738 2688 866 2742 naturas
877 2681 971 2743 fuisse
1021 2678 1144 2741 differre
1164 2699 1229 2742 non
1249 2682 1405 2758 negabant
1419 2702 1428 2759 ;
1443 2683 1532 2744 aliter
1544 2701 1612 2744 rem
1624 2683 1740 2743 habere
1753 2680 1789 2741 in

199 2772 289 2848 duas,
314 2772 502 2834 Nestorianis
523 2772 661 2854 placuit:
687 2773 874 2854 Eutychiani
896 2792 970 2835 vero
1021 2773 1238 2835 Incarnatione
1249 2774 1380 2836 dixisse:
1396 2775 1492 2856 quod,
1507 2781 1544 2836 ut
1554 2780 1600 2837 est
1610 2773 1787 2848 verisimile,

198 2870 272 2926 ante
281 2862 457 2926 unitionem
465 2865 694 2943 tantummodo,
705 2866 783 2926 duas
795 2884 803 2925 :
817 2870 888 2945 post
899 2865 970 2925 uni·
1020 2863 1054 2924 in
1075 2864 1184 2926 creetis
1201 2866 1419 2927 tantummodo
1439 2866 1532 2928 rebus
1550 2872 1696 2927 naturam
1709 2862 1790 2925 nihil

198 2956 330 3031 tionem,
345 2956 472 3017 nonnisi
495 2974 593 3018 unam
610 2956 703 3018 fuisse
726 2956 909 3030 docuerunt,
932 2956 971 3017 de
1020 2955 1059 3015 ab
1073 2955 1232 3035 hypostasi
1246 2957 1359 3019 distare
1374 2977 1383 3034 ;
1399 2957 1433 3019 ia
1447 2960 1521 3036 Deo,
1541 2959 1649 3020 cadem
1662 2956 1722 3019 ista
1735 2955 1790 3017 dii·

200 3065 264 3127 qno
280 3047 351 3109 vida
374 3053 466 3128 caput
485 3066 606 3110 nonum
626 3047 698 3108 libri
721 3047 833 3128 quarti.
849 3047 970 3110 Etenim
1019 3046 1100 3108 ferre
1113 3049 1284 3110 crederent.

199 3156 348 3218 personas
369 3140 447 3201 duas
467 3139 532 3202 sols
545 3149 628 3222 σχέσει
643 3139 835 3218 conjunctas,
854 3140 969 3220 reipsa,
1060 3139 1187 3203 invenio
1208 3140 1292 3221 apud
1310 3140 1518 3222 Nicephorum
1539 3140 1656 3202 Callisti
1667 3140 1701 3201 F.
1717 3139 1789 3201 Dio·

199 3234 237 3290 ut
272 3236 381 3308 erant,
414 3231 563 3294 mansisse
599 3232 675 3293 duas
702 3232 884 3293 Nestoriana
911 3230 971 3292 fuit
1020 3247 1153 3306 suorum,
1173 3231 1335 3309 Severum,
1352 3239 1383 3295 et
1404 3234 1559 3294 Joanuem
1580 3233 1790 3312 Philoponum

199 3322 318 3403 opinio.
344 3323 529 3403 Eutychiani
554 3330 681 3385 naturas
703 3324 790 3400 duas,
816 3329 847 3385 et
866 3323 969 3403 hypo·
1024 3322 1178 3383 tunicam
1199 3328 1356 3400 naturam,
1377 3324 1559 3405 hypostases
1574 3342 1647 3386 vero
1663 3323 1787 3385 duasto

200 3418 306 3492 stases,
321 3420 489 3495 antequam
502 3416 678 3488 unirentur,
693 3420 872 3477 numeratas
885 3432 968 3490 esse:
1020 3414 1054 3475 in
1067 3414 1187 3475 Christo
1210 3415 1406 3478 defendisse:
1431 3433 1660 3496 nonnunquam
1684 3420 1791 3477 tamen

199 3511 367 3586 postquam
381 3513 486 3570 autem
499 3509 595 3570 semel
613 3513 686 3569 sunt
700 3507 807 3585 unite,
823 3526 889 3569 non
902 3525 969 3568 am·
1021 3506 1098 3567 duas
1118 3505 1226 3568 itidem
1245 3513 1371 3569 naturas
1391 3508 1431 3569 ab
1451 3506 1512 3569 illis
1526 3507 1682 3570 constitui.
1700 3507 1792 3570 Forte

200 3596 285 3678 plius
306 3599 466 3661 numerari
488 3618 588 3680 posse,
610 3600 725 3680 quippe
746 3600 781 3660 in
803 3616 900 3660 unam
924 3616 972 3660 re·
1020 3603 1147 3659 naturas
1169 3597 1246 3660 duas
1268 3604 1300 3660 et
1322 3599 1503 3680 hypostases
1525 3606 1597 3662 ante
1625 3598 1793 3679 copulatio·

200 3690 317 3769 doctas,
328 3692 471 3753 arbitrati
480 3697 564 3754 sunt,
578 3693 681 3754 Unam
688 3691 793 3772 itaque
803 3708 841 3753 ex
850 3689 972 3751 duabus
1021 3708 1114 3765 nem:
1129 3695 1199 3770 post
1215 3690 1312 3768 hanc,
1328 3710 1426 3754 unam
1443 3693 1594 3754 duntaxat
1611 3710 1676 3754 esse
1690 3690 1790 3771 scrip-

201 3782 333 3861 natnris,
354 3790 386 3845 et
405 3783 633 3865 hypostasibus,
656 3788 813 3857 naturam,
829 3787 860 3844 ct
874 3782 973 3862 hypo·
1022 3786 1135 3844 serant.
1153 3782 1234 3844 Sane
1247 3783 1396 3845 Leontius
1413 3784 1447 3844 iu
1466 3782 1621 3847 Soluttoue
1633 3800 1790 3863 argumen-

202 3873 309 3935 stasim
326 3874 360 3936 iu
381 3873 597 3937 incarnatione
621 3874 744 3952 iactam,
771 3873 891 3954 putarit
912 3874 973 3933 Eu·
1023 3881 1120 3935 torum
1145 3873 1251 3937 Severi
1266 3873 1294 3951 ⁸,
1321 3876 1512 3955 Acephalum
1539 3875 1721 3938 haereticum
1749 3872 1793 3936 ita

203 3965 566 4046 tyches,ethujusseotae
578 3966 732 4042 columen,
746 3966 973 4027 severuanon
1022 3971 1131 4028 contra
1160 3966 1332 4028 catholicos
1359 3966 1568 4046 disputantem
1597 3966 1790 4044 introducit,

27 4087 174 4133 mg
204 4074 254 4135 eo,
277 4058 359 4137 quod
374 4067 444 4138 otas
468 4064 499 4120 et
516 4066 650 4122 ιπόστασιν
665 4059 748 4120 idem
765 4074 894 4137 prorsus
908 4072 974 4117 esse
1022 4057 1109 4137 quasi
1130 4057 1206 4118 duas
1226 4057 1405 4138 hypostases
1427 4059 1460 4119 in
1477 4076 1579 4120 unum
1600 4058 1793 4120 concurrisse

31 4152 166 4196 m
204 4149 376 4212 crederent.
392 4149 579 4232 (Non-enim
599 4149 769 4223 Tritheitae,
791 4165 899 4210 omues
912 4150 974 4210 Eu·
1022 4149 1131 4224 velint,
1148 4155 1179 4211 et
1193 4168 1232 4211 ex
1245 4167 1352 4211 earum
1361 4150 1524 4229 junctione
1537 4168 1634 4212 unam
1644 4151 1793 4230 hyposta-

204 4241 342 4322 tychiaui
356 4242 492 4317 luerunt,
504 4242 558 4304 sed
569 4242 682 4303 horum
691 4260 762 4322 pars
774 4240 829 4302 illa
837 4247 971 4315 tantum,
1023 4240 1083 4302 sim
1096 4240 1255 4303 exstitisse.
1266 4241 1356 4308 Quod
1370 4242 1423 4303 ubi
1432 4261 1489 4323 pro
1500 4247 1583 4304 certo
1592 4241 1793 4322 confessoque

203 4333 256 4396 eui
278 4333 431 4414 originem
449 4335 534 4395 dedit
553 4333 755 4414 Philoponus,
775 4332 829 4412 qrri
845 4332 972 4411 ubique,
1023 4332 1175 4413 sumpsit,
1205 4351 1245 4395 ex
1268 4352 1305 4396 eo
1330 4334 1509 4411 concludit;
1538 4353 1603 4396 non
1626 4333 1726 4410 magis
1753 4351 1793 4396 ex

202 4423 265 4487 hoc
282 4430 330 4487 est
346 4431 413 4487 tam
432 4425 467 4487 iu
483 4425 646 4501 Trinitate,
660 4426 766 4506 lquam
785 4424 819 4485 in
831 4427 976 4486 incarna-
1024 4423 1144 4486 duabus
1156 4425 1384 4505 hypostasibus,
1409 4443 1506 4487 unam
1528 4424 1608 4487 effici
1629 4430 1792 4488 consenta-

202 4516 300 4595 tionc‚
321 4518 441 4579 nullam
461 4525 558 4592 cteta,
574 4523 630 4577 aut
650 4522 796 4578 naturam
810 4534 886 4591 esse,
902 4530 973 4593 quae
1024 4530 1117 4575 neum
1134 4530 1209 4590 esse,
1225 4532 1320 4594 quam
1341 4532 1379 4576 cx
1399 4514 1519 4575 naturis
1532 4514 1662 4589 duabus,
1675 4517 1791 4593 Qunam.

202 4625 270 4669 non
283 4609 456 4690 hypostasis
469 4614 558 4685 esset,
571 4605 787 4687 existimavit).
798 4607 868 4668 Non
880 4605 976 4684 igitur
1023 4605 1064 4666 At
1085 4604 1230 4666 Leontius
1251 4605 1290 4667 de
1308 4604 1386 4667 falso
1408 4608 1515 4668 contria
1538 4606 1629 4667 illum
1642 4605 1755 4686 excipit
1767 4605 1791 4685 ⁸,

202 4696 971 4781 duashypostasesideoontecopulationemfuisse,
1025 4701 1120 4777 negot
1155 4697 1240 4758 enim
1264 4697 1443 4778 hypostases
1480 4699 1558 4761 duas
1585 4696 1793 4761 acatholicis

240 4904 263 4945 a
280 4888 379 4945 ᾸΜιτ.
404 4886 582 4959 Ἀλλὰτίπρδς
595 4889 669 4940 τοῦτο
685 4885 783 4947 πάντως
796 4883 820 4938 ol
835 4882 884 4937 tut
897 4881 974 4949 Σινή·
1023 4903 1068 4957 μαι
1080 4883 1210 4957 προθνμως
1229 4885 1271 4939 τον
1284 4886 1371 4958 λόγον,
1391 4886 1433 4940 καὶ
1444 4885 1585 4961 ἀσπάζομαι
1602 4889 1698 4951 ὑπτίαις
1722 4890 1793 4965 χερσὶ

202 4991 248 5045 pou
257 4970 383 5040 λέξουσιν
397 4969 458 5033 ἴσως
466 4969 514 5042 γὰρ
523 4963 628 5042 {pouces
639 4969 677 5023 ὅτι
688 4987 733 5041 περ
748 4965 787 5021 tut
797 4967 972 5039 τουτριαδικοιι
1021 4968 1065 5022 τὸν
1076 4972 1188 5021 τοιοντον
1200 4970 1268 5041 ὅρον

201 5054 318 5128 ttyooct
332 5052 422 5109 ταῦτόν
431 5055 514 5155 picto
527 5072 558 5106 κα
556 5051 721 5114 Mindarum:
730 5048 769 5104 tut
783 5050 861 5119 iltis
875 5050 972 5121 σαρκὼ·
1058 5049 1386 5119 carraxaturum,
1412 5068 1547 5124 capmv.
1567 5054 1792 5127 Μιανμινφοοιν,

201 5157 266 5200 stuc
279 5142 323 5192 τοῦ
342 5130 457 5209 Χριστον,
469 5140 514 5190 του
528 5135 624 5197 lehc
594 5155 637 5203 της
651 5134 720 5206 ἁγίας
734 5134 839 5206 τριάδος,
851 5130 969 5201 adstet,
1020 5131 1247 5196 δνοδὲῦνοοτάοιις
1257 5133 1406 5189 ludicram
1416 5137 1549 5208 γράφοντες
1557 5136 1689 5211 ἔδογμάτι
1689 5158 1727 5205 ον,
1735 5146 1790 5197 etc

200 5221 273 5293 vivs
297 5217 359 5284 lati,
379 5219 420 5272 καὶ
440 5219 470 5273 τὸ
491 5220 633 5291 πρόσωπον.
652 5215 910 5288 ἤγουνὴῦπόστασις·
926 5213 1088 5284 stanimir
1103 5217 1144 5270 καὶ
1160 5210 1292 5272 abaciacus
1308 5216 1403 5272 οἰκείων
1418 5220 1508 5291 atuor
1528 5218 1636 5294 ἐνιαχοῦ,
1651 5222 1793 5299 δύοφύοςις

201 5302 301 5376 ἰνιγὰρ
311 5302 381 5374 φύσις
394 5299 550 5372 duodecade·
567 5304 644 5354 ταῦτα
658 5297 738 5352 abror
748 5298 881 5371 λεγόντων
896 5298 969 5371 δίχα·
1020 5297 1215 5373 ἂνομολογοΰοιν
1230 5299 1269 5355 ἰπὶ
1282 5301 1398 5373 Χριστοῦ.

231 5444 450 5492 rrmurut-
422 5440 1094 5501 [scapo-utaenttttattacalfftworott
1102 5441 1162 5489 lib.
1175 5443 1236 5489 libi)
