4122 6248
333 255 393 316 672
849 257 1177 323 THEOLOGICORUM
1197 262 1415 325 DOGMATUM

335 440 409 485 nem
431 423 564 502 genuit:
588 427 671 506 quod
698 427 801 507 ipsum
830 446 947 490 nomen
981 429 1105 510 proprie
1156 428 1317 509 appellari,
1330 427 1582 510 quandoquidem
1601 448 1665 491 non
1684 429 1769 492 nudo
1787 417 1926 495 erasit'si

334 516 498 594 significat.
508 519 569 579 Sed
585 519 732 599 quoniam
748 524 955 603 perperamah
965 523 1105 585 Nestorio
1155 519 1267 597 forma,
1288 521 1340 582 sed
1366 522 1531 601 templum,
1560 522 1642 601 quod
1666 522 1810 584 habitans
1834 524 1867 585 in
1893 542 1927 586 se

336 609 480 670 vocabuli
501 620 547 672 est
572 612 655 673 iilius
678 620 801 694 accepta
828 617 925 690 notio,
953 626 1105 696 tanquam
1156 612 1295 674 Verbum
1329 613 1521 687 continebat,
1542 614 1606 687 ille,
1630 632 1725 695 quem
1746 615 1877 696 peperit.
1906 638 1923 675 ο

336 698 553 781 blasphemum
566 724 585 765 a
598 707 710 767 sanctis
721 707 921 787 reprobatum
937 712 984 770 est
997 719 1050 769 ⁶.»
1156 705 1237 766 Tum
1262 706 1426 785 utriusque
1446 706 1583 768 nominis
1604 709 1759 769 rationem
1781 708 1925 786 reddens,

201 810 273 856 noun
376 793 461 855 Nihil
476 795 570 872 igitur
594 802 650 874 est,
674 800 757 877 quod
782 800 921 862 absolute
943 801 1107 881 prohibeat
1160 798 1342 860 cultorum
1370 798 1579 871 aiteffectioni,
1605 798 1856 880 formatumque,
1888 820 1926 863 οο

163 868 311 973 uffiqpqqqe
336 885 485 965 appellari
498 900 659 970 χριστοτόκον
674 892 835 971 Virginem
850 899 998 972 sanctam,
1029 894 1055 955 si
1075 900 1106 955 et
1156 892 1317 970 conceptui
1333 891 1517 952 attributum
1529 893 1768 970 essezalternm,
1779 893 1923 957 anthoni.

164 984 310 1082 mmm
337 976 494 1054 dextre,ac
505 981 622 1044 sincere
633 985 757 1045 voxista
770 985 1105 1065 capiatur3etita,utne
1156 979 1322 1062 Propterea
1343 984 1398 1062 qui
1421 988 1511 1044 uatus
1534 989 1579 1045 est
1605 983 1716 1062 insum,
1740 984 1927 1047 Emmanuel

336 1068 468 1131 alterum
491 1083 660 1149 τῆςθεοτόκου
686 1095 803 1139 nomen
827 1078 992 1139 excludat:
1021 1079 1104 1159 quod
1155 1080 1309 1141 voratur:
1335 1075 1390 1155 qui
1417 1094 1519 1155 neque
1541 1077 1623 1138 Deus
1642 1082 1689 1137 est
1714 1076 1753 1137 ab
1784 1076 1926 1139 humana

335 1162 490 1225 Arnohius
504 1165 538 1225 in
550 1167 697 1229 conflictu
711 1188 778 1231 cnm
793 1168 954 1251 Serapione
964 1171 1101 1232 fatetur:
1155 1171 1268 1228 natura
1294 1167 1477 1246 disjunctus,
1506 1185 1608 1247 neque
1636 1169 1731 1231 homo
1764 1169 1925 1233 divinitate

336 1254 389 1333 qui
403 1254 463 1317 hoc
477 1257 604 1339 insuper
617 1260 720 1339 adjicit
738 1280 745 1322 :
766 1283 782 1320 «
801 1262 912 1324 Sinon
931 1269 1009 1324 esset
1021 1263 1104 1325 iilius
1154 1259 1317 1336 uudutus‘,
1331 1281 1347 1318 n
1364 1278 1427 1340 quo
1443 1261 1478 1321 in
1492 1261 1559 1322 loco
1571 1260 1874 1341 sententispostulat,
1888 1268 1925 1324 nt

334 1344 481 1423 hominis,
505 1348 587 1411 [ilius
607 1352 662 1413 Dei
684 1352 794 1421 factus,
810 1355 906 1415 Maria
928 1360 1028 1416 mater
1048 1355 1104 1417 Dei
1153 1352 1307 1430 particule
1322 1362 1397 1432 μόνον
1411 1352 1555 1426 addatur,
1578 1358 1610 1414 111
1623 1354 1657 1414 Β·
1680 1353 1842 1433 Virginem
1858 1372 1925 1416 non
1980 1372 2048 1415 Μ

335 1455 399 1500 esse
413 1459 478 1501 non
491 1447 621 1521 poterat.
635 1445 692 1506 Per
706 1445 806 1506 filium
826 1466 900 1526 ergo
920 1464 1012 1508 suum
1023 1447 1105 1509 facta
1153 1443 1293 1506 absolute
1307 1451 1399 1525 neget
1410 1445 1622 1507 Theodoretus
1631 1448 1927 1528 θνθροποτόκονορροί·

334 1538 379 1591 est
392 1537 491 1593 mater
505 1534 561 1595 tilii
577 1536 653 1597 Dei:
670 1556 726 1617 per
739 1538 871 1599 iormcm
893 1540 985 1615 servi,
1007 1557 1104 1619 quam
1153 1534 1212 1596 lari
1234 1535 1360 1617 (quippe
1386 1538 1440 1618 qui
1463 1537 1595 1600 subinde
1613 1556 1738 1606 eausam
1755 1537 1925 1616 afferte-ur
1971 1567 2048 1612 rm

335 1626 503 1705 assumpsit
517 1628 678 1705 Dominus,
694 1631 774 1691 sacta
786 1637 831 1692 est
842 1636 943 1693 mater
952 1632 1101 1694 Domini:
1154 1634 1339 1710 ἃνθρωποτόιον
1353 1629 1543 1706 nominetur]
1560 1630 1625 1707 sed,
1640 1631 1742 1692 solum
1758 1630 1924 1712 arsimpli-
1986 1634 2048 1678 μ’·

334 1733 393 1776 nec
408 1724 528 1796 poteret
550 1738 615 1782 esse
631 1729 754 1797 νεοτόκος,
778 1723 839 1784 nisi
863 1734 1022 1805 χριστοτόκος
1035 1724 1103 1785 fieri
1154 1721 1242 1797 citer,
1258 1722 1551 1803 itadiciprohiheat.
1572 1723 1612 1783 nt
1631 1723 1925 1803 cyrilluseumdcm
1964 1737 2048 1782 coum

334 1809 510 1872 meruisset.
526 1834 541 1869 n
1154 1812 1296 1875 refellens
1308 1815 1548 1889 Theodoretum,
1560 1822 1925 1898 supervacuaneumputat
1949 1802 2009 1834 '⁰¹⁰
2025 1793 2048 1847 ⁰¹

160 1913 308 2018 ορθροιννοο
375 1901 431 1962 111.
449 1904 493 1964 De
508 1911 698 1987 ἀνθρωποτόκῳ,
714 1906 798 1970 idest
812 1907 939 1970 leoninis
951 1908 1102 1990 genitrice,
1154 1911 1267 1984 prater
1299 1915 1414 1969 νεοτόκον
1441 1925 1626 1988 cognomen,
1652 1909 1801 1989 usurpari
1828 1910 1924 1971 etiam
1962 1927 2048 1983 mean

187 1974 293 2077 ffl'ss,
333 1994 427 2073 paulo
452 1997 552 2075 major
579 2003 624 2060 est
651 2001 790 2079 qrraestio.
820 2004 864 2063 Ac
893 2001 1104 2064 'lheodoretns
1154 1996 1231 2058 illud
1245 2005 1430 2080 ἀνθρωποτόκοο
1447 1999 1551 2079 :quod
1564 2006 1640 2061 tunc
1653 1999 1731 2062 utile
1743 2001 1842 2063 videri
1854 2021 1925 2083 pos-
1975 2018 2049 2083 rma

333 2086 460 2164 quidem
473 2089 603 2169 epistole
623 2107 674 2152 xva
692 2090 731 2153 od
749 2092 899 2155 Ircnoenm
925 2094 1102 2175 episcopum,
1155 2093 1213 2163 set,
1228 2088 1253 2150 si
1269 2090 1346 2152 adeo
1357 2091 1447 2168 vasti,
1469 2109 1504 2153 ac
1527 2091 1641 2171 stupidi
1660 2091 1848 2155 exstitissent
1867 2093 1925 2156 ho-
1993 2081 2049 2126 Μ

333 2177 388 2257 qui
401 2179 525 2242 videtur
540 2184 678 2243 lrenaens
690 2184 741 2245 iile
756 2184 849 2247 fuisse
871 2190 961 2247 antea
982 2187 1100 2264 Comes,
1154 2178 1266 2255 minus,
1275 2179 1330 2257 qui
1339 2180 1478 2241 Verbum
1491 2186 1663 2242 assererent
1676 2181 1847 2244 divinitatis
1858 2201 1924 2245 ⁸11oe

333 2275 364 2331 et
378 2271 508 2333 Nestorii
522 2273 624 2336 fautor
637 2276 816 2350 acerrimus,
826 2277 932 2357 uynui
947 2284 978 2338 et
994 2279 1103 2340 crahc
1154 2269 1240 2333 velut
1254 2271 1383 2346 fontem,
1398 2278 1429 2333 01
1439 2272 1591 2334 existendi
1604 2272 1757 2353 originem
1770 2274 1925 2355 imputare

332 2360 464 2425 licorum
486 2365 676 2431 insectator:
699 2369 754 2449 qni
781 2370 941 2451 episcopus
965 2370 1063 2431 faetus
1077 2370 1100 2448 ¹,
1155 2363 1440 2425 turni·N11nsstum
1453 2364 1533 2426 nulli
1556 2365 1630 2441 81111,
1646 2383 1748 2446 neque
1760 2367 1925 2446 quisquam

331 2454 495 2518 Theodosii
507 2460 702 2540 imperatoris
725 2461 824 2523 edicto
844 2462 878 2522 in
901 2462 1043 2524 ordinem
1056 2468 1103 2524 est
1155 2453 1231 2515 adeo
1241 2454 1362 2532 deliret,
1375 2462 1411 2516 ut
1423 2457 1506 2518 istud
1520 2459 1684 2537 opinetur3
1703 2458 1924 2521 abstinendum

329 2548 483 2618 redactus,
496 2557 564 2629 post
576 2570 675 2613 annos
698 2555 918 2632 septemdecim
940 2554 979 2615 ab
1000 2554 1103 2634 Ephe·
1154 2546 1267 2608 esseub
1279 2546 1332 2608 iila
1345 2564 1431 2625 voce,
1450 2548 1501 2610 eui
1519 2550 1691 2629 presertim
1712 2550 1798 2612 haus
1817 2553 1924 2615 subest

175 2663 289 2728 ςηηωηρ
330 2638 397 2699 sina
410 2642 542 2719 synodo,
555 2643 764 2724 damnatoque
779 2646 931 2707 Nestorio.
957 2646 1005 2707 Ad
1019 2647 1103 2708 hunc
1154 2637 1343 2701 Nestoriunae
1356 2641 1525 2719 pravitatis·
1542 2642 1620 2703 Nam
1634 2641 1689 2720 qui
1702 2641 1924 2726 dominipetri-

157 2713 294 2763 st‘m'·
329 2749 402 2810 ergo
416 2732 552 2794 scribens
577 2735 798 2812 Theodorum,
819 2737 927 2798 «nihil
953 2737 1102 2800 interesse
1153 2730 1255 2792 tricem
1284 2736 1455 2812 nuncupat,
1483 2731 1573 2793 facile
1596 2739 1694 2813 potest
1716 2735 1923 2816 suspicionem

328 2823 440 2902 inquit,
466 2831 573 2887 utrum
600 2827 748 2901 hominis
773 2846 813 2888 an
838 2828 894 2890 Dei
919 2828 1102 2908 genitricem
1152 2840 1279 2884 movere
1293 2831 1414 2904 negate
1428 2824 1608 2902 divinitatis,
1629 2827 1713 2905 qrrod
1736 2845 1800 2888 non
1818 2828 1923 2889 evenit

326 2932 473 2977 vocemus
484 2919 805 2996 sanctamVirginem:
817 2921 866 2981 vel
880 2927 988 2982 utrum
999 2923 1102 3001 appel·
1151 2914 1185 2975 in
1198 2926 1361 2997 χριστοτόκον
1375 2917 1515 2981 numine.
1540 2918 1680 2979 Christus
1692 2919 1778 2980 enim
1796 2925 1922 2981 utrum·

327 3006 427 3069 lemus
438 3027 518 3086 eam,
529 3011 595 3090 ejus
604 3029 698 3090 quem
710 3012 839 3092 peperit,
852 3020 984 3074 matrem
995 3013 1099 3088 simul,
1151 3025 1212 3086 que
1225 3007 1386 3086 significat.

330 3105 360 3159 et
381 3099 544 3178 ancillam;
572 3103 666 3163 modo
694 3102 826 3164 addatur
847 3104 949 3166 iilud:
966 3114 1099 3168 matrem
1191 3100 1244 3160 IV.
1261 3101 1304 3162 De
1318 3119 1381 3181 quo
1403 3118 1467 3162 non
1487 3107 1533 3164 est
1549 3103 1785 3183 prcetereundus
1799 3103 1921 3167 Rustici

328 3208 393 3252 esse
415 3192 540 3254 Domini
554 3194 651 3255 nostri
665 3195 741 3257 Jesu
756 3195 1100 3277 Christi,tanquamho-
1152 3189 1275 3252 meconi
1299 3193 1473 3267 1011111111,
1500 3194 1555 3255 Ubi
1578 3195 1698 3256 11111111
1721 3195 1921 3273 1011111111ῆο
2009 3260 2014 3267 .
2040 3202 2045 3265 ἶ

326 3281 442 3344 minis:
477 3285 622 3346 ancillam
656 3305 730 3348 vero
765 3293 915 3368 tanquam
949 3288 1051 3351 11011.
1078 3310 1094 3348 ν
1149 3283 1264 3347 trisenon
1297 3284 1420 3365 insigne
1454 3285 1602 3364 quiddam
1624 3292 1788 3349 memorat.
1816 3288 1921 3350 «Non

327 3373 587 3454 Sahjicittnmen,
610 3380 773 3459 plerosque
797 3385 940 3442 veterum
965 3382 1098 3443 honora·
1149 3375 1244 3453 igitur
1258 3376 1390 3437 Nestorii
1399 3377 1600 3457 blasphemie
1608 3378 1922 3458 est,inquit²,Christi

328 3473 409 3529 hore
424 3469 510 3531 illam
524 3470 720 3549 insignivisse
735 3473 885 3534 vocabulo
901 3492 909 3533 ι
928 3473 1022 3552 idque
1036 3475 1098 3537 Ire·
1149 3467 1331 3543 genitricem
1343 3468 1443 3531 dicere
1459 3490 1466 3531 :
1483 3487 1521 3531 eo
1542 3471 1625 3549 qnod
1649 3470 1734 3531 idem
1746 3472 1796 3548 sit,
1817 3473 1873 3533 Dei
1885 3478 1919 3533 et

325 3575 432 3621 nserrm
446 3560 549 3640 ipsum
564 3565 598 3623 in
613 3564 730 3643 aliquot
738 3564 930 3626 orationihus
939 3564 1097 3643 fecisse3ut
1148 3559 1285 3622 hominis
1299 3561 1400 3623 dicere
1413 3562 1616 3641 genitricem:
1633 3564 1687 3624 sed
1701 3582 1816 3644 negare
1830 3565 1921 3626 theo·

325 3651 432 3713 ambas
446 3672 547 3729 voces,
562 3663 688 3732 νεοτόκον,
710 3661 741 3718 et
762 3665 949 3738 ονορωποτόκον
967 3659 1096 3737 conjnn-
1147 3657 1239 3714 toron
1253 3653 1434 3715 hereticum
1447 3660 1504 3730 est,
1519 3661 1576 3716 010.
1598 3655 1728 3733 Insuper
1746 3657 1772 3717 si
1788 3657 1918 3737 quidem

324 3752 421 3823 geret.
952 3754 955 3759 ’
1148 3746 1229 3808 Deus
1256 3751 1301 3806 est
1324 3746 1388 3823 illc,
1422 3748 1659 3827 quemgenuit,
1684 3754 1767 3828 recte
1801 3749 1914 3810 dicitnr

363 3840 402 3898 Et
429 3838 461 3899 in
490 3839 707 3902 confutatione
733 3840 988 3906 anathematismi
1002 3843 1096 3923 primi
1147 3838 1316 3899 theotocos.
1334 3840 1372 3899 Et
1381 3839 1455 3918 quia
1463 3839 1600 3901 Christus
1612 3846 1668 3916 est,
1691 3841 1746 3920 qai
1756 3847 1848 3902 natus
1861 3847 1918 3919 est,

324 3928 442 4010 cyrilli,
472 3931 579 3994 asserit
600 3933 634 3996 B.
664 3932 835 4013 Virginem,
863 3941 958 3998 onon
971 3939 1095 3998 tantam
1146 3936 1231 3993 recte
1259 3930 1372 3992 dicitur
1391 3930 1610 3995 Christotooos.
1639 3932 1782 3996 Arbitror
1800 3940 1917 4007 autem,

322 4021 457 4083 hominis
470 4022 724 4102 genitricem,sed
737 4025 831 4086 etiam
841 4024 898 4087 Dei
910 4024 1094 4106 genitricem
1147 4022 1219 4103 quia
1246 4040 1452 4105 quecumque
1484 4024 1634 4087 reddatur
1667 4024 1747 4088 ratio
1781 4027 1920 4089 nominis

355 4259 376 4300 a
395 4239 499 4300 Tenon.
515 4243 548 4298 itt
561 4244 628 4315 Lep.
649 4239 707 4297 “On
721 4239 799 4298 ἕνίοτι
818 4242 883 4307 λέξιν
898 4242 927 4299 οθ
942 4243 1005 4299 πάνυ
1025 4242 1088 4317 put·
1143 4262 1192 4299 που
1208 4247 1250 4299 roi
1274 4244 1360 4318 nuptos
1387 4243 1460 4317 ἡμῶν
1493 4243 1585 4314 Ἰησοῦ
1608 4245 1719 4319 Χριστοῦ
1726 4288 1734 4313 ,
1754 4246 1829 4316 δοθλη
1847 4201 1920 4305 didi

319 4329 377 4397 λην,
392 4327 492 4399 ροωλως
507 4325 533 4379 δὲ
552 4327 620 4399 θμως
635 4327 701 4399 παρά
717 4344 789 4381 τινων
805 4328 951 4401 νοουμένην,
963 4330 1004 4382 sui
1019 4327 1093 4401 ίρμη·
1142 4327 1214 4396 drot,

320 4411 450 4484 necopinus
466 4408 591 4477 ἀποθολῆς
604 4407 779 4483 ἇξίανέκριναν
794 4410 818 4464 oi
832 4412 893 4465 θεῖοι
907 4413 1016 4484 πατίρες.
1037 4406 1091 4466 οίθν
1178 4411 1353 4468 c'l'nnonon.
1380 4409 1423 4468 ud
1452 4411 1563 4469 Απαίίι.
1587 4429 1596 4469 1
1625 4413 1688 4485 Cyr.
1714 4413 1817 4482 Ἐπειδὴ
1838 4415 1865 4470 hi
1885 4415 1916 4471 οθ

320 4490 371 4548 teu
385 4494 426 4547 καὶ
448 4492 486 4557 rb,
500 4494 669 4566 γριοτοτθκος,
695 4491 734 4547 ἐπί
755 4497 799 4561 τῆς
816 4494 931 4548 θεοτθκου
945 4495 1091 4568 λεγόμενον.
1141 4493 1221 4567 γυμνὴ
1235 4491 1373 4563 ἦντῆςτοΰ
1386 4489 1441 4549 θεοῦ
1457 4499 1562 4568 μορφῆς,
1578 4487 1750 4565 ἀλλθναθςῆν
1764 4496 1915 4553 ἔνοαοντθν

319 4576 460 4648 ἠδυνάμεθα
481 4574 529 4647 γὰρ
547 4577 586 4629 καί
604 4578 765 4649 χριοτοτθκον
786 4576 831 4645 τὴν
854 4577 968 4632 θεοτθκον
995 4579 1089 4633 καλεῖν.
1141 4577 1195 4631 θεδν
1208 4578 1283 4649 λόγον
1299 4576 1374 4650 ίχων,
1389 4578 1451 4632 κατὰ
1464 4577 1508 4646 τὴν
1523 4583 1568 4632 τοῦ
1583 4577 1683 4633 Παυλοο
1696 4579 1789 4652 φωνὴν·
1806 4579 1915 4654 {vairp

319 4658 419 4732 χριοτδν
434 4657 482 4730 γὰρ
503 4655 616 4729 ἐγέννησε
636 4658 700 4726 θεθν,
722 4660 763 4713 καί
786 4659 923 4732 ἄνθρωπον.
944 4664 1019 4715 τοῦτο
1043 4660 1091 4734 γὰρ
1140 4659 1197 4733 γὰρ,
1221 4661 1304 4732 φησὶν,
1330 4659 1451 4730 ηὒδθκησε
1470 4663 1518 4715 πᾶν
1532 4661 1561 4715 τθ
1583 4662 1708 4735 πλήρωμα
1731 4667 1775 4731 τῆς
1799 4664 1915 4732 θεότητος

318 4742 397 4811 δηλοῖ
406 4739 495 4813 κυρίως
505 4740 534 4795 τδ
549 4741 887 4815 θνομα.ᾶλλοιδιὰτδνοοιῶς
901 4742 1091 4817 ἐκληιθάνεοθαι
1139 4748 1283 4811 κατοικῆσαι
1297 4749 1453 4815 σωματικῶς·
1471 4742 1516 4797 οθκ
1537 4743 1723 4817 θνθρωτοτθνιον
1737 4746 1914 4813 (addendum

317 4823 588 4896 neptunumque
605 4824 635 4879 τδ
654 4828 834 4899 σημαινόμενον
852 4830 896 4880 τοῦ
910 4825 1040 4899 ὀνόματος,
1056 4827 1091 4889 ὡς
1141 4826 1249 4884 ridetur
1264 4828 1354 4898 μόνον)
1376 4825 1442 4880 ἀλλά
1459 4827 1574 4881 θεοτθκον
1589 4826 1633 4896 τὴν
1647 4828 1767 4900 ταρθίνον
1788 4849 1912 4903 κροσαγο·

320 4907 467 4979 βλάσφημον
481 4905 704 4980 θτοδιδοκίμοσται
717 4907 784 4981 παρὰ
797 4914 846 4963 τῶν
861 4908 939 4980 ἁγίων
952 4910 982 4964 rb
998 4910 1088 4982 ὄνομα.
1140 4909 1249 4982 ρεθομεν·
1265 4909 1309 4978 τὴν
1323 4908 1378 4981 μίν,
1393 4914 1423 4982 τῇ
1437 4911 1577 4976 διαπλάσει,
1587 4911 1764 4984 το1μορροθοτι
1777 4914 1819 4966 rud
1828 4914 1914 4968 trum

355 4992 371 5046 θ
391 4990 625 5047 ’1000001100οά
645 4991 1090 5065 Ινονο.1οιο.111.Τίγ1ρδιαρίριι
1139 4991 1377 5061 (101.κυήσει)την
1399 4991 1425 5046 et
1449 4997 1479 5067 τῇ
1504 4992 1590 5048 aces
1610 4993 1715 5056 τιθέντος
1734 4998 1910 5069 προστηόρνων·

320 5073 506 5147 θνθρωποτθνον
532 5073 596 5146 θμοΰ
618 5074 660 5127 rui
673 5076 786 5129 θεοτθκον
800 5075 921 5147 ὀνομάσαι
943 5075 988 5144 τὴν
1016 5075 1089 5148 ἁγίαν
1138 5075 1179 5130 διὰ
1195 5081 1269 5130 τοῦτο
1286 5077 1326 5129 sut
1340 5076 1370 5131 τθ
1383 5075 1468 5149 τοχθίν
1482 5077 1570 5150 βρέφος
1596 5075 1764 5150 Ἐμμανονὴλ
1789 5098 1913 5153 προσαγο-

318 5157 451 5230 παρθίνον,
475 5157 491 5224 ἢ
511 5158 612 5212 καλέσαι
627 5157 701 5226 utris
727 5162 770 5212 τοῦ
794 5158 921 5231 τεχθέντος
941 5159 1036 5231 μητέρα
1047 5159 1089 5212 uui
1139 5158 1240 5231 ρτθιται·
1271 5156 1326 5213 oiri
1348 5159 1401 5213 θεὸν
1425 5158 1574 5232 ἀνθρωπείας
1596 5161 1689 5232 pictor
1715 5163 1911 5235 κοχωρισμίνος.

318 5240 418 5312 δούλην,
440 5240 481 5293 καὶ
495 5237 637 5314 ίπαγαγοῖν,
661 5243 700 5296 dn
714 5243 794 5314 μήτηρ
811 5242 855 5313 μίν
870 5238 934 5296 ἔστιν
949 5241 984 5303 ὡς
998 5240 1089 5313 ἀνθρώ·
1138 5240 1197 5297 oin·
1206 5242 1331 5315 ἅνθρωπος
1343 5243 1532 5316 γογυμνωμίνος
1543 5242 1665 5313 θεότητος.

345 5432 356 5478 1
371 5431 425 5477 Vnde
439 5431 476 5479 tu.
489 5432 506 5487 1,
520 5443 541 5483 ο,
556 5444 595 5480 rur
607 5433 630 5479 tn
642 5432 742 5481 tue-r
754 5432 814 5479 Tou.
823 5432 911 5480 ruant
921 5433 965 5480 PP.
978 5434 1021 5481 οοί.
1034 5433 1084 5481 1θ8.
