3994 6164
511 342 561 405 DE
580 340 886 416 laudassemus,
908 339 982 404 ΗΒ.
1004 341 1045 419 ῙΙ,
1068 340 1152 404 cir.
1177 342 1215 403 ll.
1596 346 1652 408 τη

85 508 208 592 profecto
221 509 302 571 bens
315 513 364 571 est
377 506 418 571 ds
430 508 494 571 Deo
509 508 633 587 genitus
647 505 687 568 ab
702 512 840 584 aeterum
891 505 1058 586 dignitatis,
1087 514 1117 568 et
1130 504 1337 575 auctoritatis,
1359 510 1414 567 sut
1433 508 1621 588 potestatis⁶,
1637 532 1652 569 ο

86 602 212 667 ethome
232 599 423 677 exhaurias,
435 600 534 662 Maria
546 600 687 678 Virgine,
702 604 795 660 uatus
807 599 842 659 lu
891 598 945 659 sed
964 617 1004 660 ex
1025 618 1087 679 qua
1109 615 1208 660 uuum
1231 598 1349 678 aliquid
1368 617 1424 679 per
1438 617 1482 677 se,
1506 601 1570 662 sive
1593 621 1657 664 una

86 699 222 774 tempore.
245 694 316 755 Nou
338 691 425 755 enim
445 692 536 768 alius,
560 710 655 771 quam
677 692 841 770 quiahoc
889 690 1074 770 hypostasis,
1089 697 1120 753 et
1136 708 1266 771 persona
1280 690 1437 770 coalescat,
1461 694 1558 755 sNon
1572 695 1656 757 enim

86 786 162 847 Patre
172 785 297 864 genitu
316 802 382 847 esse
397 790 598 861 memoratur,
613 789 645 846 et
658 783 842 863 {inigenitus
889 782 1050 846 homiuem
1062 784 1248 845 adiviuitate
1261 783 1448 846 secernimus
1456 805 1465 860 ;
1476 786 1531 847 sed
1543 804 1654 865 uuum,

87 896 119 941 ax
133 877 303 941 substantia
325 877 436 955 Patris,
455 878 566 939 sDeus
583 877 621 938 da
634 877 712 954 Deo,
733 876 842 938 lumen
890 880 921 936 at
941 876 1086 938 eumdem
1109 876 1307 957 profitemur:
1332 877 1386 956 qui
1408 882 1499 939 antea
1512 896 1577 940 non
1591 886 1658 943 erat

86 969 255 1046 delumine,
272 972 353 1035 Deus
370 988 463 1033 vertas
480 970 518 1031 dc
532 971 598 1031 Deo
610 987 696 1045 vero,
711 968 843 1030 cousub-
889 967 996 1045 homo,
1020 969 1075 1030 sed
1104 970 1195 1047 Deus,
1218 974 1249 1030 et
1275 969 1369 1031 Filius
1388 970 1576 1050 unigenitus,
1603 971 1658 1054 qui

87 1062 222 1125 stantialis
235 1061 331 1140 Patri,
346 1080 417 1125 caro
430 1062 529 1124 hctus
543 1081 559 1120 ν
574 1062 686 1123 dieitur
694 1060 735 1121 ab
745 1062 842 1123 Evau-
889 1060 1011 1122 secute
1024 1061 1169 1123 omnibus
1192 1060 1329 1123 anterior
1342 1066 1399 1140 est,
1419 1078 1438 1123 a
1456 1082 1604 1145 corpore,
1620 1084 1657 1128 ae

87 1154 191 1235 gelista,
204 1159 237 1216 et
249 1153 289 1215 ab
303 1155 567 1217 moumeuicorum
580 1154 773 1235 synodorum
786 1154 842 1216 Pe·
889 1152 982 1214 rebus
994 1154 1151 1235 corporeis
1170 1155 1316 1216 omnibus
1330 1173 1443 1235 purus,
1459 1174 1495 1218 ao
1509 1163 1654 1235 secretus,

87 1246 179 1311 tribus.
201 1247 299 1324 idam,
322 1246 463 1328 inquam,
479 1246 542 1321 illa,
561 1264 646 1326 oper
657 1264 752 1327 (γοοιο
771 1263 840 1307 om·
889 1247 923 1308 in
936 1245 1000 1308 fine
1014 1246 1211 1309 etiomhomo
1224 1246 1321 1309 lactus
1332 1242 1428 1309 esc.»

87 1339 131 1401 uis
158 1339 239 1403 tacu
271 1345 357 1416 sunt,
386 1345 511 1420 propter
545 1345 682 1400 nostram
709 1339 842 1400 salutem
930 1340 1037 1420 Neque
1065 1358 1140 1401 vero
1167 1339 1365 1402 ulmidiatum
1397 1340 1577 1421 hominem,
1604 1340 1658 1407 sed

88 1431 227 1493 ducendh
240 1433 279 1493 de
293 1432 394 1508 coelis3
415 1439 445 1494 et
458 1433 637 1494 incarnatus
650 1433 698 1493 est
716 1431 755 1492 de
770 1431 841 1510 Spi·
889 1431 1048 1511 integrum
1074 1432 1250 1512 assumpsit,
1276 1450 1315 1494 ex
1328 1451 1401 1495 vera
1414 1452 1522 1513 carne,
1537 1454 1659 1499 acuere

88 1524 264 1602 ήνονοοοτο,
279 1544 321 1587 ex
335 1525 432 1589 bieria
440 1525 580 1604 Virgine,
591 1530 623 1585 et
636 1524 731 1585 homo
743 1523 841 1585 lactus
890 1531 1082 1586 constantem
1109 1526 1235 1588 anima:
1251 1533 1287 1587 ut
1309 1525 1368 1586 toti
1384 1527 1505 1589 homini
1526 1527 1658 1591 salutem

88 1625 147 1678 ests
163 1622 198 1679 ut
210 1636 250 1681 ex
264 1618 384 1681 Nieseni
407 1618 529 1681 conulii
549 1616 730 1679 auctoritate
743 1616 842 1697 cyril·
890 1617 1025 1679 afferret.
1042 1639 1058 1677 ο
1072 1617 1160 1692 Quod
1171 1620 1256 1679 enim
1268 1624 1464 1698 assumptum
1477 1637 1542 1680 non
1556 1627 1612 1698 est,
1626 1621 1657 1682 id

87 1709 127 1772 lm
147 1717 380 1791 argumentabor
394 1709 415 1774 ¹.
447 1711 531 1773 ldem
551 1710 635 1772 enim
649 1709 701 1771 illc
726 1709 780 1789 qui
808 1711 841 1769 ν’νν
889 1710 1056 1771 curationis
1069 1717 1115 1772 est
1137 1729 1247 1791 expers
1262 1720 1285 1784 ⁰,
1302 1732 1317 1768 o
1336 1728 1375 1772 ex
1389 1711 1503 1773 celebri
1517 1712 1570 1775 illo
1586 1717 1659 1775 Gre-

87 1801 169 1881 γοντα
180 1803 456 1885 erot,semstipsum
471 1801 655 1876 ecioouivit,
671 1810 698 1863 et
710 1802 840 1882 formam
889 1802 968 1882 gorii
991 1804 1173 1866 Nazianzeni
1196 1804 1297 1865 dicto:
1324 1804 1442 1882 equod
1463 1810 1568 1867 autem
1595 1808 1658 1868 Deo

87 1894 151 1957 susi
164 1896 289 1978 accepit,
306 1904 339 1958 νο
357 1894 588 1958 similitudinem
609 1893 759 1956 Ινοοννννννο
779 1893 841 1975 toc-
889 1895 1013 1956 unitum
1022 1897 1146 1972 est‚hoc
1158 1914 1281 1977 quoque
1289 1896 1419 1957 salutem
1426 1897 1653 1978 consequitur.»

86 1994 131 2063 tus,
144 1995 172 2049 et
182 1987 288 2051 babitu
301 1988 438 2051 iuuentus
450 1993 487 2050 ut
499 1986 616 2049 domn'.
890 1988 978 2061 Quod
991 1989 1170 2068 Fulgentius
1181 1989 1214 2049 in
1223 1988 1424 2069 libroprimo,
1439 2007 1467 2050 c.
1481 2007 1516 2058 x,
1529 1987 1569 2050 od
1585 1989 1658 2055 Tra·

118 2082 152 2143 V.
173 2082 251 2162 Ergo
266 2081 319 2143 hic
336 2081 401 2161 ipse
415 2083 513 2156 uero,
531 2100 568 2142 ac
581 2079 639 2142 Dei
653 2078 751 2157 iilius,
768 2098 839 2145 caro
889 2080 1061 2141 aimundum
1076 2081 1208 2162 explicat
1223 2079 1286 2142 sic:
1313 2101 1328 2139 ο
1343 2081 1409 2142 Ηοο
1428 2081 1515 2143 enim
1530 2084 1611 2143 Deus
1624 2083 1658 2144 in

86 2172 187 2248 heus,
201 2174 233 2239 id
245 2180 291 2236 ast
303 2176 501 2249 incarnatus,
516 2173 600 2253 quod
613 2182 766 2255 οαρνονῆναι
780 2193 839 2235 νο·
888 2172 983 2233 uobis
1003 2172 1148 2249 salvavit,
1167 2172 1250 2253 quod
1272 2191 1329 2253 pro
1353 2174 1443 2234 nobis
1468 2173 1601 2256 acccepit3
1628 2181 1659 2236 et

86 2272 152 2327 rant
174 2266 364 2331 moumenictn
390 2266 523 2347 synodi:
547 2267 606 2327 hoc
630 2265 728 2327 estin
749 2271 839 2328 utero
887 2263 974 2325 illam
984 2266 1066 2326 Deus
1074 2265 1127 2326 Dei
1141 2265 1223 2326 filius
1236 2271 1381 2327 naturam
1394 2266 1466 2327 feeit
1477 2267 1659 2349 participem

87 2357 217 2437 Virginis
228 2360 346 2439 genitus
365 2365 426 2436 est,
442 2364 472 2420 et
485 2377 557 2420 caro
571 2376 652 2435 esso,
667 2359 731 2420 sive
745 2358 840 2421 homo
888 2357 994 2419 salutis
1001 2362 1138 2434 aeterum,
1148 2376 1243 2437 quam
1255 2356 1314 2418 sibi
1326 2358 1486 2437 conjunxit
1500 2360 1659 2422 inunitate

85 2451 183 2530 erupit:
194 2451 579 2515 utPetrusAlexaudrinus
588 2452 632 2512 ait
643 2451 677 2512 in
687 2451 841 2531 Ephesius
888 2467 1038 2529 personae.
1048 2471 1064 2507 o
1074 2450 1192 2530 Quippe
1202 2449 1344 2530 symbola
1357 2451 1463 2511 omnia
1474 2450 1512 2512 ab
1526 2470 1659 2514 cacume-

86 2543 183 2609 sitatus
198 2546 352 2624 synodo‘.
381 2545 461 2607 Hinc
482 2550 514 2606 et
535 2544 715 2624 Gyrillusin
739 2544 839 2623 primo
887 2542 966 2603 uicis
992 2543 1076 2604 edita
1097 2542 1242 2624 synodis,
1271 2542 1372 2603 fllium
1396 2543 1470 2622 Dei,
1493 2561 1529 2604 ac
1555 2546 1658 2607 Deum

88 2635 479 2719 mammaemammal,
496 2636 528 2698 id
544 2643 590 2697 est
603 2636 838 2717 comoliterfue-
888 2634 1026 2696 Verbum
1054 2641 1256 2716 ἰνανθρωπγοαι,
1286 2636 1319 2696 id
1353 2641 1398 2697 est
1428 2635 1574 2698 luninem
1602 2657 1658 2700 esse

88 2729 351 2793 tmuresoribitlz
379 2747 444 2794 non
467 2729 557 2791 utin
579 2746 717 2808 caruem,
733 2729 838 2791 borni-
886 2727 1013 2807 tactum,
1035 2732 1212 2789 constanter
1233 2732 1385 2790 asserunt.
1410 2728 1479 2789 Non
1494 2734 1539 2791 est
1554 2736 1658 2792 autem

88 2838 183 2884 usura
201 2822 360 2887 transierit
376 2841 384 2886 t
404 2823 458 2884 sed
472 2826 508 2882 ut
530 2823 612 2883 Deus
636 2838 836 2903 parmenam,
887 2821 1134 2901 hom⁰,ooipars
1145 2819 1249 2900 aliqua
1261 2820 1503 2900 detestatusque
1517 2828 1657 2884 constare

89 2915 159 2977 orni
170 2917 350 2995 conjunctus
370 2915 478 2990 luerit,
494 2932 530 2976 ac
541 2933 614 2976 vera
629 2914 723 2976 homo
741 2915 839 2976 laotos
887 2913 982 2975 bomo
996 2930 1061 2974 uon
1075 2918 1186 2993 potest.

90 3006 244 3083 nunna,
256 3009 294 3069 de
304 3027 366 3089 qua
380 3007 626 3088 corpusaceapit.
642 3009 839 3087 «Conceptus
927 3006 981 3066 VI.
1005 3006 1093 3080 Quod
1113 3003 1370 3067 Chalcedonensis
1385 3004 1523 3086 synodus
1534 3005 1568 3069 iu
1583 3002 1658 3089 fidei

91 3099 187 3180 quippe
208 3108 253 3163 est
275 3101 314 3177 de
332 3101 452 3181 Spiritu
476 3108 581 3162 sancto
607 3100 690 3162 iutra
711 3108 839 3162 uterum
887 3096 1059 3179 defiuitione
1078 3097 1222 3160 disertius
1248 3104 1417 3173 asseverat,
1437 3100 1655 3181 «sequentes,

91 3193 180 3253 uubis
200 3193 355 3273 Virginis,
372 3193 551 3255 aitsanctus
572 3192 671 3270 Leo⁸3
700 3212 770 3274 quae
795 3195 838 3257 ita
887 3192 940 3270 ait,
961 3192 1088 3253 Sanctos
1107 3192 1232 3267 Patres,
1248 3208 1360 3264 unum,
1376 3196 1407 3253 et
1420 3193 1565 3254 eumdem
1579 3213 1656 3255 con·

91 3281 163 3345 illum
174 3284 254 3347 solva
268 3285 443 3366 virginitada
455 3285 560 3361 edidit,
575 3287 839 3364 quemadmodum
886 3283 968 3346 fiteri
980 3283 1092 3359 filium,
1108 3284 1275 3344 Dominam
1287 3289 1430 3344 nostrum
1443 3285 1461 3345 J
1464 3303 1552 3347 esum
1569 3286 1658 3348 Clui-

92 3374 161 3437 ulra
171 3378 346 3458 uirginitate
359 3377 536 3457 concepit.»
887 3381 969 3437 stum
976 3374 1317 3437 consentientesomues
1325 3376 1659 3459 docemus,perfeotum

124 3468 222 3531 b'uitars
234 3476 282 3533 est
295 3472 378 3533 Deus
388 3470 486 3545 carni,
497 3470 560 3530 sive
573 3466 705 3543 homini,
722 3466 839 3529 unione
886 3470 1032 3530 eumdem
1044 3467 1078 3528 in
1090 3466 1249 3528 divinitate
1259 3512 1267 3542 ,
1285 3472 1316 3528 et
1327 3466 1498 3547 perlectum
1511 3470 1658 3532 eumdem

92 3556 143 3635 lh,
161 3581 226 3643 quoe
244 3569 299 3625 ω’
313 3570 447 3626 νούσοισιν
463 3580 482 3623 a
497 3562 611 3623 Graecis
623 3566 767 3622 vocatur:
779 3561 838 3638 hoo
886 3562 920 3623 in
943 3560 1147 3634 humanitate,
1177 3560 1276 3620 Deum
1296 3577 1421 3636 revera,
1445 3566 1476 3623 et
1496 3562 1658 3625 homiuem

93 3655 283 3719 oetoemndum
301 3656 495 3718 sobuoutsbm
513 3655 563 3716 vel
584 3652 837 3721 subcontiolder:
886 3672 994 3715 revera
1007 3652 1164 3721 eumdem,
1181 3669 1220 3712 ex
1242 3652 1349 3714 anima
1363 3654 1518 3730 rationah,
1534 3660 1566 3716 et
1586 3674 1657 3716 cor-

93 3747 283 3831 utlliouysius
296 3748 437 3829 Exiguus
445 3749 683 3828 interpretatura
700 3764 793 3827 quam
808 3752 838 3808 et
886 3765 962 3828 pore
974 3766 982 3807 ι
996 3743 1291 3808 consubstantialem
1306 3745 1389 3806 Patri
1398 3747 1571 3809 secundum
1584 3745 1660 3808 divi-

93 3842 162 3905 tem
173 3850 273 3921 σαυτὴν
287 3840 513 3923 appellatidem
527 3839 659 3921 cyrillus
666 3841 700 3902 in
710 3838 838 3901 Anotds-
887 3841 1028 3917 nitatem,
1043 3846 1075 3900 et
1088 3836 1380 3900 consubstantialem
1390 3839 1660 3900 nobisseeundum

93 3933 208 3996 entismo
219 3935 324 3997 tertio:
337 3932 838 4014 naturalsmusu'tutemlllouysius;
889 3931 1127 4003 humanitatem,
1136 3930 1304 4010 peromuia
1314 3929 1661 4011 similemnoblsabsque

94 4027 121 4081 tt
141 4043 200 4087 uon
224 4032 338 4109 σχιτιιὴ,
363 4026 397 4087 id
416 4030 462 4088 ast
482 4025 572 4087 solim
594 4025 774 4105 offertionis,
795 4026 842 4087 vel
892 4023 1075 4106 peccatos.»
1100 4024 1177 4089 Quae
1191 4022 1349 4083 Athanasii
1363 4022 1539 4102 symbolum
1554 4024 1663 4084 eadem

94 4110 257 4179 totlurdim's
279 4117 489 4198 intelligatur,
521 4134 599 4179 «ex
624 4117 850 4182 commuuione*
894 4117 1043 4198 expressit
1056 4114 1223 4177 sententia:
1240 4112 1428 4191 «Perfectus,
1439 4114 1552 4196 inquit,
1568 4115 1661 4193 Deru,

116 4294 208 4353 ui’n·
231 4297 318 4359 Am·
343 4295 392 4355 cit.
414 4313 471 4368 par.
497 4297 522 4354 ll
543 4295 613 4369 Eph·
642 4311 706 4370 syn.
737 4302 793 4354 act·
819 4312 837 4355 t.
890 4297 956 4363 υἱόν,
971 4298 1092 4368 μονογννῆ
1106 4294 1265 4367 nposubuot,
1280 4291 1358 4366 ἀμιγῆ
1373 4292 1663 4367 cognomenantes

90 4374 187 4451 brute
210 4382 259 4456 γὰρ
283 4380 358 4437 αὐτὸν
382 4380 533 4455 γνννῶμνον
546 4378 572 4439 ἰν
591 4380 683 4454 μήτρᾳ,
705 4381 746 4437 ul
760 4381 840 4453 τᾶρια
888 4398 1013 4453 σωματος,
1029 4378 1142 4433 islrtdu
1155 4377 1385 4449 blmllslpusrot.

90 4466 209 4537 mlum·
924 4480 940 4523 s
967 4462 1034 4521 ibid.
1058 4460 1093 4516 Tb
1112 4461 1160 4534 γὰρ
1184 4460 1372 4532 depectentes,
1395 4459 1568 4533 uesanos.
1592 4464 1608 4517 b
1634 4463 1662 4520 u

117 4546 131 4602 l
146 4550 207 4605 Cn.
228 4544 362 4623 Γεγέννηκν
374 4542 422 4625 γορ
437 4555 557 4623 captate
573 4548 653 4622 σάρκα
666 4550 785 4622 γνγονότνι
798 4546 840 4603 τὸν
888 4546 983 4613 ἥνωται
996 4550 1033 4617 τῷ
1047 4544 1104 4617 θοῷ,
1119 4549 1194 4599 τοῦτο
1206 4542 1248 4601 sot
1262 4542 1377 4606 σώζεται.

91 4622 427 4707 ῑιοοντατροςλογον.1ιο
440 4639 469 4690 et
482 4632 660 4705 Amphitru
676 4626 710 4691 ab
723 4631 785 4688 eod.
799 4629 841 4688 od
925 4629 1061 4705 senoco.
1077 4642 1157 4685 conc.
1173 4643 1230 4700 par.
1253 4627 1289 4691 ll,
1311 4633 1358 4687 aot
1383 4644 1411 4687 ν.
1431 4625 1568 4700 ‘uelum
1579 4632 1661 4688 τοίνυν

93 4713 185 4771 mlh.
198 4715 268 4788 Epir.
286 4730 368 4772 conc.
890 4717 942 4775 τοῖς
950 4712 1028 4785 ἁγίοις
1041 4711 1170 4784 πατράσιν,
1186 4711 1230 4764 ἵνα
1242 4710 1284 4763 καὶ
1302 4711 1345 4765 τὸν
1360 4710 1432 4765 usu
1447 4712 1580 4785 ὁμολογεῖν
1597 4715 1661 4782 υἱὸν,

121 4799 207 4855 ocra.
224 4798 336 4857 amsla.
353 4814 393 4857 tu.
406 4799 476 4875 usp
494 4800 623 4857 συνάπτων
638 4795 712 4865 dat<
724 4797 842 4871 σννοφεὶᾳ
890 4797 932 4851 τὸν
952 4796 1034 4870 κύριον
1054 4796 1125 4868 ἡμῶν
1149 4794 1247 4863 Ἰησοῦν
1268 4794 1372 4868 Χριστὸν
1400 4796 1537 4869 stupetur
1557 4798 1662 4862 ἅπαντος

96 4881 183 4948 uma
198 4882 240 4952 τὴν
264 4880 343 4949 ditet,
358 4880 434 4955 ἤγουν
455 4880 579 4954 abactis,
604 4884 619 4951 ἢ
641 4881 779 4953 bimatu,
801 4882 842 4939 καὶ
892 4878 1073 4953 ἔτδιδάσνογην.
1088 4879 1180 4937 σέλινον
1199 4878 1242 4935 τὸν
1256 4876 1330 4935 αὐτὸν
1355 4876 1380 4933 lo
1394 4880 1499 4949 θιότητι,
1515 4881 1661 4937 astruas

100 4959 144 5034 (ὄχὶ
154 4965 239 5034 pitto
253 4967 350 5040 συνόδῳ
364 4969 395 5039 τῇ
407 4965 470 5021 κατὰ
484 4966 527 5034 τὴν
540 4965 625 5021 ἕνωσιν
641 4966 751 5037 φνσινήν.
891 4963 933 5019 τὸν
948 4962 1021 5019 αὐτὸν
1043 4960 1068 5017 ἓν
1090 4961 1269 5035 ἅνθρωπότηνι,
1284 4962 1338 5019 dsbv
1351 4959 1457 5031 οληθῶς,
1478 4962 1520 5016 καὶ
1533 4961 1661 5036 ἄνθρωπον

128 5043 145 5099 d
159 5046 216 5104 Nar.
230 5054 298 5106 orat.
314 5047 377 5104 rad
390 5047 504 5106 tledou.
523 5044 586 5103 Otbl
597 5047 645 5122 γὰρ
659 5047 701 5103 τὸν
715 5047 842 5122 ἄνθρωπον
892 5045 988 5117 ἀληθῶς
1000 5047 1043 5101 τὸν
1057 5045 1130 5102 αὐτὸν
1140 5042 1167 5101 ἐκ
1173 5045 1253 5120 duplis
1262 5046 1374 5118 λογικῆς,
1383 5045 1425 5101 sal
1433 5042 1559 5118 σώματος,
1568 5044 1660 5119 ipsod-

103 5127 215 5202 tutone
228 5133 402 5201 τῆςθνότητσς,
417 5128 474 5186 ἀλλ’
488 5131 540 5197 ἕνα,
554 5130 647 5189 καὶτὸν
662 5126 735 5187 τοῦτον
749 5132 842 5204 δογμα-
892 5148 945 5183 stov
966 5135 1003 5202 τῷ
1025 5130 1099 5201 πατρὶ
1119 5128 1182 5185 κατὰ
1204 5127 1248 5196 τὴν
1269 5129 1382 5197 durata,
1401 5130 1441 5183 sol
1465 5128 1596 5201 tpootntos
1619 5130 1662 5185 abs

105 5207 194 5285 tltopsg
204 5219 316 5291 xptrspot
331 5214 376 5290 pls
401 5213 446 5271 olis
470 5214 616 5291 ἄνθρωπον,
638 5213 704 5273 tlte
717 5214 771 5269 brba
780 5253 788 5281 ,
803 5212 845 5268 sai
894 5212 968 5268 οὗτόν
981 5213 1040 5285 ἡμῖν
1054 5212 1116 5269 κατὰ
1134 5211 1177 5280 τὴν
1192 5211 1378 5285 ἄνθρωπόν-στα,
1393 5210 1455 5267 κατὰ
1474 5212 1555 5267 πάντα
1572 5213 1661 5285 ὅμοιον

892 5294 963 5367 ἡμῖν,
976 5298 1052 5371 χωρὶς
1066 5293 1193 5370 ἂμαρτίσς.

129 5450 219 5508 ΗΜ
229 5468 263 5515 ιν.
277 5460 389 5517 md
402 5462 488 5508 m.
501 5470 552 5519 qu·
565 5466 601 5505 ast
612 5461 637 5507 lu
653 5460 749 5506 actious
762 5457 916 5518 lipbnruod.
927 5415 983 5502 -.²
994 5454 1054 5507 otu,
1066 5464 1114 5503 nt.
1127 5464 1154 5492 Β·
1167 5456 1182 5504 8
1197 5456 1246 5519 cyr.
1261 5454 1285 5503 lu
1302 5455 1361 5512 sept.
1372 5419 1449 5503 suut.
1463 5458 1520 5509 som,
1534 5454 1618 5514 θήσω.
1633 5479 1661 5493 -

117 5508 325 5576 *immacu
336 5522 361 5569 u
372 5522 453 5581 apso
465 5522 690 5580 anun-sua,
701 5532 722 5567 ο.
734 5532 760 5567 ιι.
