4078 6162
289 304 350 366 tas
800 300 1125 364 ramtoetcotttttt
1146 248 1368 363 nonnam

289 480 336 535 est
358 472 393 532 in
411 472 485 533 actis
511 471 623 550 synodi
644 483 767 534 sexte:
803 496 817 524 ι
830 470 913 544 Sola,
941 469 1059 549 inquit,

289 563 493 642 intelligentia
519 581 589 643 quse
603 565 775 625 suntnnita
794 568 1054 625 secementes⁰.n

290 655 464 719 Maxentius
478 656 553 716 item
570 657 604 717 in
620 657 725 718 libello
742 665 848 718 contra
865 654 1057 737 Auspicium,

295 750 416 824 «Duas,
440 748 554 828 inquit,
578 749 740 811 nobiscnm
762 749 796 809 iu
820 748 942 809 Christo
963 751 1058 829 profi·
1316 723 1529 808 CAPUT
1579 723 1657 806 IV.

292 847 415 901 teantur
428 858 493 902 esse
507 846 643 910 naturas,
660 843 715 921 qui
733 859 784 902 eas
797 859 862 901 non
875 840 967 901 robus
987 840 1061 920 ipsis

292 932 470 1006 dividimus,
495 934 548 994 scd
566 933 753 1011 cogitatione
771 938 893 994 mutum
912 933 1060 994 discerni-

293 1040 373 1097 mus,
388 1029 419 1085 et
430 1024 608 1103 probamus.
628 1046 640 1082 ι
659 1026 696 1085 Et
715 1025 749 1085 in
770 1024 891 1099 dialogo
912 1026 1057 1087 meando.
1111 1020 1154 1081 Dc
1176 1039 1297 1082 numero
1322 1030 1520 1097 amararum
1545 1042 1585 1085 an
1606 1022 1641 1084 dc
1666 1023 1704 1083 iis
1730 1025 1873 1105 usurpari

297 1117 396 1177 «Non
422 1116 491 1176 ideo
518 1115 611 1177 rebus
635 1118 759 1178 easdem
782 1122 920 1192 naturas,
946 1118 1060 1195 inquit,
1148 1119 1251 1193 possit.
1277 1115 1306 1175 i.
1322 1112 1479 1194 Nequeunt
1503 1113 1693 1195 Entyrin'ani
1714 1135 1724 1176 .·
1749 1134 1784 1175 uc
1807 1116 1876 1195 qui·

293 1207 469 1285 dividimus,
485 1227 561 1289 quas
575 1209 640 1269 sola
660 1214 784 1270 tantum
803 1208 979 1287 cognitione
999 1209 1060 1270 dis·
1151 1207 1222 1266 dom
1242 1205 1331 1266 etiem
1353 1204 1513 1268 Catholici.
1530 1209 1560 1269 4.
1576 1206 1687 1268 Saltem
1711 1207 1877 1288 ermines·

293 1300 493 1362 cernimus.»
1150 1295 1220 1357 dnm
1238 1315 1302 1357 ooce
1324 1308 1479 1378 negarunt,
1502 1297 1552 1358 scd
1560 1299 1660 1360 animo
1682 1298 1875 1360 retinendum.

334 1392 393 1453 Sed
405 1399 477 1454 ante
489 1393 547 1454 hos
565 1411 673 1454 omnes
687 1394 817 1454 modum
832 1393 922 1453 illum
936 1393 1062 1454 distinc·
1150 1392 1180 1450 5.
1198 1388 1308 1464 Quibus
1321 1390 1495 1451 occasionem
1505 1389 1649 1452 dederunt
1661 1390 1789 1452 Patrem
1808 1407 1894 1471 qno‘

124 1503 270 1559 mensum
294 1484 397 1559 tionis,
419 1483 473 1564 qui
492 1489 538 1545 est
559 1494 613 1546 κατ’
630 1491 737 1546 ἐπίνοιαν
757 1484 955 1546 affirmarunt
974 1485 1061 1545 Basi·
1152 1480 1288 1542 rumdam
1318 1483 1479 1544 sententie.
1518 1485 1546 1544 7.
1587 1482 1691 1544 Verum
1726 1491 1879 1544 numerari

293 1574 522 1655 lius,inquarto
532 1584 633 1637 contro
641 1575 890 1651 Eunomium‘,et
899 1577 1062 1654 Gregorius
1151 1571 1253 1635 debere
1264 1583 1389 1635 notccros
1406 1573 1580 1635 ostenditur.
1596 1577 1627 1636 8.
1644 1574 1759 1636 Fictilis
1777 1576 1880 1656 opinio

295 1669 530 1729 Nazianzenus:
552 1687 687 1748 quorum
714 1673 799 1749 prior
825 1670 864 1730 ab
892 1670 1062 1749 Euthymio
1150 1663 1434 1747 paternationum
1457 1679 1578 1727 naturas
1599 1666 1684 1747 ι’ριαι,
1707 1664 1758 1727 sed
1777 1685 1879 1729 corum

295 1760 407 1821 citatur
419 1759 452 1821 in
466 1759 623 1839 Ponoplioe
636 1767 722 1840 parte
736 1762 849 1840 prima,
860 1762 951 1821 titulo
965 1762 1063 1822 nnde-
1151 1756 1369 1839 qualitatessnb
1378 1777 1529 1819 namnum
1543 1757 1656 1821 cadero.
1670 1761 1701 1819 9.
1713 1757 1880 1822 Numeruri

296 1853 387 1914 cimo.
408 1853 473 1913 nln
493 1852 542 1914 his
555 1858 660 1913 autern
683 1853 840 1931 omnibus,
863 1854 975 1933 inquit,
998 1871 1062 1914 non
1148 1868 1233 1930 posse
1246 1857 1372 1911 notnros
1383 1849 1494 1911 casdem
1506 1869 1544 1911 esc
1560 1850 1723 1912 Trinitatis
1736 1852 1880 1934 onaiopio

296 1944 374 2005 dnos
394 1944 538 2021 dicimus,
563 1946 663 2005 deum
687 1946 827 2021 seorsim,
849 1950 880 2006 et
902 1945 1062 2006 hominem
1152 1940 1388 2011 denuntientur:
1404 1946 1451 2004 tt).
1477 1951 1505 2004 et
1532 1943 1648 2025 quidem
1665 1949 1729 2006 sinc
1748 1947 1880 2025 periculo

296 2037 434 2098 seorsim.
451 2038 529 2097 Nam
543 2055 625 2097 nnus
637 2041 723 2112 erat;
739 2038 792 2098 sed
804 2038 989 2116 cogitatione
999 2037 1063 2098 sola
1151 2033 1310 2096 dicationis.
1337 2036 1385 2095 ts.
1406 2034 1616 2096 Dissolnuntnr
1633 2056 1677 2111 eo,
1700 2056 1769 2118 pne
1792 2039 1881 2098 initio
2017 2070 2018 2147 ρ

296 2129 538 2209 uuiuscujusque
570 2135 715 2190 naturam
750 2129 978 2208 intelligentes3
998 2148 1063 2191 non
1152 2127 1262 2205 sopitis
1277 2131 1380 2189 contro
1396 2126 1525 2189 Numeri
1541 2146 1622 2189 nsum
1644 2131 1798 2211 proposita
1814 2132 1881 2216 pise·
2017 2150 2018 2183 ι

296 2223 380 2282 enim
403 2222 513 2283 Petrus
535 2225 613 2282 duos
634 2221 795 2296 intellexit,
823 2240 894 2282 cum
909 2222 1023 2284 moeret
1038 2221 1061 2283 ³:
1151 2228 1231 2282 rant.

297 2312 413 2374 Christo
436 2312 533 2392 igitur
551 2332 636 2394 passo
652 2331 710 2391 pro
731 2314 812 2374 nodis
825 2313 943 2376 cornel.
959 2316 1063 2376 »Gre-
2017 2362 2018 2369 ι

298 2405 403 2484 gorius
423 2423 498 2465 vero
524 2405 558 2466 iu
579 2406 710 2485 septima
732 2406 842 2467 citatus
864 2406 1017 2486 synodo⁴,
1033 2414 1065 2469 et
1153 2405 1179 2463 Ι.
1205 2405 1311 2464 Potest
1331 2404 1399 2465 hoec
1431 2403 1539 2480 otiosa,
1575 2422 1717 2484 peneque
1750 2407 1882 2470 ridenda
1905 2420 2006 2466 smne

297 2497 338 2557 ah
348 2495 478 2571 Eulogio
486 2497 569 2576 apud
580 2495 749 2573 Photium⁸,
766 2499 801 2559 in
811 2500 949 2560 oratione
958 2517 1061 2561 xxxvi.
1113 2497 1215 2575 prima
1233 2496 1333 2574 specie
1346 2495 1445 2556 videri
1462 2497 1720 2575 quaestio,utrum
1732 2517 1882 2561 numera·
1912 2476 2007 2572 Μ.

302 2588 469 2661 «Quando,
482 2588 595 2667 inquit,
606 2596 726 2650 naturae
736 2590 980 2652 consideratione
993 2592 1066 2652 diri·
1114 2587 1191 2648 biles
1207 2586 1313 2647 sintin
1329 2587 1581 2649 Christouatnrae
1595 2589 1676 2650 dnae.
1694 2591 1805 2652 Sedes
1817 2598 1884 2653 tam
1924 2580 2006 2688 32⁸2,

299 2685 513 2754 mantuanus
527 2681 619 2741 etiam
630 2681 959 2743 dividunturnomina.
970 2686 1065 2762 Apos·
1115 2684 1267 2753 accurate,
1284 2684 1430 2759 mutaque
1450 2680 1659 2756 contentione,
1678 2685 1885 2760 prasertima
1906 2676 2018 2745 stipant

298 2771 398 2831 tolum
413 2773 485 2833 audi
499 2792 506 2833 ε
520 2771 598 2834 Deus
612 2772 735 2833 Domini
745 2774 839 2834 nostri
847 2774 931 2835 iesus
942 2774 1064 2848 Christi,
1116 2771 1230 2832 Grecis
1244 2776 1289 2831 est
1304 2770 1458 2850 disputata
1472 2771 1628 2847 Patribus,
1643 2776 1678 2833 ni
1688 2791 1758 2834 eam
1771 2782 1884 2855 prete

299 2862 393 2924 Pater
403 2862 542 2944 piorioe⁶.
559 2864 654 2926 Vides
672 2866 936 2944 quemadmodum
955 2867 1068 2928 Christi
1115 2863 1177 2924 rire
1191 2863 1302 2923 merito
1316 2863 1459 2942 religioni
1479 2863 1631 2925 duxerim.
1646 2865 1725 2926 Nam
1746 2866 1884 2929 haretici

301 2956 426 3034 quidem
449 2958 544 3031 Dens,
570 2956 675 3031 glorias
699 2963 805 3018 nutem
822 2960 914 3018 Pater
935 2959 1063 3021 dicatur.
1117 2954 1352 3033 Monophysitae,
1373 2960 1410 3015 nt
1432 2972 1500 3015 mos
1523 2960 1568 3016 est
1590 2957 1699 3017 talium
1721 2958 1886 3020 damnatos

302 3049 447 3123 Quamvis
461 3049 545 3108 enim
562 3048 655 3109 ambi)
671 3049 734 3109 sint
753 3066 863 3124 utrum,
878 3068 943 3111 non
962 3057 1068 3112 tamen
1116 3045 1324 3108 Ecclesiastico
1336 3046 1454 3124 judicio
1463 3047 1558 3107 semel
1568 3066 1687 3109 errores
1698 3068 1774 3111 suos
1784 3052 1887 3113 occul·

302 3144 426 3212 naturo,
442 3139 493 3199 sed
505 3139 701 3216 copulatione
710 3149 730 3200 ⁰.
750 3162 765 3197 n
1116 3138 1157 3198 tis
1170 3139 1345 3199 instaurare
1356 3156 1391 3198 ac
1402 3138 1505 3199 fovere
1523 3139 1652 3217 artibus,
1666 3142 1691 3201 si
1703 3141 1766 3204 hoo
1781 3144 1886 3223 palam

344 3232 385 3291 lle
400 3231 596 3291 distinctione
610 3242 664 3293 κατ’
680 3237 797 3300 ἐτίνοιαν,
814 3252 877 3312 qna
892 3240 1018 3296 naturas
1034 3238 1068 3297 in
1117 3236 1284 3309 aperteque
1312 3248 1376 3290 nou
1403 3230 1473 3290 licet
1503 3251 1510 3290 ε
1535 3231 1621 3292 illam
1647 3233 1706 3292 sibi
1732 3233 1886 3296 latebram

231 3380 236 3390 ,
303 3322 421 3382 Christo
436 3327 555 3383 veteres
564 3328 741 3397 secernunt,
751 3325 820 3385 vide
831 3326 958 3386 omnino
977 3333 1070 3406 capnt
1118 3323 1211 3382 unius
1236 3322 1428 3384 affirmandas
1462 3340 1580 3383 natura
1614 3325 1820 3403 quaesierunt,
1855 3333 1888 3387 nt

302 3420 443 3474 nostrum
454 3415 609 3475 decimum
620 3414 690 3476 libri
700 3415 793 3494 primi
806 3416 921 3494 ciclico,
936 3418 992 3479 ubi
1002 3420 1069 3481 tuse
1119 3420 1244 3495 propter
1276 3413 1472 3474 individuam
1494 3432 1604 3475 esrum
1639 3417 1886 3495 copulationem,

303 3506 383 3566 istud
406 3506 649 3585 explanavimus.
671 3508 760 3587 Hanc
781 3511 930 3588 expressit
951 3512 1069 3573 Tullius
1118 3506 1388 3584 acutissimamque
1397 3522 1513 3565 nexum
1526 3508 1887 3586 numerosuhjiciendos.

303 3597 336 3657 iu
352 3596 515 3657 Tusculano
531 3605 650 3676 quarta.
672 3599 772 3659 «Haeo
786 3602 943 3679 qnaedico,
955 3603 1067 3682 inquit,
1119 3603 1151 3658 et
1162 3597 1251 3676 quasi
1265 3597 1574 3675 partiendaseasdem
1587 3601 1886 3663 nonessadioerent.

302 3688 487 3767 cogitatione
501 3690 718 3769 quideminter
729 3709 761 3752 se
775 3692 933 3773 differunt,
949 3714 983 3757 re
996 3715 1069 3758 vero
1118 3689 1219 3769 Atque
1233 3688 1304 3749 huit
1323 3688 1464 3768 opinifflti
1487 3690 1629 3750 nonnulli
1653 3693 1748 3753 eiiam
1774 3695 1889 3755 assensi

205 3787 210 3796 '
302 3779 445 3859 copulate
457 3786 541 3843 sunt.
1119 3787 1192 3842 sunt
1206 3779 1374 3856 Catholici3
1391 3781 1612 3859 quidamvero,
1625 3789 1660 3844 nt
1669 3785 1702 3843 in
1714 3787 1887 3864 superiore,

1120 3873 1220 3949 dictis,
1235 3891 1271 3933 ao
1293 3872 1453 3933 sententiis
1475 3873 1539 3933 suis
1561 3892 1668 3936 msam
1682 3875 1727 3936 illi
1749 3878 1891 3956 proebne

1120 3971 1205 4027 runt.
1223 3966 1297 4039 Quae
1316 3982 1365 4025 res
1387 3982 1452 4024 non
1475 3964 1604 4045 indigna
1627 3968 1691 4028 risa
1711 3974 1771 4046 est,
1796 3988 1891 4050 qnam

1119 4057 1195 4118 huie
1223 4055 1315 4137 capiti
1338 4056 1567 4118 mandaremus.
1592 4059 1636 4120 Ac
1655 4078 1720 4139 pras
1743 4062 1891 4123 omnibus
2017 4044 2018 4077 ¹

1121 4150 1247 4230 quidem
1265 4149 1396 4228 diligens
1413 4149 1447 4209 in
1467 4168 1504 4211 es
1523 4151 1692 4226 tractanda,
1715 4153 1891 4235 disceptan-

1123 4243 1223 4321 daque
1256 4241 1465 4303 controversia
1488 4241 1547 4302 fuit
1568 4244 1722 4304 Maximus
1756 4253 1889 4327 martyr,

1121 4334 1241 4395 subtilis
1263 4339 1294 4394 et
1314 4333 1449 4393 multtun
1476 4334 1623 4395 adversus
1648 4336 1888 4411 Monotheletas,

1121 4442 1291 4504 eorumque
1304 4430 1449 4505 parentes
1462 4425 1697 4506 Monophysitas
1705 4430 1890 4490 exercitatus

1120 4518 1292 4596 theologus.
1310 4517 1403 4595 Cujus
1417 4516 1528 4578 dehoc
1551 4523 1720 4596 agumento
1738 4526 1890 4582 nocuus

1120 4609 1238 4690 aliquot
1250 4608 1383 4688 legimns
1399 4628 1406 4670 :
1421 4626 1438 4668 e
1452 4608 1568 4688 quibus
1576 4610 1728 4672 nonnulla
1736 4610 1889 4693 decerpsit

336 4854 357 4894 a
375 4838 409 4894 ln
424 4836 527 4909 tlsyn.
542 4839 613 4911 Μόνῃ
629 4841 711 4907 νοήσει
725 4837 1067 4913 intramuraneum.
1154 4839 1252 4898 stz.
1269 4844 1338 4895 orat.
1356 4852 1447 4893 xxxtt.
1473 4834 1563 4892 Ἧνίιισι
1583 4838 1664 4910 piatis
1680 4834 1820 4895 irloroerrnt
1839 4845 1890 4905 ταῖς

339 4921 461 4977 bBtstt..
479 4921 555 4976 citat.
571 4919 606 4976 ab
631 4921 714 4977 Enth.
740 4921 786 4974 Ἔν
800 4924 859 4977 πᾶσι
875 4921 901 4975 δὲ
927 4923 1022 4987 τούτοις
1040 4921 1069 4976 οὗ
1118 4921 1243 4985 ἐπινοίαις,
1259 4921 1484 4993 συνδιαιρτῖταικαὶ
1505 4920 1536 4974 τὰ
1547 4919 1666 4992 ὀνόματα.
1683 4920 1787 4977 Παύλου
1802 4924 1887 4997 λέγον-

299 5005 343 5059 tto
356 5005 471 5077 λέγομεν,
492 5003 545 5058 θεὸν
563 5003 622 5076 ἰδίᾳ,
639 5005 679 5057 nal
702 5004 829 5077 ἄνθρωπον
845 5004 902 5077 ἰδίᾳ.
919 4998 955 5067 εἷς
968 5005 1015 5077 γὰρ
1028 5003 1068 5074 ἢν,
1117 5024 1158 5070 τος
1170 5007 1283 5060 ἄκουσον·
1291 5006 1334 5059 ἵνα
1345 5004 1421 5066 stin
1437 5009 1481 5058 τοῦ
1493 5004 1653 5077 κυρίουὴμῶν
1673 5004 1759 5073 Ἰησοῦ
1767 5008 1888 5080 Χριστοῦ,

300 5086 611 5155 maturianensis
628 5086 992 5161 ἑκάστουρύσινλογιζόμενοι.
1013 5087 1069 5141 οὐδὲ
1118 5088 1232 5161 ὁπατὴρ
1255 5093 1299 5157 τῆς
1319 5086 1397 5156 δόξης·
1423 5087 1531 5160 Χριστοῦ
1553 5087 1596 5159 μὲν
1614 5088 1676 5151 θεὸς,
1699 5093 1742 5156 τῆς
1767 5090 1796 5144 δὲ
1820 5090 1889 5159 δόξης

300 5171 473 5243 γὰρόΠέτρος
491 5170 535 5224 stc
550 5168 657 5244 irinati,
671 5170 755 5226 εἰπών.
772 5171 879 5244 Χριστοῦ
894 5167 936 5225 οῦν
950 5172 1070 5234 παθόντος
1117 5174 1207 5245 πατήρ,
1230 5172 1251 5225 ἐἰ
1270 5171 1318 5244 γὰρ
1338 5170 1379 5224 καὶ
1398 5170 1428 5224 το
1448 5172 1631 5245 συνσρρότερον
1653 5171 1697 5237 ἓν,
1725 5170 1786 5227 ἀλλ’
1807 5172 1837 5227 οὗ
1858 5178 1887 5246 τῇ

301 5252 444 5327 incipiatis
459 5253 540 5326 σαρκὶ.
1053 5284 1055 5287 -
1117 5255 1236 5329 pirensi
1251 5255 1277 5310 at
1291 5256 1394 5327 συνόδῳ.

329 5447 340 5489 l
355 5446 417 5491 tom.
430 5446 456 5490 tr
471 5447 525 5495 rut,
536 5444 634 5492 idi-i
646 5445 712 5493 Bcsll.
726 5446 753 5491 tr
765 5451 822 5494 mitt.
835 5449 941 5495 Eune-tl
955 5448 964 5492 l
976 5451 1021 5495 Μ.
1030 5461 1089 5495 tu-
1099 5455 1113 5495 t
1125 5448 1173 5494 Act.
1184 5460 1242 5494 ru·
1254 5447 1412 5493 scotman-
1422 5445 1436 5491 d
1446 5446 1501 5501 sps.
1514 5456 1530 5497 ι,
1545 5445 1579 5488 17.
