4078 6168
505 350 556 411 nn
575 349 876 428 ιιιοιιινιιιοιιιι,
899 352 976 415 nra.
1001 352 1024 428 ι,
1048 352 1134 414 car.
1157 351 1210 413 ιιι.
1588 353 1646 412 rea

88 515 177 577 tndim
202 513 259 575 bac
289 529 380 575 usum
416 512 602 576 lloereticum
640 514 730 576 illum
764 532 830 576 esse
878 536 972 580 carne
999 519 1176 599 copulatam
1197 517 1301 592 fuisse,
1321 535 1386 578 uon
1405 515 1569 592 Sabellius,
1594 517 1648 580 scd

89 608 255 669 demontrat
270 625 278 665 ε
291 605 340 666 Sic
353 622 419 666 esse
437 606 547 682 Deum,
568 625 603 667 ac
618 606 828 684 Divinitatcm,
880 611 946 691 ejus
959 611 1101 692 discipuli
1124 615 1309 684 statuerunt,
1331 628 1461 688 eamque
1482 625 1648 688 personam

89 699 236 773 ntiaolcm3
256 698 342 776 cujus
361 716 424 758 uua
442 703 488 758 est
514 698 697 778 hypostasis,
719 699 754 759 in
768 717 830 778 qua
879 703 1002 783 proprie
1016 704 1112 765 Patris
1126 720 1190 764 esse
1217 703 1373 779 dixerunt,
1400 701 1548 780 quoniam
1568 700 1649 760 Divi·

88 791 134 851 tria
154 788 592 864 discernuntru3illuminandi
616 791 673 864 vis,
693 809 752 852 nec
765 809 830 851 non
879 792 1647 873 nitatistotiussubtantiam,ethypostasisiormam,

89 880 268 955 abbacum,
289 888 319 943 et
340 882 486 942 circinata
501 882 675 943 rotunditas
696 882 830 944 :eodem
879 887 1003 949 Patrem
1017 906 1080 948 essa
1096 887 1246 948 sabellius
1268 887 1381 961 volnit3
1404 886 1492 965 cujus
1518 892 1647 965 ἐνέργειαι,

89 974 163 1034 nodo
173 975 203 1034 in
212 992 274 1035 una
287 973 473 1051 etsingulari
487 992 618 1052 persona
628 975 693 1052 liei,
708 976 831 1036 Patrem
879 997 914 1040 ac
927 980 1013 1040 velut
1025 981 1212 1040 radiationes
1224 985 1325 1040 essent
1347 978 1453 1055 Filius,
1468 982 1499 1039 et
1518 978 1649 1057 Spiritus

89 1065 285 1127 velutformam
300 1082 367 1127 esse
392 1066 488 1151 totius
505 1065 697 1146 hypostasis;
718 1067 830 1128 Filium
879 1077 1014 1132 sanctus.
1034 1073 1105 1133 ldeo
1132 1072 1233 1132 solum
1252 1072 1375 1131 Patrem
1392 1072 1600 1145 incarnatum,
1614 1086 1650 1128 ac

90 1175 156 1233 raro,
168 1158 226 1219 rim
239 1176 304 1219 csse
318 1158 483 1237 quamdam
502 1157 716 1234 illuminandi3
733 1159 832 1238 Spiri-
879 1181 1004 1243 passum
1018 1182 1083 1225 esse
1094 1168 1338 1225 consentaneum
1357 1167 1422 1223 erat
1442 1162 1566 1223 illorum
1583 1161 1649 1221 he-

90 1256 294 1326 casnetum,
315 1250 402 1312 reiut
421 1251 576 1326 ardorem,
593 1256 625 1312 et
641 1250 779 1325 fovendi,
795 1270 831 1312 ac
879 1256 948 1316 resi.
968 1256 1058 1318 Unde
1092 1262 1123 1317 et
1146 1253 1364 1333 Patripassiani
1376 1254 1477 1316 uocati
1503 1259 1594 1330 sunt,
1611 1252 1649 1313 de

89 1342 255 1403 mandendi
280 1342 407 1404 insitam
422 1342 617 1404 ¹facultatem.
638 1345 680 1404 De
709 1344 829 1404 Christo
879 1346 992 1424 quihus
1012 1353 1129 1427 postea.

89 1434 122 1493 ita
137 1435 357 1514 pronuntiabat,
373 1435 522 1496 emissum
547 1453 612 1497 esse
635 1436 748 1512 filium,
763 1441 830 1497 tan·
918 1440 974 1501 lX.
997 1441 1145 1502 Leontius
1166 1443 1199 1502 in
1218 1440 1299 1502 libro
1318 1439 1353 1501 de
1382 1437 1497 1517 sectis’,
1529 1438 1649 1500 actione

90 1543 162 1605 quam
171 1527 288 1588 radium
303 1527 487 1601 divinitatis,
502 1527 556 1607 qui
573 1527 744 1588 omuiailla
759 1547 831 1608 per-
878 1533 980 1609 tertia,
1009 1534 1047 1595 de
1075 1534 1166 1595 Pauli
1189 1532 1380 1595 Samosateni
1405 1532 1516 1593 haercsi
1543 1548 1647 1610 agens,

89 1618 151 1695 lacit,
164 1637 227 1699 quae
250 1620 290 1681 ad
325 1620 485 1699 Evangelii
506 1620 775 1700 procurationem,
798 1624 831 1681 et
879 1620 964 1683 hunc
975 1623 1018 1683 ait
1031 1628 1096 1683 tam
1110 1625 1143 1683 in
1156 1622 1326 1693 Trinitatis,
1343 1639 1438 1700 quam
1454 1621 1488 1681 in
1502 1620 1649 1682 lucarna-

89 1709 577 1791 tunranigeuerisredemptionem
592 1712 831 1779 attineut⁰.Qoa
879 1709 972 1771 tionis
998 1710 1060 1772 fide
1087 1730 1152 1773 esse
1179 1711 1313 1791 lapsum.
1326 1711 1372 1770 ¹ln
1387 1708 1484 1789 priori
1511 1710 1648 1788 quidem,

89 1802 184 1883 epea
201 1803 370 1881 tinctione,
387 1823 494 1865 rursus
507 1805 546 1866 ad
561 1805 676 1866 coelum
689 1823 830 1884 assnmp-
881 1803 963 1891 quod
977 1802 1079 1864 solum
1100 1805 1223 1865 Patrem
1248 1821 1313 1864 esse
1333 1803 1432 1862 Deum
1453 1802 1590 1879 putabat.
1614 1802 1650 1861 ln

90 1900 223 1970 uncam
247 1897 514 1977 quemadmodum
537 1897 642 1958 radius
665 1898 830 1960 emissusa
880 1895 1049 1973 posteriorc
1067 1914 1152 1971 vcro,
1173 1896 1256 1974 quod
1270 1911 1393 1956 merum
1406 1894 1568 1956 homiuem
1585 1894 1650 1955 aie-

89 1988 148 2061 sole,
159 1988 262 2050 iterum
279 1990 416 2050 recurrit
429 1991 470 2050 ad
484 1989 592 2050 solem.
610 1990 688 2050 Hinc
702 1994 830 2069 apparet
879 1985 934 2047 bat
947 2006 1011 2048 esse
1035 1988 1203 2064 Christum,
1219 2007 1277 2050 nee
1298 1989 1332 2048 in
1352 2009 1389 2051 eo
1412 1986 1550 2049 Verbum
1561 1987 1651 2047 exsti·

30 2092 72 2134 νο
89 2077 183 2137 nobam
196 2079 317 2157 proprie
343 2085 388 2153 τὴν
400 2084 592 2159 liutpertus,
617 2079 680 2140 sire
707 2087 829 2159 σάρκωσιν
880 2078 966 2140 tisse:
981 2080 1025 2141 ita
1039 2086 1152 2140 utnon
1167 2081 1277 2141 eadem
1291 2099 1326 2141 ac
1340 2081 1499 2143 Nestorius
1510 2079 1648 2147 sentiret,

30 2152 46 2199 ἀ
88 2166 217 2244 amatura
235 2166 419 2240 Sabellium,
442 2166 496 2228 sed
528 2167 626 2228 solam
650 2175 782 2248 ἐνέργειαν,
798 2173 830 2229 et
880 2170 915 2231 Si
929 2172 1056 2250 quidem
1082 2173 1252 2247 Nestorius,
1274 2172 1330 2233 etsi
1351 2173 1522 2250 simplicem
1546 2169 1650 2230 homi-

87 2258 251 2337 operctiorem
263 2259 437 2321 divinitatis
457 2259 490 2318 in
503 2258 631 2320 bomine
644 2259 774 2322 Christo.
879 2281 952 2324 nem
967 2264 1087 2324 dicebat
1101 2282 1167 2325 esse
1187 2265 1359 2340 Christum
1375 2265 1460 2326 idem
1472 2269 1578 2324 tamen
1596 2263 1651 2324 Dei

117 2350 192 2411 Vlll.
205 2351 294 2425 Quem
313 2368 454 2411 errorem
476 2350 607 2411 subinde
627 2350 712 2420 fovit,
736 2357 829 2431 atque
878 2352 1019 2413 Verbum
1031 2371 1087 2432 per
1095 2370 1127 2413 se
1137 2353 1317 2427 subsistens,
1332 2359 1362 2413 et
1371 2352 1481 2413 Filium
1496 2353 1651 2413 asserebat

87 2442 228 2521 expressius
241 2461 304 2521 prae
328 2461 360 2503 se
374 2442 448 2504 tulit
469 2442 583 2503 Paulus
598 2443 826 2506 Samosatenus.
878 2443 932 2504 illo
947 2445 981 2504 in
993 2445 1122 2505 homine
1135 2444 1238 2505 fuisse.
1256 2445 1325 2505 Non
1339 2445 1472 2505 enimin
1499 2444 1650 2527 Trinitate

88 2533 171 2606 uniet
194 2535 334 2615 princeps
355 2535 566 2595 instauranda
591 2535 679 2596 istius
703 2535 829 2597 haeresis
877 2536 1033 2614 peccabat.
1049 2538 1091 2596 At
1110 2536 1227 2596 Paulus
1246 2537 1465 2598 samosatenus
1483 2553 1548 2597 non
1564 2536 1649 2597 dice-

88 2632 139 2704 post
153 2627 312 2703 bamam,
341 2627 405 2688 sive
428 2628 639 2704 Artemonem,
654 2646 673 2688 a
686 2628 829 2689 Patribus
877 2627 931 2689 bat
945 2627 1113 2689 subsistens
1135 2646 1191 2708 per
1218 2646 1283 2689 sese
1314 2629 1449 2689 Verbum
1468 2629 1503 2688 in
1528 2628 1650 2689 Christo

88 2717 158 2791 vulgo
173 2718 292 2793 dicitur3
311 2720 456 2798 quamvis
476 2719 570 2799 paulo
588 2724 661 2780 ante
676 2718 828 2781 Sabellius
877 2720 980 2795 basse,
999 2720 1053 2781 scd
1072 2720 1211 2781 Verbum
1224 2719 1302 2780 nihil
1316 2721 1400 2781 aliud
1414 2738 1479 2781 esse
1493 2719 1646 2780 eradebat.

88 2810 196 2887 dudem
206 2812 414 2891 patrocinium
424 2812 615 2890 suscepisset.
627 2811 828 2891 Verumquia
876 2813 935 2873 nisi
955 2811 1085 2889 jussum,
1114 2830 1150 2873 ac
1173 2812 1365 2884 mandatum,
1392 2817 1542 2891 tanquam
1569 2812 1650 2872 Deus

88 2907 222 2983 precipua,
236 2905 431 2984 majorisque
457 2904 609 2964 momenti
625 2902 711 2964 labes
730 2904 828 2966 altera
876 2923 931 2985 per
949 2905 1110 2966 hominem
1132 2904 1223 2964 illum
1233 2922 1303 2983 quae
1320 2903 1603 2983 velletimperaret,
1620 2907 1651 2964 et

88 2995 358 3076 damopinionis,
374 2990 527 3075 quamde
548 2995 696 3057 Trinitate
720 2997 826 3058 Sabel·
874 2994 999 3056 faceret.
1026 2993 1053 3054 Α
1075 2992 1208 3054 Sabellio
1235 3010 1309 3053 vero
1337 2992 1513 3053 dissensisse
1535 2992 1569 3050 in
1590 2991 1650 3052 hoc

30 3152 31 3155 ρ
88 3085 132 3146 lius
150 3087 221 3149 idem
243 3089 447 3168 vulgaverat3
462 3087 497 3147 in
528 3105 597 3148 eam
630 3087 827 3167 potissimum
875 3086 1021 3147 Leontius
1041 3085 1206 3160 existimat,
1224 3084 1307 3165 quod
1327 3076 1480 3146 Sabellius
1503 3083 1649 3145 eumdem

89 3176 279 3242 icthobcorum
290 3180 433 3241 studium
446 3179 570 3256 exarsit,
583 3184 614 3240 et
626 3180 720 3258 hujus
733 3182 826 3241 unius
875 3178 1048 3239 affirmabat
1066 3195 1131 3238 esse
1150 3179 1290 3254 Patrem,
1305 3182 1336 3239 et
1357 3176 1481 3251 Filium,
1503 3183 1534 3237 et
1549 3175 1650 3255 Spiri-

89 3267 177 3331 intidia
200 3291 290 3352 penes
317 3272 529 3334 sabellianum
556 3289 671 3333 nomen
690 3273 822 3348 resedit,
875 3276 943 3331 tum
957 3274 1111 3344 sanctum,
1127 3274 1158 3330 et
1169 3269 1372 3329 trinominem
1382 3286 1450 3329 rem
1462 3285 1527 3328 esse
1536 3268 1647 3342 Deum,

89 3363 303 3427 cniaainterim
326 3364 388 3426 alia
409 3365 459 3425 vei
481 3364 667 3425 incuriosius
683 3370 822 3441 tractata,
873 3362 918 3422 ita
929 3367 966 3423 ut
978 3362 1190 3422 Trinitateme
1212 3359 1314 3420 medio
1328 3359 1459 3420 tolleret.
1480 3362 1519 3419 At
1532 3359 1650 3420 Paulus

89 3466 318 3537 commoratam
337 3457 449 3518 deinde
471 3457 587 3518 Paulus
606 3457 824 3519 Samosatenus
873 3472 939 3515 non
957 3452 1104 3513 eumdem
1122 3451 1255 3512 faciebat
1278 3452 1411 3524 Patrem,
1428 3450 1601 3524 etlilium,
1618 3457 1650 3513 et

90 3547 203 3625 numm,
216 3549 494 3629 vehementiusque
507 3549 725 3628 propugnavit,
746 3555 777 3609 et
790 3551 825 3610 in
875 3546 1024 3626 Spiritum
1045 3548 1196 3619 sanctum,
1223 3543 1276 3604 sed
1299 3543 1424 3604 Patrem
1437 3542 1560 3604 volebat
1584 3561 1648 3605 esse

90 3642 232 3719 camasi
251 3643 416 3723 propriam
432 3641 600 3702 transtulit.
616 3642 823 3715 Quemadmo-
875 3639 984 3713 Deum,
1000 3637 1054 3716 qui
1077 3635 1182 3697 omnia
1200 3634 1337 3696 condidit
1352 3635 1486 3696 :Filium
1497 3653 1649 3704 veronu-

90 3726 145 3790 don
155 3734 204 3793 elsi
215 3734 305 3796 Arius
315 3734 355 3795 de
375 3733 492 3813 Spiritu
515 3737 620 3794 sancto
637 3752 701 3794 non
719 3734 824 3795 minus
873 3729 1115 3792 dumhominem
1130 3727 1299 3808 :Spiritum
1307 3729 1562 3808 porro,gratiam,
1578 3747 1649 3809 quae

90 3835 159 3897 prore
179 3826 309 3901 scufirct,
336 3824 490 3904 quamde
510 3824 597 3899 Filio,
622 3824 824 3887 nihilominus
874 3840 966 3902 super
979 3820 1140 3901 Apostolos
1154 3820 1649 3882 advenitllaeceadembaeresisa

91 3911 280 3978 νοὶαοίοοιιταα
303 3916 376 3978 Filii
403 3914 597 3977 divinitatem
615 3916 763 3977 attributa
779 3923 825 3978 est
873 3913 1042 3976 Socimanis
1056 3912 1438 3990 Anabaptistisinstaurata
1452 3912 1650 3972 esthcctem·

91 3999 198 4082 incisim
220 3997 346 4070 oileum
370 4008 499 4069 miamin
521 4007 700 4071 Macedonio
725 4026 825 4069 reser·
872 4024 968 4088 pore,
982 4005 1064 4066 utin
1078 4004 1168 4065 tertio
1190 4003 1270 4064 libro
1291 4002 1326 4064 de
1346 4003 1491 4066 Trinitate
1504 4002 1647 4084 pluribus

92 4102 150 4169 tata,
161 4100 276 4180 ejusque
289 4099 505 4174 sectatoribus,
520 4100 575 4179 qui
586 4101 710 4179 proprie
723 4101 824 4162 Pneu·
874 4098 1085 4177 exposuimus.

93 4192 242 4253 monachi
255 4195 357 4255 vocati
369 4200 452 4265 sunt,
468 4198 504 4254 ut
516 4191 591 4253 alibi
606 4192 769 4255 dirimus1.
914 4190 1122 4264 Quamobrem
1137 4187 1239 4248 minus
1248 4191 1388 4247 accurate
1401 4186 1557 4265 scripsisse
1572 4195 1646 4267 puto

121 4279 207 4345 Postea
222 4304 294 4347 vero
311 4286 478 4363 contigisse
491 4284 634 4353 arbitror.
651 4287 754 4364 utqui
769 4286 824 4347 Sa·
873 4283 1074 4344 Theodorum
1100 4280 1349 4341 Rhaithuensem
1375 4279 1594 4359 presbyterum
1612 4282 1646 4342 in

30 4432 32 4451 ,
94 4364 226 4436 bellunum
238 4377 353 4457 dogma
369 4377 465 4437 secuti
476 4381 561 4450 sunt,
574 4394 646 4437 cum
656 4377 781 4438 unicam
791 4377 825 4438 in
873 4375 952 4436 libro
961 4375 998 4435 de
1006 4369 1246 4447 lucernensem,
1262 4388 1334 4431 cum
1349 4369 1437 4430 Pauli
1449 4371 1591 4432 haeresim
1604 4372 1648 4433 sic

30 4458 77 4551 Ε
94 4457 217 4528 butue
235 4486 416 4547 personam,
441 4473 472 4529 et
490 4477 649 4548 υἱοπατορίαν
671 4468 758 4529 illam
771 4469 824 4530 de.
874 4467 1006 4547 explicat
1023 4485 1030 4525 :
1047 4464 1205 4525 Christum
1230 4462 1391 4524 hominem
1413 4461 1506 4523 fuisse
1528 4463 1648 4543 simpli·

94 4543 229 4633 turam,
243 4557 340 4619 solam
364 4557 445 4619 hanc
468 4556 584 4636 exejus
602 4555 825 4636 disciplicere·
874 4577 953 4631 cem,
969 4558 1003 4617 in
1023 4574 1097 4636 quo,
1118 4562 1268 4635 tanquam
1292 4555 1326 4615 in
1347 4552 1486 4633 quolibet
1510 4573 1549 4616 ex
1569 4556 1648 4617 Pro-

95 4637 209 4708 bream
230 4650 344 4711 erroris
369 4655 507 4729 partem,
533 4647 694 4729 repudiata
716 4649 823 4723 altera,
874 4650 984 4729 phetis,
1000 4648 1153 4709 habitaret
1163 4647 1221 4709 Dei
1231 4646 1387 4721 Verbum;
1403 4663 1442 4706 ex
1455 4665 1518 4727 quo
1529 4645 1648 4710 iactum

96 4745 145 4807 (luc
154 4736 262 4801 abram
273 4740 462 4821 professione
482 4740 703 4802 incarnationis
716 4739 827 4801 abhcr·
876 4748 932 4817 eat,
944 4749 979 4801 ut
992 4750 1113 4801 uaturae
1127 4740 1198 4800 dua
1211 4738 1328 4813 diruas,
1344 4756 1402 4800 nec
1415 4738 1496 4800 inter
1510 4757 1543 4800 se
1566 4758 1648 4801 com-

30 4832 78 4898 ἰιι
96 4823 428 4903 lebttetsubstantiram
442 4842 529 4895 ἕνωσιν
540 4832 694 4894 tollebate
708 4833 822 4894 medio.
876 4832 1027 4894 munione
1041 4830 1145 4911 aliqua
1168 4831 1285 4910 junctae
1313 4831 1438 4911 penitus
1464 4832 1496 4891 in
1525 4832 1647 4909 Christo

30 4950 31 4957 ν
98 4911 364 5005 tumsmguarem
380 4925 436 4987 Dei
448 4943 615 5006 personam
631 4943 739 4987 revera
752 4943 825 4993 cum
873 4922 1648 5000 fuerimcumaiiusessetChristus,aliushabitaus

123 5138 232 5200 «ΕΜ.
249 5144 318 5202 boer.
333 5162 398 5210 un,
413 5148 430 5215 S
452 5144 481 5201 d.
499 5145 643 5218 Περρθίντα
667 5145 695 5199 ol
717 5145 760 5200 rbi
774 5145 827 5200 cibe
876 5146 997 5219 σωτηρίας
1010 5151 1059 5200 τῶν
1072 5144 1218 5218 ἀνθρώπων,
1234 5143 1402 5216 ἀναληφθέντα
1416 5142 1441 5198 ol
1452 5138 1517 5204 αὖθις
1529 5143 1562 5204 εἰς
1571 5142 1644 5215 οὖρα-

30 5224 31 5253 l
97 5226 221 5292 written,
240 5229 323 5302 ὣσπερ
336 5229 432 5295 ἀκτῖνα,
453 5230 494 5282 καὶ
511 5227 676 5302 ἐργασάμενον
690 5229 720 5284 τά
748 5231 828 5284 πάντα
875 5229 928 5293 νον,
944 5230 978 5292 ὡς
991 5228 1123 5296 babillae
1137 5228 1286 5301 πεμφθεῖσαν
1301 5227 1396 5292 ἀκτῖνα,
1411 5228 1451 5281 καὶ
1465 5227 1538 5279 πάλιν
1553 5225 1587 5287 εἰς
1602 5225 1644 5279 τὸν

30 5258 32 5369 Ι
100 5294 155 5356 3¹³5
171 5309 248 5382 liusq»
267 5312 300 5366 τὰ
312 5317 355 5381 τῆς
376 5310 519 5385 οἰκονομίας
535 5316 579 5381 τῆς
593 5312 773 5385 camerate,
788 5312 828 5367 καί
875 5312 946 5380 ἥλιον
961 5311 1159 5384 ἀναδραμοῦσαν.

118 5498 186 5550 lien.
198 5506 214 5558 l.
224 5508 255 5553 ll
266 5511 292 5557 u
304 5513 362 5558 iris.
377 5522 398 5560 ο.
409 5522 454 5564 nt,
468 5511 483 5569 S
495 5513 579 5559 ΠΛ
592 5512 658 5558 Leon.
669 5522 684 5557 t.
695 5511 733 5565 xl,
746 5512 853 5559 citt-8
865 5511 949 5560 theod.
960 5511 1051 5559 uidit.
1069 5511 1099 5556 id.
1111 5510 1161 5556 Μ).
