4122 6248
305 320 367 389 638
817 318 1142 389 rusotoulcoautt
1168 317 1386 387 DOGMATUM

346 487 401 547 Vl.
417 485 551 561 atenim,
565 487 661 549 instat
673 487 756 569 apud
769 487 914 551 eumdem
938 487 1073 549 Athana·
1125 503 1220 566 rapax
1245 485 1416 554 habeatur,
1443 490 1478 545 ut
1499 502 1536 546 eo
1557 484 1658 563 potius
1681 482 1810 545 nomine
1836 482 1891 547 tri-

307 578 389 638 sium
402 578 599 657 Apollinaris,
615 580 675 640 hoc
696 580 762 659 ipso
776 578 889 641 diodoli
910 598 999 661 opera
1012 578 1073 640 dr's-
1123 578 1248 640 buenda
1256 579 1309 639 illa
1322 578 1372 653 sit,
1384 596 1424 639 ns
1433 577 1605 658 plurimum
1617 577 1642 637 si
1655 576 1734 636 desit
1744 576 1782 636 de
1795 576 1893 654 ipsius

305 669 393 731 solvit
414 670 563 747 Christus,
586 672 669 750 quod
690 672 814 735 nullum
835 678 995 752 peccatum
1008 672 1074 750 ipse
1122 669 1272 749 dignitate
1300 669 1438 731 decedat.
1463 670 1515 731 Sir·
1537 670 1610 731 enin
1633 667 1748 729 elevari
1766 685 1891 729 necasse

306 761 469 829 commisit.
494 764 612 825 Verum
633 763 711 824 nihil
732 764 791 824 hoc
811 768 887 840 erat,
908 762 1074 843 respondet
1122 768 1178 839 ast,
1198 763 1402 842 «quodcum
1420 780 1534 841 magno
1552 759 1778 841 praedicationis
1792 759 1890 821 mira-

305 853 357 915 ille
368 873 398 915 :a
408 873 465 916 neo
479 860 524 916 est
536 855 595 916 ista
607 855 723 936 peccati
737 855 979 917 dissolutioNon
988 854 1072 915 enim
1123 854 1191 915 culo
1201 855 1309 916 Petrus
1318 854 1556 919 commendatio
1568 851 1893 930 Christo,thulgen-

305 946 340 1009 in
354 947 474 1007 Christo
492 946 558 1029 ipso
579 947 719 1008 diabolus
741 947 780 1008 ab
801 948 889 1009 initio
911 952 1073 1028 peccatum
1123 946 1217 1021 tiu‘s¹,
1232 947 1302 1028 quia
1321 956 1469 1028 perentam
1488 965 1545 1006 nen
1562 945 1653 1025 fecit,
1682 963 1735 1006 nec
1756 948 1892 1006 ιααιιιιαι

304 1045 448 1119 operatus
462 1044 518 1116 est,
538 1044 574 1099 ut
596 1038 629 1100 in
647 1040 802 1103 mundum
822 1040 888 1120 ipso
916 1039 1070 1113 veniente,
1121 1047 1163 1101 art
1177 1037 1257 1099 dolus
1271 1040 1302 1100 ιἰι
1317 1038 1462 1120 crepas&
1472 1038 1586 1101 Namsi
1600 1037 1653 1099 Dei
1661 1036 1743 1097 filius
1752 1035 1892 1099 animam

304 1137 335 1193 et
347 1150 412 1192 nou
426 1134 583 1211 peccante,
599 1132 938 1214 peccaturusolveretur
954 1151 961 1191 :
978 1131 1072 1193 sedin
1121 1131 1291 1195 humanam
1309 1131 1403 1214 (quod
1415 1132 1499 1194 idem
1509 1138 1539 1193 et
1553 1131 1592 1192 de
1606 1135 1709 1191 mente
1722 1129 1783 1192 dici
1797 1147 1889 1210 opor·

303 1224 434 1299 ratione,
446 1222 711 1303 intelligentiaque
725 1224 854 1304 predita
866 1223 1005 1285 hominis
1018 1241 1072 1285 na·
1121 1223 1174 1306 tet)
1190 1224 1221 1285 in
1239 1224 1339 1285 carnis
1356 1229 1549 1304 susceptione
1563 1241 1628 1284 non
1644 1222 1765 1296 hahuit,
1782 1227 1814 1283 et
1832 1223 1891 1283 hoe

302 1321 374 1377 tura
396 1320 555 1395 peecatum
578 1315 666 1375 initio
695 1316 836 1377 diabolus
861 1315 971 1379 effecit.
1000 1315 1071 1376 ldeo
1121 1316 1231 1377 beatus
1267 1318 1379 1377 Petrus
1407 1317 1445 1387 de
1473 1317 1539 1396 ejus
1569 1315 1704 1377 creditur
1729 1315 1890 1376 divinitate

302 1406 491 1488 impossihde
505 1407 564 1468 fuit
577 1408 720 1473 rationali
730 1413 859 1475 natura.
877 1425 947 1487 quae
960 1407 1070 1468 volun·
1121 1408 1244 1484 dixisse,
1260 1407 1334 1487 quid
1350 1414 1406 1485 est,
1421 1407 1506 1487 quod
1520 1426 1576 1487 pro
1591 1407 1752 1485 magnoin
1764 1406 1890 1471 laudem

303 1504 365 1561 tate
380 1518 434 1559 sua
447 1504 671 1577 peceaveratet
683 1499 875 1560 damnationi
886 1499 994 1559 mortis
1007 1503 1072 1559 erat
1122 1500 1234 1565 dicitur
1252 1499 1375 1576 Christi,
1397 1501 1468 1580 quia
1488 1500 1633 1561 divinitas
1655 1500 1721 1578 ejus
1740 1499 1890 1563 immunis

303 1591 455 1665 obnoxia,
483 1589 679 1670 semetipsam
706 1609 853 1652 revocare
885 1590 919 1650 in
945 1590 1070 1651 liberta·
1122 1610 1187 1654 esse
1206 1593 1307 1672 potuit
1320 1611 1339 1653 a
1352 1593 1422 1654 laha
1442 1594 1568 1673 peccati,
1590 1609 1663 1653 eum
1685 1590 1739 1653 Dei
1758 1592 1800 1652 sit
1817 1610 1889 1670 pro·

302 1688 366 1747 tem
376 1694 401 1756 ι,
417 1706 432 1741 ο
445 1686 503 1744 etc.
516 1682 620 1743 Caruit
631 1683 734 1760 itaque
747 1682 984 1762 cogitationibus
993 1682 1068 1757 istis
1122 1685 1227 1765 prium
1241 1703 1306 1745 non
1329 1684 1430 1745 solum
1456 1683 1890 1763 nonpeooare,sedetia1na

303 1780 334 1837 et
346 1774 559 1837 adoptionibus
572 1775 673 1837 camis
687 1774 829 1855 propriu,
845 1794 881 1835 ac
898 1775 1071 1853 depravatis
1122 1783 1248 1858 peccato
1268 1776 1440 1838 salvaret»

303 1868 407 1939 anima
421 1867 542 1929 Christi
1161 1871 1213 1933 Vl.
1236 1869 1314 1931 Hinc
1330 1869 1424 1930 etiam
1441 1866 1526 1929 aliud
1545 1867 1682 1948 ejusdem
1704 1867 1891 1946 Apollinaris
1936 1895 1962 1939 n
1975 1908 2013 1949 ag

342 1961 562 2045 Epiphanius'
554 1979 588 2021 ns
613 1961 724 2022 haeresi
748 1958 988 2035 Dimoerztcrum,
1008 1959 1070 2018 sive
1122 1965 1342 2039 argumentum
1367 1960 1508 2037 diluitur,
1536 1959 1619 2038 quod
1641 1958 1757 2019 duom
1780 1959 1889 2021 eadam
1911 1947 1967 1992 ⁰⁰¹³
1975 1950 2035 1992 ‘³⁸⁸¹'

301 2053 611 2133 apollinaristarum,
653 2073 723 2134 quae
763 2058 809 2114 est
848 2050 1072 2131 septuagesima
1121 2070 1254 2131 persona
1277 2051 1391 2112 Christi
1367 2051 1642 2113 teonstituantur
1661 2058 1807 2133 ἡγεμονικι,
1831 2051 1890 2113 hoc
1911 2054 2035 2118 utram·

302 2147 443 2226 septima,
467 2145 557 2206 illum
584 2147 729 2207 eumdem
752 2144 893 2208 refellens
920 2160 1069 2210 errorem,
1122 2145 1251 2205 estduae
1266 2142 1452 2224 principales
1465 2162 1501 2205 aa
1515 2142 1890 2205 moderatriceshumana-
1943 2120 2016 2205 casi'a

302 2238 450 2305 usitatum
474 2256 598 2319 quoque
619 2237 713 2303 relert
736 2255 856 2309 eorum,
877 2254 912 2295 ac
934 2234 1073 2296 dissolvit
1122 2255 1193 2300 rum
1208 2241 1256 2297 aet
1256 2235 1365 2296 ionum
1378 2235 1549 2311 facultates,
1561 2253 1586 2295 s1
1597 2240 1733 2296 mentem
1744 2235 1889 2297 humani·
1943 2215 2017 2313 {222⁵

302 2349 455 2409 argaman
456 2336 560 2393 tturn
591 2330 679 2408 quod
709 2330 733 2389 si
769 2329 907 2391 Christus
934 2332 1072 2387 mentam
1121 2330 1191 2390 tatis
1211 2327 1545 2407 propriamhahuerit;
1558 2327 1651 2389 haec
1642 2346 1708 2407 apsa
1725 2327 1888 2406 nimirum,

301 2422 516 2502 assumpsisset
538 2422 722 2495 humanam,
748 2420 915 2500 cupiditate
942 2419 1071 2481 minime
1122 2427 1153 2482 et
1140 2421 1324 2481 tdivinitas.
1343 2421 1437 2499 Cujus
1452 2420 1583 2502 pleniori
1598 2420 1784 2481 enodatione
1796 2419 1891 2481 dilata

302 2513 470 2574 caruisset:
504 2531 574 2595 quae
606 2519 651 2573 est
686 2512 772 2591 origo
804 2511 918 2595 peccati
947 2508 969 2568 ⁶.
1014 2510 1070 2569 Cui
1121 2513 1155 2574 in
1169 2532 1242 2573 eum
1263 2512 1378 2586 locum,
1393 2512 1450 2572 uhi
1463 2514 1501 2575 de
1521 2511 1681 2573 voluntate
1695 2512 1806 2575 Christi
1825 2512 1889 2573 dis·

302 2606 488 2684 respondet;
510 2605 773 2684 quemadmodum
791 2604 835 2667 ita
853 2619 978 2665 caruem
993 2601 1069 2661 asci-
1121 2604 1293 2684 putabitur,
1308 2605 1366 2668 hac
1378 2605 1497 2669 interea
1514 2604 1639 2667 lllaximi
1658 2604 1805 2683 martyris
1820 2622 1890 2665 sen·

303 2698 357 2770 vit,
382 2702 418 2757 ut
445 2696 568 2757 nullum
598 2696 697 2759 earnis
715 2696 880 2770 defectum,
907 2693 1071 2772 labemque
1122 2697 1220 2756 tentia
1240 2697 1377 2759 contenti
1398 2696 1601 2775 erimus:qui
1624 2695 1686 2756 diro
1706 2693 1890 2776 principalia

303 2789 444 2863 senserit,
463 2789 506 2850 sie
519 2793 679 2868 assumpta
693 2792 807 2853 mente.
825 2784 903 2845 nihil
918 2803 963 2856 ea,
987 2785 1070 2863 quod
1123 2807 1240 2867 negans
1257 2790 1289 2848 in
1308 2788 1427 2849 Christo
1443 2788 1547 2863 hiisse,
1562 2806 1634 2848 cum
1649 2795 1771 2849 naturae
1789 2793 1891 2849 esseut

303 2881 464 2945 divinitate
491 2880 657 2959 indignum
685 2884 764 2940 esset
798 2877 944 2956 cogitasse
976 2896 982 2935 ι
1019 2876 1072 2937 sed
1123 2882 1249 2959 integra
1263 2881 1345 2954 due,
1365 2880 1566 2942 similitudine
1583 2880 1712 2943 hooista
1733 2879 1888 2945 declarat:

303 2991 509 3054 quaecumque
533 2973 647 3033 rationi
670 2977 760 3033 erant
779 2975 1008 3031 consentanea:
1032 2988 1072 3030 ne
1128 2998 1142 3026 a
1157 2973 1439 3049 Quemadmodum,
1453 2972 1565 3053 inquit,
1576 2972 1648 3033 lana
1661 2971 1730 3035 alba
1743 2989 1890 3052 purpurae

303 3085 384 3127 verae
394 3083 457 3126 sua
473 3064 699 3127 lucaruationis
711 3061 865 3136 ordinem,
878 3060 1073 3125 administra·
1122 3064 1224 3127 coloro
1239 3065 1343 3133 tincta,
1354 3083 1419 3127 non
1433 3071 1479 3125 est
1492 3062 1618 3139 bicolor,
1630 3064 1682 3125 sed
1697 3063 1792 3124 unius
1814 3064 1891 3124 duu-

306 3158 486 3235 tionemque
498 3155 661 3226 turbaret.
684 3154 777 3215 Addit
794 3154 933 3233 iusuper,
945 3171 1073 3232 corrup·
1122 3160 1207 3217 taxat
1227 3156 1352 3230 mloria;
1367 3156 1410 3216 sic
1422 3154 1457 3219 in
1471 3161 1628 3234 assumpta
1651 3159 1774 3227 natiue,
1800 3155 1889 3216 deili-

302 3248 397 3310 telam
418 3246 539 3309 homini
559 3246 686 3307 insitam
705 3264 770 3306 nou
791 3263 827 3305 ox
849 3250 953 3304 mente
977 3244 1072 3323 profi·
1123 3252 1190 3308 eata
1203 3247 1339 3311 hominis
1349 3252 1541 3323 montanea
1555 3245 1892 3328 siintduopriucipalia

303 3339 386 3417 cisci,
423 3359 481 3401 nec
508 3338 542 3400 in
574 3356 647 3401 eum
681 3338 777 3399 sinam
797 3337 918 3399 homini
945 3354 1072 3397 conces·
1123 3339 1204 3401 Deus
1219 3344 1249 3400 et
1267 3357 1373 3415 meus;
1389 3339 1441 3403 sad
1457 3338 1890 3419 unum3videlioetquidiri·

303 3452 367 3494 sam
396 3452 404 3492 ι
431 3432 484 3493 sed
502 3431 542 3491 ad
568 3436 698 3506 rectum,
723 3436 754 3489 et
774 3428 948 3496 naturalem
967 3446 1070 3501 usum,
1122 3448 1196 3493 nam
1219 3436 1357 3492 mentem
1379 3430 1478 3495 affecit
1501 3427 1654 3491 Deusta
1682 3431 1747 3504 Quo
1768 3431 1802 3491 in
1825 3431 1892 3493 loro

302 3525 494 3605 minimeque
516 3521 769 3602 vituperandum,
791 3539 827 3580 ac
847 3520 950 3600 potius
974 3524 1073 3580 carnis
1123 3522 1251 3582 minime
1278 3528 1324 3583 eat
1368 3522 1609 3583 existimandum
1639 3521 1772 3585 voluisse
1795 3523 1893 3587 Maxi·

303 3634 419 3676 nomen
433 3634 471 3677 ex
485 3633 543 3674 usu
569 3631 728 3676 sacrarum
746 3611 919 3673 litterarum
944 3611 1072 3673 inlamia
1122 3631 1211 3677 mum
1230 3614 1273 3675 sic
1287 3614 1464 3693 extinctam,
1490 3633 1526 3674 ac
1548 3614 1634 3676 velut
1656 3632 1775 3679 erasum
1798 3615 1892 3677 fnisse

302 3707 453 3783 laborare,
470 3722 565 3789 quam
580 3705 707 3781 mentis,
724 3705 775 3765 sed
795 3722 852 3764 nec
866 3704 952 3769 illam
967 3709 1072 3763 tamen
1122 3711 1259 3769 mentem
1270 3704 1303 3766 in
1318 3706 1430 3769 Christi
1446 3707 1549 3767 anima
1565 3725 1602 3766 ex
1617 3706 1771 3773 consortio
1782 3707 1894 3770 diuini·

303 3817 359 3881 per
373 3817 437 3860 sese
452 3795 579 3872 malam,
594 3815 630 3857 ao
645 3795 857 3876 poenitendam
871 3814 951 3871 esse;
967 3813 1070 3877 posse-
1122 3798 1201 3865 tatis,
1223 3798 1487 3876 quemadmodum
1512 3797 1592 3868 lanae
1613 3799 1729 3867 candor
1750 3799 1893 3867 aboletur

303 3909 364 3971 que
378 3890 462 3970 quod
475 3890 509 3949 in
523 3908 559 3950 ea
572 3888 692 3955 honum
713 3896 769 3963 est,
784 3887 822 3947 ah
842 3886 918 3947 vilio
941 3887 1070 3951 secerni.
1120 3908 1268 3973 purpurae
1289 3890 1403 3953 rubore
1422 3890 1580 3955 suffectus.
1606 3891 1667 3952 Sed
1687 3891 1719 3951 in
1733 3909 1771 3953 eo
1790 3892 1894 3969 potius

304 3980 484 4055 {scaettis
502 3980 689 4061 plurasanc.
715 3979 905 4061 Epiphanius
925 3979 1071 4043 adversus
1121 3981 1309 4062 comparatio
1344 3982 1437 4061 valet,
1472 3982 1556 4063 qrrod
1589 3982 1684 4057 salva,
1713 3988 1744 4044 et
1771 3983 1894 4064 integra

303 4073 488 4154 Apollinaris
501 4072 653 4134 haeresim.
1120 4080 1267 4141 manente
1297 4075 1412 4151 anima,
1436 4074 1565 4154 ejusque
1589 4074 1757 4157 principali
1790 4084 1891 4155 parte,

345 4166 426 4228 Sane
440 4164 670 4239 tantumahest,
685 4168 720 4225 ut
735 4162 848 4224 idcirco
863 4180 952 4224 mens
965 4163 1070 4225 detra·
1121 4184 1191 4249 quae
1214 4172 1261 4228 est
1280 4184 1378 4244 mens,
1404 4184 1469 4233 nou
1496 4184 1533 4227 ea
1555 4172 1660 4229 tamen
1682 4166 1893 4247 principatum

302 4257 404 4319 henda
417 4257 457 4319 sit
468 4256 614 4318 humanae
629 4254 740 4317 Christi
754 4259 886 4331 natura,
902 4273 942 4315 ne
954 4254 1071 4335 peceati
1121 4258 1224 4323 tenuit
1241 4257 1402 4320 actionum
1417 4279 1424 4318 :
1441 4258 1494 4327 sed
1508 4276 1632 4320 rumex
1651 4263 1717 4320 toto
1730 4258 1894 4327 dirinitate

338 4425 359 4465 a
377 4410 443 4464 ΑΤΕ·
470 4406 547 4462 Ἀλλὰ
560 4407 654 4480 λέγω·
671 4405 784 4478 With
798 4405 1073 4478 ἆμαρῖάΰαιιᾶλλόὗκ
1157 4408 1259 4466 elbld.
1285 4404 1456 4483 Ὦςοῦνέντῃ
1470 4409 1541 4482 σαρκὶ
1554 4409 1696 4477 ἠλαττώθη,
1711 4409 1800 4481 καίπερ
1812 4409 1893 4478 huh-

302 4490 368 4545 ἔστιν
384 4491 444 4558 αὕτη
453 4490 521 4554 λύσις
533 4495 577 4558 τῆς
591 4489 719 4561 ἁμαρτιας.
735 4487 764 4541 αὖ
777 4488 825 4560 γὰρ
837 4486 861 4540 ἐν
872 4486 956 4559 ἐκείνῳ
966 4487 1070 4560 ἀρχῆθεν
1119 4490 1162 4559 νὴο
1178 4493 1256 4564 σάρκα
1271 4492 1335 4567 ἔχων
1355 4491 1431 4546 ἐλθὼν
1445 4492 1460 4546 d
1477 4493 1562 4564 λόγος,
1578 4492 1634 4545 stol
1658 4490 1682 4544 ἐν
1697 4497 1732 4563 τῷ
1750 4497 1787 4563 νῷ
1811 4492 1843 4546 τὰ
1859 4493 1892 4565 μὴ

302 4572 432 4647 εἰργάσατο
450 4577 464 4627 ὁ
480 4573 594 4635 oratoru
607 4570 652 4640 τὴν
667 4571 798 4644 ἁμαρτίαν,
811 4570 854 4623 ἵνα
868 4569 980 4632 ἐλθόντος
996 4569 1071 4624 adrat
1120 4574 1243 4645 πρέποντα
1262 4580 1293 4647 τῇ
1314 4570 1390 4629 αὐτοῖο
1411 4575 1506 4642 trama
1526 4576 1689 4642 διανενόηται·
1715 4572 1772 4625 ἀλλ’
1793 4575 1843 4627 ὅσα
1862 4573 1892 4644 ἦν

303 4654 337 4719 εἰς
350 4656 391 4711 rba
408 4657 512 4727 stupor,
526 4657 567 4709 καὶ
588 4655 620 4728 μὴ
640 4654 824 4727 ἁμαρτήσαντος
845 4654 906 4720 loti}
920 4653 936 4720 ὴ
951 4653 1069 4725 άραρτια.
1121 4656 1210 4729 εὔλογα
1224 4657 1304 4730 σαρκὶ,
1315 4658 1355 4710 καὶ
1369 4658 1445 4731 ψυχῇ,
1456 4657 1496 4710 καὶ
1509 4662 1545 4729 νῷ
1558 4657 1712 4729 daipertus.
1728 4663 1783 4711 elo.

183 4768 184 4771 =
302 4738 359 4791 ἀλλ’
374 4736 439 4810 irs-‚il
454 4739 552 4811 λογικῇ,
570 4740 610 4791 καὶ
626 4739 701 4809 νοερᾷ
712 4736 779 4807 φύσει
793 4740 836 4790 τοῦ
851 4735 977 4808 ἀνθρώπου
992 4735 1069 4809 άρχῆ·
1156 4740 1300 4798 dMsxln.
1316 4740 1483 4812 apudEuth.
1501 4740 1625 4811 Panopl.
1642 4741 1682 4794 tit.
1701 4740 1759 4796 Vll.
1779 4739 1891 4812 Καθὸερ

300 4822 340 4876 θεν
355 4820 484 4894 εἰργάσατο
498 4820 610 4884 ὃιάάολος
623 4820 667 4888 τὴν
678 4819 809 4892 ἁμαρτίαν.
818 4818 859 4872 διὰ
868 4823 941 4873 τοῦτο
952 4818 1070 4873 ἀδύνατον
1120 4824 1150 4875 τὸ
1160 4823 1246 4877 λευκὸν
1262 4828 1305 4890 τῆς
1317 4822 1383 4895 ἐρέας
1398 4822 1571 4897 καταγρωαιὲν
1584 4825 1701 4894 γρώρατι
1713 4823 1838 4894 πορράρας
1847 4822 1891 4876 oda

301 4906 387 4977 γιγονε
401 4904 509 4978 riulan
520 4904 607 4976 λογικῇ
626 4902 697 4975 οὔσῃ,
712 4902 753 4955 καὶ
770 4901 885 4963 ἑκουσίως
898 4902 1069 4977 dupundiu,
1120 4903 1172 4958 ἔστι
1184 4906 1322 4979 alpheae,
1334 4904 1400 4958 atta
1419 4908 1593 4979 ρονιχρωρον·
1605 4905 1683 4967 οὕτως
1698 4905 1746 4977 ἄρα
1759 4906 1801 4958 καὶ
1815 4904 1840 4958 ιε
1854 4910 1890 4976 sp

301 4987 343 5040 acl
364 4987 412 5041 aaa
425 4986 555 5053 καταδίκην
576 4985 679 5039 θανάτου
699 4984 818 5057 γενομένῃ
843 4983 929 5052 ἑαυτὴν
953 4983 1072 5037 άνακαλά-
1119 4989 1294 5061 πρααλήρρατι
1303 4989 1435 5050 θεαθέντος
1448 4993 1491 5042 τοῦ
1503 4978 1654 5059 &viperinae
1665 4993 1719 5054 νοῦ,
1734 4987 1764 5040 οὗ
1775 4988 1820 5041 δύο
1832 4988 1887 5060 issa·

302 5072 389 5124 αααθαι
403 5069 435 5133 εἰς
449 5068 594 5141 titularius.
1121 5072 1210 5143 μονικά
1231 5070 1287 5137 αἷσι,
1307 5070 1361 5133 latr
1376 5071 1417 5124 καὶ
1430 5076 1499 5135 νοῦς,
1513 5069 1570 5123 ἀλλ’
1583 5070 1619 5136 ir,
1639 5070 1654 5125 ὃ
1670 5069 1763 5133 decim
1777 5071 1819 5126 rho
1833 5076 1889 5125 scer

339 5154 355 5209 l>
373 5154 470 5209 Erras.
486 5151 554 5208 haer.
572 5154 698 5220 rrsr11,§
711 5151 757 5208 27.
783 5147 860 5204 Ἀλλὰ
878 5148 1072 5220 ρηοιν,οιλιγω
1119 5152 1182 5216 θοις.

303 5236 407 5289 transtu
424 5232 521 5305 εἴληφεν
531 5232 692 5305 άνθρώιιινον·
713 5232 795 5302 ἐπειδὴ
818 5230 866 5304 γάρ
880 5229 905 5284 ir
919 5231 978 5305 tnta
993 5227 1072 5285 lurda·
1160 5281 1162 5284 .

303 5316 381 5389 pur-lg
394 5317 408 5372 ὗ
421 5321 476 5379 νοῦς
484 5316 611 5389 τυγχάνει,
623 5321 678 5372 elo.

330 5454 341 5503 t
356 5456 422 5527 intr.
432 5466 440 5504 ι
449 5454 478 5504 αι
490 5458 552 5505 nu.
565 5454 673 5503 anna
686 5456 696 5505 l
707 5457 754 5504 Pet.
764 5465 790 5509 u,
803 5464 857 5507 xm.
