<?xml version="1.0" encoding="UTF-8"?>
<!DOCTYPE html PUBLIC "-//W3C//DTD XHTML 1.0 Transitional//EN"
    "http://www.w3.org/TR/xhtml1/DTD/xhtml1-transitional.dtd">
<html xmlns="http://www.w3.org/1999/xhtml" xml:lang="en" lang="en">
 <head>
  <title>
</title>
<meta http-equiv="Content-Type" content="text/html;charset=utf-8" />
  <meta name='ocr-system' content='tesseract 3.04.00' />
  <meta name='ocr-capabilities' content='ocr_page ocr_carea ocr_par ocr_line ocrx_word'/>
</head>
<body>
  <div class='ocr_page' id='page_1' title='image "./dogmatatheologi00unkngoog_0529.png"; bbox 0 0 4072 6164; ppageno 0'>
   <div class='ocr_carea' id='block_1_1' title="bbox 332 290 1411 362">
    <p class='ocr_par' dir='ltr' id='par_1_1' title="bbox 332 290 1411 362">
     <span class='ocr_line' id='line_1_1' title="bbox 332 290 1411 362; baseline -0.005 0"><span class='ocrx_word' id='word_1_1' title='bbox 332 298 393 362; x_wconf 70' lang='grc'>498</span> <span class='ocrx_word' id='word_1_2' title='bbox 832 290 1159 357; x_wconf 79' lang='lat' dir='ltr'>THEOLOGICORUM</span> <span class='ocrx_word' id='word_1_3' title='bbox 1179 293 1411 359; x_wconf 76' lang='lat' dir='ltr'><strong>DOGMATUM.</strong></span> 
     </span>
    </p>
   </div>
   <div class='ocr_carea' id='block_1_2' title="bbox 330 456 1914 912">
    <p class='ocr_par' dir='ltr' id='par_1_2' title="bbox 330 456 1914 912">
     <span class='ocr_line' id='line_1_2' title="bbox 332 456 1908 545; baseline -0.001 -19"><span class='ocrx_word' id='word_1_4' title='bbox 332 469 450 526; x_wconf 85' lang='lat' dir='ltr'>cretam</span> <span class='ocrx_word' id='word_1_5' title='bbox 470 462 687 543; x_wconf 72' lang='lat' dir='ltr'>quantitatem,</span> <span class='ocrx_word' id='word_1_6' title='bbox 708 460 800 521; x_wconf 82' lang='lat' dir='ltr'>uuus</span> <span class='ocrx_word' id='word_1_7' title='bbox 819 461 929 522; x_wconf 88' lang='lat' dir='ltr'>saltem</span> <span class='ocrx_word' id='word_1_8' title='bbox 948 460 1094 540; x_wconf 78' lang='lat' dir='ltr'>generis:</span> <span class='ocrx_word' id='word_1_9' title='bbox 1146 465 1264 538; x_wconf 78' lang='lat' dir='ltr'>gerent.</span> <span class='ocrx_word' id='word_1_10' title='bbox 1278 461 1391 522; x_wconf 79' lang='lat' dir='ltr'>Contra</span> <span class='ocrx_word' id='word_1_11' title='bbox 1402 476 1480 540; x_wconf 90' lang='lat' dir='ltr'>quos</span> <span class='ocrx_word' id='word_1_12' title='bbox 1493 456 1633 524; x_wconf 75' lang='lat' dir='ltr'>catholici</span> <span class='ocrx_word' id='word_1_13' title='bbox 1644 456 1703 542; x_wconf 90' lang='lat' dir='ltr'>ipsi</span> <span class='ocrx_word' id='word_1_14' title='bbox 1714 478 1772 542; x_wconf 90' lang='lat' dir='ltr'>pro</span> <span class='ocrx_word' id='word_1_15' title='bbox 1785 462 1908 545; x_wconf 77' lang='lat' dir='ltr'>cyrillo,</span> 
     </span>
     <span class='ocr_line' id='line_1_3' title="bbox 331 552 1909 636; baseline 0 -19"><span class='ocrx_word' id='word_1_16' title='bbox 331 556 481 636; x_wconf 85' lang='lat' dir='ltr'>quoniam</span> <span class='ocrx_word' id='word_1_17' title='bbox 494 555 633 616; x_wconf 87' lang='lat' dir='ltr'>humana</span> <span class='ocrx_word' id='word_1_18' title='bbox 645 562 757 614; x_wconf 86' lang='lat' dir='ltr'>natura</span> <span class='ocrx_word' id='word_1_19' title='bbox 776 568 849 613; x_wconf 89' lang='lat' dir='ltr'>cum</span> <span class='ocrx_word' id='word_1_20' title='bbox 870 553 975 614; x_wconf 87' lang='lat' dir='ltr'>divina</span> <span class='ocrx_word' id='word_1_21' title='bbox 1000 552 1099 613; x_wconf 79' lang='lat' dir='ltr'>cohae-</span> <span class='ocrx_word' id='word_1_22' title='bbox 1146 552 1193 612; x_wconf 89' lang='lat' dir='ltr'>uti</span> <span class='ocrx_word' id='word_1_23' title='bbox 1206 571 1263 632; x_wconf 90' lang='lat' dir='ltr'>par</span> <span class='ocrx_word' id='word_1_24' title='bbox 1276 556 1356 628; x_wconf 90' lang='lat' dir='ltr'>erat,</span> <span class='ocrx_word' id='word_1_25' title='bbox 1371 570 1437 614; x_wconf 90' lang='lat' dir='ltr'>non</span> <span class='ocrx_word' id='word_1_26' title='bbox 1450 554 1554 615; x_wconf 91' lang='lat' dir='ltr'>minus</span> <span class='ocrx_word' id='word_1_27' title='bbox 1567 570 1663 633; x_wconf 90' lang='lat' dir='ltr'>quam</span> <span class='ocrx_word' id='word_1_28' title='bbox 1676 572 1731 634; x_wconf 92' lang='lat' dir='ltr'>pro</span> <span class='ocrx_word' id='word_1_29' title='bbox 1746 553 1818 616; x_wconf 88' lang='lat' dir='ltr'>fidei</span> <span class='ocrx_word' id='word_1_30' title='bbox 1830 556 1909 617; x_wconf 88' lang='lat' dir='ltr'>inte·</span> 
     </span>
     <span class='ocr_line' id='line_1_4' title="bbox 331 644 1910 727; baseline -0.001 -18"><span class='ocrx_word' id='word_1_31' title='bbox 331 653 391 724; x_wconf 90' lang='lat' dir='ltr'>ret,</span> <span class='ocrx_word' id='word_1_32' title='bbox 409 662 467 709; x_wconf 87' lang='lat' dir='ltr'>noc</span> <span class='ocrx_word' id='word_1_33' title='bbox 483 660 540 727; x_wconf 86' lang='lat' dir='ltr'>per</span> <span class='ocrx_word' id='word_1_34' title='bbox 562 662 595 707; x_wconf 91' lang='lat' dir='ltr'>se</span> <span class='ocrx_word' id='word_1_35' title='bbox 608 646 673 707; x_wconf 88' lang='lat' dir='ltr'>sola</span> <span class='ocrx_word' id='word_1_36' title='bbox 696 645 918 718; x_wconf 76' lang='lat' dir='ltr'>consideratur,</span> <span class='ocrx_word' id='word_1_37' title='bbox 946 649 1098 723; x_wconf 72' lang='lat' dir='ltr'>quaterem</span> <span class='ocrx_word' id='word_1_38' title='bbox 1145 644 1257 722; x_wconf 75' lang='lat' dir='ltr'>gnitate</span> <span class='ocrx_word' id='word_1_39' title='bbox 1271 650 1444 721; x_wconf 73' lang='lat' dir='ltr'>certantes,</span> <span class='ocrx_word' id='word_1_40' title='bbox 1459 646 1560 707; x_wconf 81' lang='lat' dir='ltr'>varies</span> <span class='ocrx_word' id='word_1_41' title='bbox 1574 644 1608 705; x_wconf 93' lang='lat' dir='ltr'>ln</span> <span class='ocrx_word' id='word_1_42' title='bbox 1622 647 1798 721; x_wconf 87' lang='lat' dir='ltr'>sententias,</span> <span class='ocrx_word' id='word_1_43' title='bbox 1814 647 1910 708; x_wconf 89' lang='lat' dir='ltr'>inter-</span> 
     </span>
     <span class='ocr_line' id='line_1_5' title="bbox 331 730 1913 818; baseline -0.001 -16"><span class='ocrx_word' id='word_1_44' title='bbox 331 739 447 815; x_wconf 81' lang='lat' dir='ltr'>axlstit,</span> <span class='ocrx_word' id='word_1_45' title='bbox 470 752 506 801; x_wconf 88' lang='lat' dir='ltr'>ac</span> <span class='ocrx_word' id='word_1_46' title='bbox 527 730 668 800; x_wconf 70' lang='lat' dir='ltr'>subsistit</span> <span class='ocrx_word' id='word_1_47' title='bbox 684 746 770 813; x_wconf 83' lang='lat' dir='ltr'>octu3</span> <span class='ocrx_word' id='word_1_48' title='bbox 787 737 841 798; x_wconf 90' lang='lat' dir='ltr'>sed</span> <span class='ocrx_word' id='word_1_49' title='bbox 862 736 896 798; x_wconf 95' lang='lat' dir='ltr'>in</span> <span class='ocrx_word' id='word_1_50' title='bbox 909 736 1041 817; x_wconf 88' lang='lat' dir='ltr'>potiore,</span> <span class='ocrx_word' id='word_1_51' title='bbox 1061 750 1098 797; x_wconf 88' lang='lat' dir='ltr'>ac</span> <span class='ocrx_word' id='word_1_52' title='bbox 1145 735 1394 816; x_wconf 79' lang='lat' dir='ltr'>pretattoneequc</span> <span class='ocrx_word' id='word_1_53' title='bbox 1408 732 1545 798; x_wconf 82' lang='lat' dir='ltr'>distracti</span> <span class='ocrx_word' id='word_1_54' title='bbox 1561 741 1652 813; x_wconf 89' lang='lat' dir='ltr'>sunt;</span> <span class='ocrx_word' id='word_1_55' title='bbox 1672 742 1709 798; x_wconf 92' lang='lat' dir='ltr'>ut</span> <span class='ocrx_word' id='word_1_56' title='bbox 1721 752 1868 818; x_wconf 85' lang='lat' dir='ltr'>appareat</span> <span class='ocrx_word' id='word_1_57' title='bbox 1881 746 1913 801; x_wconf 87' lang='lat' dir='ltr'>et</span> 
     </span>
     <span class='ocr_line' id='line_1_6' title="bbox 330 822 1914 912; baseline -0.001 -19"><span class='ocrx_word' id='word_1_58' title='bbox 330 848 386 912; x_wconf 91' lang='lat' dir='ltr'>par</span> <span class='ocrx_word' id='word_1_59' title='bbox 398 831 508 912; x_wconf 87' lang='lat' dir='ltr'>ipsam.</span> <span class='ocrx_word' id='word_1_60' title='bbox 1146 825 1269 888; x_wconf 88' lang='lat' dir='ltr'>difficile</span> <span class='ocrx_word' id='word_1_61' title='bbox 1292 826 1565 907; x_wconf 83' lang='lat' dir='ltr'>adexplicandum</span> <span class='ocrx_word' id='word_1_62' title='bbox 1578 822 1914 910; x_wconf 81' lang='lat' dir='ltr'>visumessepronun-</span> 
     </span>
    </p>
   </div>
   <div class='ocr_carea' id='block_1_3' title="bbox 290 916 2026 3478">
    <p class='ocr_par' dir='ltr' id='par_1_3' title="bbox 290 916 2026 3478">
     <span class='ocr_line' id='line_1_7' title="bbox 1146 916 1917 1000; baseline 0.006 -22"><span class='ocrx_word' id='word_1_63' title='bbox 1146 916 1257 978; x_wconf 90' lang='lat' dir='ltr'>tiatum</span> <span class='ocrx_word' id='word_1_64' title='bbox 1276 918 1370 995; x_wconf 90' lang='lat' dir='ltr'>illud;</span> <span class='ocrx_word' id='word_1_65' title='bbox 1384 925 1415 981; x_wconf 91' lang='lat' dir='ltr'>et</span> <span class='ocrx_word' id='word_1_66' title='bbox 1427 919 1462 981; x_wconf 92' lang='lat' dir='ltr'>in</span> <span class='ocrx_word' id='word_1_67' title='bbox 1473 938 1510 981; x_wconf 90' lang='lat' dir='ltr'>eo</span> <span class='ocrx_word' id='word_1_68' title='bbox 1524 918 1706 982; x_wconf 75' lang='lat' dir='ltr'>Christiana</span> <span class='ocrx_word' id='word_1_69' title='bbox 1720 918 1917 1000; x_wconf 74' lang='lat' dir='ltr'>professionis</span> 
     </span>
     <span class='ocr_line' id='line_1_8' title="bbox 1145 1006 1914 1076; baseline 0.008 -7"><span class='ocrx_word' id='word_1_70' title='bbox 1145 1006 1231 1070; x_wconf 90' lang='lat' dir='ltr'>haud</span> <span class='ocrx_word' id='word_1_71' title='bbox 1245 1010 1312 1072; x_wconf 89' lang='lat' dir='ltr'>leve</span> <span class='ocrx_word' id='word_1_72' title='bbox 1332 1026 1397 1073; x_wconf 90' lang='lat' dir='ltr'>esse</span> <span class='ocrx_word' id='word_1_73' title='bbox 1411 1016 1607 1073; x_wconf 89' lang='lat' dir='ltr'>momentum</span> <span class='ocrx_word' id='word_1_74' title='bbox 1627 1010 1790 1075; x_wconf 80' lang='lat' dir='ltr'>arbitratos</span> <span class='ocrx_word' id='word_1_75' title='bbox 1807 1008 1914 1076; x_wconf 79' lang='lat' dir='ltr'>luisse.</span> 
     </span>
     <span class='ocr_line' id='line_1_9' title="bbox 1146 1089 1915 1186; baseline 0.008 -25"><span class='ocrx_word' id='word_1_76' title='bbox 1146 1100 1240 1179; x_wconf 81' lang='lat' dir='ltr'>Cujus</span> <span class='ocrx_word' id='word_1_77' title='bbox 1253 1102 1299 1164; x_wconf 90' lang='lat' dir='ltr'>rei</span> <span class='ocrx_word' id='word_1_78' title='bbox 1310 1120 1424 1180; x_wconf 80' lang='lat' dir='ltr'>magno</span> <span class='ocrx_word' id='word_1_79' title='bbox 1441 1109 1516 1165; x_wconf 88' lang='lat' dir='ltr'>sunt</span> <span class='ocrx_word' id='word_1_80' title='bbox 1526 1089 1641 1165; x_wconf 75' lang='lat' dir='ltr'>indi‘clo</span> <span class='ocrx_word' id='word_1_81' title='bbox 1655 1104 1761 1166; x_wconf 78' lang='lat' dir='ltr'>multa</span> <span class='ocrx_word' id='word_1_82' title='bbox 1776 1098 1816 1166; x_wconf 91' lang='lat' dir='ltr'>ab</span> <span class='ocrx_word' id='word_1_83' title='bbox 1829 1104 1915 1186; x_wconf 89' lang='lat' dir='ltr'>ipsis,</span> 
     </span>
     <span class='ocr_line' id='line_1_10' title="bbox 543 1159 1916 1275; baseline 0.008 -28"><span class='ocrx_word' id='word_1_84' title='bbox 543 1161 748 1247; x_wconf 83' lang='lat' dir='ltr'>CAPUT</span> <span class='ocrx_word' id='word_1_85' title='bbox 809 1159 883 1244; x_wconf 84' lang='lat' dir='ltr'>Vl·</span> <span class='ocrx_word' id='word_1_86' title='bbox 1145 1206 1182 1252; x_wconf 90' lang='lat' dir='ltr'>ao</span> <span class='ocrx_word' id='word_1_87' title='bbox 1196 1193 1276 1256; x_wconf 90' lang='lat' dir='ltr'>benc</span> <span class='ocrx_word' id='word_1_88' title='bbox 1290 1193 1392 1275; x_wconf 78' lang='lat' dir='ltr'>longae</span> <span class='ocrx_word' id='word_1_89' title='bbox 1410 1193 1450 1257; x_wconf 90' lang='lat' dir='ltr'>ad</span> <span class='ocrx_word' id='word_1_90' title='bbox 1462 1192 1547 1256; x_wconf 89' lang='lat' dir='ltr'>illius</span> <span class='ocrx_word' id='word_1_91' title='bbox 1558 1192 1798 1259; x_wconf 85' lang='lat' dir='ltr'>declarationem</span> <span class='ocrx_word' id='word_1_92' title='bbox 1815 1196 1868 1259; x_wconf 84' lang='lat' dir='ltr'>vel</span> <span class='ocrx_word' id='word_1_93' title='bbox 1878 1214 1916 1260; x_wconf 83' lang='lat' dir='ltr'>ex</span> 
     </span>
     <span class='ocr_line' id='line_1_11' title="bbox 1145 1284 1916 1367; baseline 0.008 -23"><span class='ocrx_word' id='word_1_94' title='bbox 1145 1284 1281 1364; x_wconf 85' lang='lat' dir='ltr'>professo</span> <span class='ocrx_word' id='word_1_95' title='bbox 1295 1286 1417 1367; x_wconf 77' lang='lat' dir='ltr'>scriptia</span> <span class='ocrx_word' id='word_1_96' title='bbox 1438 1284 1672 1367; x_wconf 82' lang='lat' dir='ltr'>disputationes,</span> <span class='ocrx_word' id='word_1_97' title='bbox 1687 1286 1737 1349; x_wconf 85' lang='lat' dir='ltr'>vel</span> <span class='ocrx_word' id='word_1_98' title='bbox 1749 1284 1838 1353; x_wconf 87' lang='lat' dir='ltr'>libris</span> <span class='ocrx_word' id='word_1_99' title='bbox 1852 1286 1916 1350; x_wconf 87' lang='lat' dir='ltr'>suls</span> 
     </span>
     <span class='ocr_line' id='line_1_12' title="bbox 1145 1374 1916 1460; baseline 0.008 -24"><span class='ocrx_word' id='word_1_100' title='bbox 1145 1375 1319 1453; x_wconf 83' lang='lat' dir='ltr'>inculcatae,</span> <span class='ocrx_word' id='word_1_101' title='bbox 1348 1385 1379 1439; x_wconf 90' lang='lat' dir='ltr'>et</span> <span class='ocrx_word' id='word_1_102' title='bbox 1402 1379 1544 1455; x_wconf 80' lang='lat' dir='ltr'>intextas,</span> <span class='ocrx_word' id='word_1_103' title='bbox 1570 1392 1705 1460; x_wconf 89' lang='lat' dir='ltr'>quorum</span> <span class='ocrx_word' id='word_1_104' title='bbox 1729 1374 1916 1444; x_wconf 86' lang='lat' dir='ltr'>alterutrum</span> 
     </span>
     <span class='ocr_line' id='line_1_13' title="bbox 328 1464 1916 1554; baseline 0.001 -20"><span class='ocrx_word' id='word_1_105' title='bbox 328 1474 374 1535; x_wconf 85' lang='lat' dir='ltr'>Dc</span> <span class='ocrx_word' id='word_1_106' title='bbox 395 1469 501 1532; x_wconf 79' lang='lat' dir='ltr'>celebri</span> <span class='ocrx_word' id='word_1_107' title='bbox 519 1467 661 1530; x_wconf 69' lang='lat' dir='ltr'>unimus</span> <span class='ocrx_word' id='word_1_108' title='bbox 678 1465 795 1548; x_wconf 62' lang='lat' dir='ltr'>cautu</span> <span class='ocrx_word' id='word_1_109' title='bbox 812 1464 1035 1531; x_wconf 73' lang='lat' dir='ltr'>Alexandrini:</span> <span class='ocrx_word' id='word_1_110' title='bbox 1050 1470 1097 1529; x_wconf 77' lang='lat' dir='ltr'>Es</span> <span class='ocrx_word' id='word_1_111' title='bbox 1145 1484 1238 1529; x_wconf 90' lang='lat' dir='ltr'>nemo</span> <span class='ocrx_word' id='word_1_112' title='bbox 1255 1468 1319 1531; x_wconf 85' lang='lat' dir='ltr'>iere</span> <span class='ocrx_word' id='word_1_113' title='bbox 1340 1470 1550 1551; x_wconf 72' lang='lat' dir='ltr'>praetermisit,</span> <span class='ocrx_word' id='word_1_114' title='bbox 1576 1472 1630 1552; x_wconf 88' lang='lat' dir='ltr'>qui</span> <span class='ocrx_word' id='word_1_115' title='bbox 1654 1470 1801 1535; x_wconf 86' lang='lat' dir='ltr'>adversus</span> <span class='ocrx_word' id='word_1_116' title='bbox 1820 1472 1916 1554; x_wconf 76' lang='lat' dir='ltr'>auq-</span> 
     </span>
     <span class='ocr_line' id='line_1_14' title="bbox 367 1557 1914 1643; baseline 0.002 -18"><span class='ocrx_word' id='word_1_117' title='bbox 367 1562 488 1625; x_wconf 88' lang='lat' dir='ltr'>duabus</span> <span class='ocrx_word' id='word_1_118' title='bbox 513 1559 633 1622; x_wconf 88' lang='lat' dir='ltr'>nataris</span> <span class='ocrx_word' id='word_1_119' title='bbox 666 1557 840 1620; x_wconf 89' lang='lat' dir='ltr'>unitionem</span> <span class='ocrx_word' id='word_1_120' title='bbox 869 1576 933 1622; x_wconf 89' lang='lat' dir='ltr'>esse</span> <span class='ocrx_word' id='word_1_121' title='bbox 959 1560 1094 1622; x_wconf 77' lang='lat' dir='ltr'>lactamt</span> <span class='ocrx_word' id='word_1_122' title='bbox 1144 1559 1287 1622; x_wconf 88' lang='lat' dir='ltr'>chianam</span> <span class='ocrx_word' id='word_1_123' title='bbox 1300 1562 1443 1624; x_wconf 74' lang='lat' dir='ltr'>haeresim</span> <span class='ocrx_word' id='word_1_124' title='bbox 1462 1566 1532 1643; x_wconf 91' lang='lat' dir='ltr'>post</span> <span class='ocrx_word' id='word_1_125' title='bbox 1552 1562 1799 1627; x_wconf 83' lang='lat' dir='ltr'>Chalcedonense</span> <span class='ocrx_word' id='word_1_126' title='bbox 1811 1560 1914 1628; x_wconf 88' lang='lat' dir='ltr'>conci·</span> 
     </span>
     <span class='ocr_line' id='line_1_15' title="bbox 367 1650 1688 1735; baseline 0.002 -20"><span class='ocrx_word' id='word_1_127' title='bbox 367 1660 439 1734; x_wconf 89' lang='lat' dir='ltr'>post</span> <span class='ocrx_word' id='word_1_128' title='bbox 457 1650 632 1714; x_wconf 89' lang='lat' dir='ltr'>unitionem</span> <span class='ocrx_word' id='word_1_129' title='bbox 649 1666 724 1712; x_wconf 80' lang='lat' dir='ltr'>vero</span> <span class='ocrx_word' id='word_1_130' title='bbox 746 1665 844 1713; x_wconf 90' lang='lat' dir='ltr'>unam</span> <span class='ocrx_word' id='word_1_131' title='bbox 866 1668 931 1714; x_wconf 88' lang='lat' dir='ltr'>essa</span> <span class='ocrx_word' id='word_1_132' title='bbox 952 1658 1097 1713; x_wconf 88' lang='lat' dir='ltr'>naturam</span> <span class='ocrx_word' id='word_1_133' title='bbox 1144 1650 1223 1714; x_wconf 88' lang='lat' dir='ltr'>lium</span> <span class='ocrx_word' id='word_1_134' title='bbox 1235 1653 1340 1735; x_wconf 85' lang='lat' dir='ltr'>scripti</span> <span class='ocrx_word' id='word_1_135' title='bbox 1355 1652 1473 1735; x_wconf 87' lang='lat' dir='ltr'>aliquid</span> <span class='ocrx_word' id='word_1_136' title='bbox 1486 1654 1688 1718; x_wconf 80' lang='lat' dir='ltr'>elucubravit.</span> 
     </span>
     <span class='ocr_line' id='line_1_16' title="bbox 367 1743 1915 1828; baseline 0.003 -21"><span class='ocrx_word' id='word_1_137' title='bbox 367 1745 461 1807; x_wconf 81' lang='lat' dir='ltr'>Verbi</span> <span class='ocrx_word' id='word_1_138' title='bbox 474 1746 667 1807; x_wconf 87' lang='lat' dir='ltr'>incarnatam</span> <span class='ocrx_word' id='word_1_139' title='bbox 680 1743 860 1805; x_wconf 81' lang='lat' dir='ltr'>inchristo.</span> <span class='ocrx_word' id='word_1_140' title='bbox 877 1746 907 1805; x_wconf 88' lang='lat' dir='ltr'>t.</span> <span class='ocrx_word' id='word_1_141' title='bbox 928 1744 1096 1807; x_wconf 76' lang='lat' dir='ltr'>Consilium</span> <span class='ocrx_word' id='word_1_142' title='bbox 1185 1745 1230 1805; x_wconf 85' lang='lat' dir='ltr'>lla</span> <span class='ocrx_word' id='word_1_143' title='bbox 1251 1758 1286 1807; x_wconf 90' lang='lat' dir='ltr'>re</span> <span class='ocrx_word' id='word_1_144' title='bbox 1306 1763 1364 1808; x_wconf 92' lang='lat' dir='ltr'>nos</span> <span class='ocrx_word' id='word_1_145' title='bbox 1378 1746 1513 1823; x_wconf 88' lang='lat' dir='ltr'>adducti,</span> <span class='ocrx_word' id='word_1_146' title='bbox 1535 1748 1662 1828; x_wconf 76' lang='lat' dir='ltr'>quade</span> <span class='ocrx_word' id='word_1_147' title='bbox 1684 1748 1772 1810; x_wconf 86' lang='lat' dir='ltr'>tanta</span> <span class='ocrx_word' id='word_1_148' title='bbox 1793 1750 1915 1811; x_wconf 88' lang='lat' dir='ltr'>contro-</span> 
     </span>
     <span class='ocr_line' id='line_1_17' title="bbox 366 1835 1914 1916; baseline 0.001 -15"><span class='ocrx_word' id='word_1_149' title='bbox 366 1837 528 1901; x_wconf 83' lang='lat' dir='ltr'>troctcadu</span> <span class='ocrx_word' id='word_1_150' title='bbox 556 1837 640 1898; x_wconf 79' lang='lat' dir='ltr'>istius</span> <span class='ocrx_word' id='word_1_151' title='bbox 660 1836 852 1916; x_wconf 76' lang='lat' dir='ltr'>questionu:</span> <span class='ocrx_word' id='word_1_152' title='bbox 867 1837 898 1897; x_wconf 74' lang='lat' dir='ltr'>t.</span> <span class='ocrx_word' id='word_1_153' title='bbox 928 1835 1041 1912; x_wconf 80' lang='lat' dir='ltr'>Quibus</span> <span class='ocrx_word' id='word_1_154' title='bbox 1062 1836 1096 1898; x_wconf 86' lang='lat' dir='ltr'>iu</span> <span class='ocrx_word' id='word_1_155' title='bbox 1144 1835 1244 1898; x_wconf 86' lang='lat' dir='ltr'>versia</span> <span class='ocrx_word' id='word_1_156' title='bbox 1263 1838 1390 1899; x_wconf 88' lang='lat' dir='ltr'>illorum</span> <span class='ocrx_word' id='word_1_157' title='bbox 1415 1854 1454 1901; x_wconf 84' lang='lat' dir='ltr'>ax</span> <span class='ocrx_word' id='word_1_158' title='bbox 1480 1836 1681 1902; x_wconf 88' lang='lat' dir='ltr'>monimentis</span> <span class='ocrx_word' id='word_1_159' title='bbox 1708 1846 1817 1902; x_wconf 85' lang='lat' dir='ltr'>notata</span> <span class='ocrx_word' id='word_1_160' title='bbox 1840 1841 1914 1902; x_wconf 88' lang='lat' dir='ltr'>dili·</span> 
     </span>
     <span class='ocr_line' id='line_1_18' title="bbox 366 1925 1912 2013; baseline 0.002 -22"><span class='ocrx_word' id='word_1_161' title='bbox 366 1930 437 1992; x_wconf 82' lang='lat' dir='ltr'>tocr&#39;s</span> <span class='ocrx_word' id='word_1_162' title='bbox 449 1929 622 1991; x_wconf 80' lang='lat' dir='ltr'>senteutiam</span> <span class='ocrx_word' id='word_1_163' title='bbox 643 1926 727 1990; x_wconf 78' lang='lat' dir='ltr'>illum</span> <span class='ocrx_word' id='word_1_164' title='bbox 750 1925 886 2009; x_wconf 79' lang='lat' dir='ltr'>Cyrilius</span> <span class='ocrx_word' id='word_1_165' title='bbox 902 1928 1093 2009; x_wconf 73' lang='lat' dir='ltr'>expresserit.</span> <span class='ocrx_word' id='word_1_166' title='bbox 1143 1929 1912 2013; x_wconf 75' lang='lat' dir='ltr'>genterhahehamus,huncinlocumconjecimus3</span> 
     </span>
     <span class='ocr_line' id='line_1_19' title="bbox 366 2018 1913 2106; baseline 0.001 -22"><span class='ocrx_word' id='word_1_167' title='bbox 366 2024 396 2084; x_wconf 83' lang='grc'><strong>3.</strong></span> <span class='ocrx_word' id='word_1_168' title='bbox 416 2023 510 2098; x_wconf 57' lang='lat' dir='ltr'>Qum</span> <span class='ocrx_word' id='word_1_169' title='bbox 524 2018 667 2081; x_wconf 82' lang='lat' dir='ltr'>catholici</span> <span class='ocrx_word' id='word_1_170' title='bbox 674 2024 776 2101; x_wconf 87' lang='lat' dir='ltr'>posteo</span> <span class='ocrx_word' id='word_1_171' title='bbox 787 2020 957 2100; x_wconf 78' lang='lat' dir='ltr'>frequenter</span> <span class='ocrx_word' id='word_1_172' title='bbox 968 2036 1094 2099; x_wconf 71' lang='lat' dir='ltr'>usurpo</span> <span class='ocrx_word' id='word_1_173' title='bbox 1143 2020 1224 2081; x_wconf 90' lang='lat' dir='ltr'>nihil</span> <span class='ocrx_word' id='word_1_174' title='bbox 1237 2022 1343 2083; x_wconf 90' lang='lat' dir='ltr'>utilius</span> <span class='ocrx_word' id='word_1_175' title='bbox 1357 2020 1491 2085; x_wconf 81' lang='lat' dir='ltr'>conteni</span> <span class='ocrx_word' id='word_1_176' title='bbox 1509 2040 1528 2084; x_wconf 94' lang='lat' dir='ltr'>a</span> <span class='ocrx_word' id='word_1_177' title='bbox 1546 2020 1637 2085; x_wconf 90' lang='lat' dir='ltr'>nobis</span> <span class='ocrx_word' id='word_1_178' title='bbox 1649 2022 1709 2086; x_wconf 85' lang='lat' dir='ltr'>rati</span> <span class='ocrx_word' id='word_1_179' title='bbox 1722 2042 1813 2106; x_wconf 91' lang='lat' dir='ltr'>posse</span> <span class='ocrx_word' id='word_1_180' title='bbox 1826 2024 1913 2087; x_wconf 88' lang='lat' dir='ltr'>theo·</span> 
     </span>
     <span class='ocr_line' id='line_1_20' title="bbox 367 2109 1912 2197; baseline 0.003 -22"><span class='ocrx_word' id='word_1_181' title='bbox 367 2123 449 2176; x_wconf 82' lang='lat' dir='ltr'>ruat.</span> <span class='ocrx_word' id='word_1_182' title='bbox 466 2114 497 2174; x_wconf 80' lang='lat' dir='ltr'>l.</span> <span class='ocrx_word' id='word_1_183' title='bbox 510 2114 595 2175; x_wconf 80' lang='lat' dir='ltr'>Anci</span> <span class='ocrx_word' id='word_1_184' title='bbox 608 2111 792 2192; x_wconf 75' lang='lat' dir='ltr'>untsquiorcs</span> <span class='ocrx_word' id='word_1_185' title='bbox 808 2109 927 2193; x_wconf 78' lang='lat' dir='ltr'>Cpriito</span> <span class='ocrx_word' id='word_1_186' title='bbox 940 2110 1039 2173; x_wconf 87' lang='lat' dir='ltr'>eodem</span> <span class='ocrx_word' id='word_1_187' title='bbox 1048 2111 1097 2172; x_wconf 84' lang='lat' dir='ltr'>usi</span> <span class='ocrx_word' id='word_1_188' title='bbox 1143 2112 1288 2192; x_wconf 80' lang='lat' dir='ltr'>logorum</span> <span class='ocrx_word' id='word_1_189' title='bbox 1309 2118 1488 2176; x_wconf 88' lang='lat' dir='ltr'>nostrornm</span> <span class='ocrx_word' id='word_1_190' title='bbox 1507 2112 1628 2193; x_wconf 89' lang='lat' dir='ltr'>studiis,</span> <span class='ocrx_word' id='word_1_191' title='bbox 1651 2116 1786 2197; x_wconf 91' lang='lat' dir='ltr'>quamsi</span> <span class='ocrx_word' id='word_1_192' title='bbox 1799 2116 1912 2179; x_wconf 86' lang='lat' dir='ltr'>acerri-</span> 
     </span>
     <span class='ocr_line' id='line_1_21' title="bbox 365 2200 1913 2287; baseline 0.002 -19"><span class='ocrx_word' id='word_1_193' title='bbox 365 2207 435 2280; x_wconf 84' lang='lat' dir='ltr'>riut,</span> <span class='ocrx_word' id='word_1_194' title='bbox 468 2205 626 2287; x_wconf 82' lang='lat' dir='ltr'>queritur.</span> <span class='ocrx_word' id='word_1_195' title='bbox 656 2204 686 2263; x_wconf 78' lang='lat'>5.</span> <span class='ocrx_word' id='word_1_196' title='bbox 716 2200 888 2283; x_wconf 83' lang='lat' dir='ltr'>Complures</span> <span class='ocrx_word' id='word_1_197' title='bbox 918 2201 1091 2284; x_wconf 71' lang='lat' dir='ltr'>affimant.</span> <span class='ocrx_word' id='word_1_198' title='bbox 1143 2204 1202 2265; x_wconf 91' lang='lat' dir='ltr'>mis</span> <span class='ocrx_word' id='word_1_199' title='bbox 1243 2220 1439 2267; x_wconf 90' lang='lat' dir='ltr'>summorum</span> <span class='ocrx_word' id='word_1_200' title='bbox 1480 2206 1621 2269; x_wconf 86' lang='lat' dir='ltr'>virorum</span> <span class='ocrx_word' id='word_1_201' title='bbox 1661 2204 1913 2271; x_wconf 75' lang='lat' dir='ltr'>contentionibus</span> 
     </span>
     <span class='ocr_line' id='line_1_22' title="bbox 290 2293 1912 2381; baseline 0.002 -23"><span class='ocrx_word' id='word_1_202' title='bbox 290 2364 296 2375; x_wconf 59' lang='grc'>,</span> <span class='ocrx_word' id='word_1_203' title='bbox 364 2302 533 2379; x_wconf 62' lang='lat' dir='ltr'>murnum</span> <span class='ocrx_word' id='word_1_204' title='bbox 546 2294 757 2356; x_wconf 80' lang='lat' dir='ltr'>deAtluuorio</span> <span class='ocrx_word' id='word_1_205' title='bbox 771 2313 779 2371; x_wconf 90' lang='grc'>;</span> <span class='ocrx_word' id='word_1_206' title='bbox 792 2296 820 2357; x_wconf 84' lang='grc' dir='ltr'><strong>θ.</strong></span> <span class='ocrx_word' id='word_1_207' title='bbox 840 2293 1094 2374; x_wconf 81' lang='lat' dir='ltr'>aliisacqoutibur</span> <span class='ocrx_word' id='word_1_208' title='bbox 1143 2297 1305 2375; x_wconf 79' lang='lat' dir='ltr'>agitatam,</span> <span class='ocrx_word' id='word_1_209' title='bbox 1332 2316 1369 2359; x_wconf 87' lang='lat' dir='ltr'>ac</span> <span class='ocrx_word' id='word_1_210' title='bbox 1393 2297 1588 2360; x_wconf 82' lang='lat' dir='ltr'>nobilitatam</span> <span class='ocrx_word' id='word_1_211' title='bbox 1614 2300 1820 2381; x_wconf 74' lang='lat' dir='ltr'>quaesnonem</span> <span class='ocrx_word' id='word_1_212' title='bbox 1845 2306 1912 2362; x_wconf 88' lang='lat' dir='ltr'>tum</span> 
     </span>
     <span class='ocr_line' id='line_1_23' title="bbox 365 2384 1910 2473; baseline 0.003 -22"><span class='ocrx_word' id='word_1_213' title='bbox 365 2388 562 2452; x_wconf 77' lang='lat' dir='ltr'>Athanasium</span> <span class='ocrx_word' id='word_1_214' title='bbox 572 2387 618 2449; x_wconf 87' lang='lat' dir='ltr'>ito</span> <span class='ocrx_word' id='word_1_215' title='bbox 631 2385 771 2463; x_wconf 68' lang='lat' dir='ltr'>tumturn,</span> <span class='ocrx_word' id='word_1_216' title='bbox 786 2392 820 2446; x_wconf 87' lang='lat' dir='ltr'>ut</span> <span class='ocrx_word' id='word_1_217' title='bbox 834 2384 1096 2468; x_wconf 80' lang='lat' dir='ltr'>Leontio;7.quod</span> <span class='ocrx_word' id='word_1_218' title='bbox 1142 2389 1241 2467; x_wconf 80' lang='lat' dir='ltr'>magis</span> <span class='ocrx_word' id='word_1_219' title='bbox 1260 2395 1383 2462; x_wconf 82' lang='lat' dir='ltr'>notmn,</span> <span class='ocrx_word' id='word_1_220' title='bbox 1404 2394 1435 2451; x_wconf 92' lang='lat' dir='ltr'>et</span> <span class='ocrx_word' id='word_1_221' title='bbox 1461 2398 1654 2471; x_wconf 79' lang='lat' dir='ltr'>perspectam</span> <span class='ocrx_word' id='word_1_222' title='bbox 1677 2409 1771 2473; x_wconf 91' lang='lat' dir='ltr'>opera</span> <span class='ocrx_word' id='word_1_223' title='bbox 1793 2399 1910 2472; x_wconf 87' lang='lat' dir='ltr'>nostra,</span> 
     </span>
     <span class='ocr_line' id='line_1_24' title="bbox 366 2477 2025 2567; baseline 0.002 -24"><span class='ocrx_word' id='word_1_224' title='bbox 366 2480 451 2543; x_wconf 76' lang='lat' dir='ltr'>wide</span> <span class='ocrx_word' id='word_1_225' title='bbox 468 2477 691 2559; x_wconf 82' lang='lat' dir='ltr'>probubileessc</span> <span class='ocrx_word' id='word_1_226' title='bbox 704 2483 912 2552; x_wconf 60' lang='lat' dir='ltr'>monstratum</span> <span class='ocrx_word' id='word_1_227' title='bbox 934 2480 963 2540; x_wconf 87' lang='lat'>8.</span> <span class='ocrx_word' id='word_1_228' title='bbox 982 2477 1031 2540; x_wconf 81' lang='lat' dir='ltr'>scd</span> <span class='ocrx_word' id='word_1_229' title='bbox 1042 2496 1093 2539; x_wconf 84' lang='lat' dir='ltr'>ue-</span> <span class='ocrx_word' id='word_1_230' title='bbox 1142 2485 1210 2541; x_wconf 91' lang='lat' dir='ltr'>tum</span> <span class='ocrx_word' id='word_1_231' title='bbox 1225 2480 1453 2563; x_wconf 87' lang='lat' dir='ltr'>explicatiorem</span> <span class='ocrx_word' id='word_1_232' title='bbox 1468 2482 1605 2546; x_wconf 87' lang='lat' dir='ltr'>haberet.</span> <span class='ocrx_word' id='word_1_233' title='bbox 1632 2480 1698 2546; x_wconf 86' lang='lat' dir='ltr'>lloc</span> <span class='ocrx_word' id='word_1_234' title='bbox 1712 2491 1749 2546; x_wconf 89' lang='lat' dir='ltr'>ut</span> <span class='ocrx_word' id='word_1_235' title='bbox 1764 2485 1816 2546; x_wconf 87' lang='lat' dir='ltr'>via</span> <span class='ocrx_word' id='word_1_236' title='bbox 1835 2505 1912 2567; x_wconf 91' lang='lat' dir='ltr'>qua·</span> <span class='ocrx_word' id='word_1_237' title='bbox 2024 2508 2025 2527; x_wconf 58' lang='lat'>¹</span> 
     </span>
     <span class='ocr_line' id='line_1_25' title="bbox 365 2569 1910 2658; baseline 0.003 -24"><span class='ocrx_word' id='word_1_238' title='bbox 365 2592 420 2655; x_wconf 79' lang='lat' dir='ltr'>que</span> <span class='ocrx_word' id='word_1_239' title='bbox 445 2570 601 2652; x_wconf 77' lang='lat' dir='ltr'>Greqorria</span> <span class='ocrx_word' id='word_1_240' title='bbox 625 2569 865 2650; x_wconf 79' lang='lat' dir='ltr'>Thaumcturpus</span> <span class='ocrx_word' id='word_1_241' title='bbox 886 2573 928 2631; x_wconf 81' lang='lat' dir='ltr'>ito</span> <span class='ocrx_word' id='word_1_242' title='bbox 945 2569 1068 2650; x_wconf 67' lang='lat' dir='ltr'>scripsit</span> <span class='ocrx_word' id='word_1_243' title='bbox 1079 2584 1093 2645; x_wconf 89' lang='lat'><em>;</em></span> <span class='ocrx_word' id='word_1_244' title='bbox 1142 2572 1227 2651; x_wconf 85' lang='lat' dir='ltr'>dam,</span> <span class='ocrx_word' id='word_1_245' title='bbox 1242 2573 1522 2652; x_wconf 89' lang='lat' dir='ltr'>etordineieciam,</span> <span class='ocrx_word' id='word_1_246' title='bbox 1537 2576 1597 2636; x_wconf 90' lang='lat' dir='ltr'>tria</span> <span class='ocrx_word' id='word_1_247' title='bbox 1610 2574 1797 2638; x_wconf 87' lang='lat' dir='ltr'>constituam</span> <span class='ocrx_word' id='word_1_248' title='bbox 1810 2579 1910 2658; x_wconf 85' lang='lat' dir='ltr'>capita</span> 
     </span>
     <span class='ocr_line' id='line_1_26' title="bbox 366 2660 1909 2748; baseline 0.003 -22"><span class='ocrx_word' id='word_1_249' title='bbox 366 2663 441 2746; x_wconf 73' lang='lat' dir='ltr'>sobo</span> <span class='ocrx_word' id='word_1_250' title='bbox 453 2662 506 2724; x_wconf 84' lang='lat' dir='ltr'>itti</span> <span class='ocrx_word' id='word_1_251' title='bbox 511 2660 657 2723; x_wconf 79' lang='lat' dir='ltr'>tribuitur</span> <span class='ocrx_word' id='word_1_252' title='bbox 665 2661 809 2742; x_wconf 74' lang='lat' dir='ltr'>repositio</span> <span class='ocrx_word' id='word_1_253' title='bbox 823 2660 895 2741; x_wconf 77' lang='lat' dir='ltr'>fidei</span> <span class='ocrx_word' id='word_1_254' title='bbox 908 2667 996 2736; x_wconf 72' lang='lat' dir='ltr'>isare</span> <span class='ocrx_word' id='word_1_255' title='bbox 1007 2669 1089 2741; x_wconf 74' lang='grc' dir='ltr'><strong>μέρος.</strong></span> <span class='ocrx_word' id='word_1_256' title='bbox 1141 2664 1356 2744; x_wconf 86' lang='lat' dir='ltr'>disputationis</span> <span class='ocrx_word' id='word_1_257' title='bbox 1370 2666 1468 2743; x_wconf 89' lang='lat' dir='ltr'>istius,</span> <span class='ocrx_word' id='word_1_258' title='bbox 1489 2685 1525 2728; x_wconf 89' lang='lat' dir='ltr'>ac</span> <span class='ocrx_word' id='word_1_259' title='bbox 1545 2667 1682 2748; x_wconf 87' lang='lat' dir='ltr'>primum</span> <span class='ocrx_word' id='word_1_260' title='bbox 1695 2668 1734 2729; x_wconf 90' lang='lat' dir='ltr'>de</span> <span class='ocrx_word' id='word_1_261' title='bbox 1747 2671 1909 2731; x_wconf 80' lang='lat' dir='ltr'>sententie</span> 
     </span>
     <span class='ocr_line' id='line_1_27' title="bbox 366 2751 1908 2840; baseline 0.002 -21"><span class='ocrx_word' id='word_1_262' title='bbox 366 2754 481 2818; x_wconf 68' lang='lat' dir='ltr'>itidem</span> <span class='ocrx_word' id='word_1_263' title='bbox 497 2763 525 2816; x_wconf 85' lang='lat' dir='ltr'>et</span> <span class='ocrx_word' id='word_1_264' title='bbox 538 2752 574 2815; x_wconf 84' lang='lat' dir='ltr'>dc</span> <span class='ocrx_word' id='word_1_265' title='bbox 585 2752 671 2814; x_wconf 76' lang='lat' dir='ltr'>lulio</span> <span class='ocrx_word' id='word_1_266' title='bbox 680 2770 761 2834; x_wconf 84' lang='lat' dir='ltr'>popu</span> <span class='ocrx_word' id='word_1_267' title='bbox 769 2751 923 2832; x_wconf 83' lang='lat' dir='ltr'>probatur,</span> <span class='ocrx_word' id='word_1_268' title='bbox 935 2753 1094 2833; x_wconf 80' lang='lat' dir='ltr'>cujussup·</span> <span class='ocrx_word' id='word_1_269' title='bbox 1140 2755 1223 2817; x_wconf 90' lang='lat' dir='ltr'>illius</span> <span class='ocrx_word' id='word_1_270' title='bbox 1237 2757 1413 2819; x_wconf 87' lang='lat' dir='ltr'>auctoribus</span> <span class='ocrx_word' id='word_1_271' title='bbox 1426 2772 1528 2835; x_wconf 77' lang='lat' dir='ltr'>agam,</span> <span class='ocrx_word' id='word_1_272' title='bbox 1538 2774 1627 2821; x_wconf 91' lang='lat' dir='ltr'>orsus</span> <span class='ocrx_word' id='word_1_273' title='bbox 1639 2759 1678 2821; x_wconf 89' lang='lat' dir='ltr'>ab</span> <span class='ocrx_word' id='word_1_274' title='bbox 1692 2760 1826 2840; x_wconf 69' lang='lat' dir='ltr'>Cyrilloe</span> <span class='ocrx_word' id='word_1_275' title='bbox 1842 2767 1908 2822; x_wconf 90' lang='lat' dir='ltr'>tum</span> 
     </span>
     <span class='ocr_line' id='line_1_28' title="bbox 364 2842 1908 2930; baseline 0.004 -22"><span class='ocrx_word' id='word_1_276' title='bbox 364 2848 501 2930; x_wconf 81' lang='lat' dir='ltr'>porr&#39;tr&#39;tic</span> <span class='ocrx_word' id='word_1_277' title='bbox 521 2844 656 2927; x_wconf 74' lang='lat' dir='ltr'>quaedum</span> <span class='ocrx_word' id='word_1_278' title='bbox 676 2843 798 2926; x_wconf 79' lang='lat' dir='ltr'>epistola</span> <span class='ocrx_word' id='word_1_279' title='bbox 818 2842 1090 2924; x_wconf 77' lang='lat' dir='ltr'>circumferebatur,</span> <span class='ocrx_word' id='word_1_280' title='bbox 1141 2848 1179 2909; x_wconf 90' lang='lat' dir='ltr'>de</span> <span class='ocrx_word' id='word_1_281' title='bbox 1193 2848 1276 2911; x_wconf 89' lang='lat' dir='ltr'>illius</span> <span class='ocrx_word' id='word_1_282' title='bbox 1288 2848 1380 2911; x_wconf 84' lang='lat' dir='ltr'>variis</span> <span class='ocrx_word' id='word_1_283' title='bbox 1401 2850 1624 2930; x_wconf 86' lang='lat' dir='ltr'>interpretandi</span> <span class='ocrx_word' id='word_1_284' title='bbox 1637 2850 1746 2930; x_wconf 88' lang='lat' dir='ltr'>modis,</span> <span class='ocrx_word' id='word_1_285' title='bbox 1762 2858 1793 2914; x_wconf 91' lang='lat' dir='ltr'>et</span> <span class='ocrx_word' id='word_1_286' title='bbox 1807 2853 1908 2915; x_wconf 71' lang='lat' dir='ltr'>catha</span> 
     </span>
     <span class='ocr_line' id='line_1_29' title="bbox 366 2934 1907 3021; baseline 0.002 -17"><span class='ocrx_word' id='word_1_287' title='bbox 366 2958 434 3021; x_wconf 84' lang='lat' dir='ltr'>quu</span> <span class='ocrx_word' id='word_1_288' title='bbox 446 2947 511 3003; x_wconf 81' lang='lat' dir='ltr'>erut</span> <span class='ocrx_word' id='word_1_289' title='bbox 533 2937 727 3019; x_wconf 66' lang='lat' dir='ltr'>Apollinares,</span> <span class='ocrx_word' id='word_1_290' title='bbox 758 2939 805 2998; x_wconf 85' lang='lat'>10.</span> <span class='ocrx_word' id='word_1_291' title='bbox 831 2935 942 3016; x_wconf 81' lang='lat' dir='ltr'>atejus</span> <span class='ocrx_word' id='word_1_292' title='bbox 963 2934 1094 3016; x_wconf 78' lang='lat' dir='ltr'>doqrsoti</span> <span class='ocrx_word' id='word_1_293' title='bbox 1140 2939 1272 3002; x_wconf 88' lang='lat' dir='ltr'>licorum</span> <span class='ocrx_word' id='word_1_294' title='bbox 1295 2941 1376 3003; x_wconf 88' lang='lat' dir='ltr'>inter</span> <span class='ocrx_word' id='word_1_295' title='bbox 1389 2956 1421 3003; x_wconf 88' lang='lat' dir='ltr'>se</span> <span class='ocrx_word' id='word_1_296' title='bbox 1444 2940 1641 3005; x_wconf 85' lang='lat' dir='ltr'>conflictione</span> <span class='ocrx_word' id='word_1_297' title='bbox 1667 2938 1779 3005; x_wconf 89' lang='lat' dir='ltr'>dicam.</span> <span class='ocrx_word' id='word_1_298' title='bbox 1799 2947 1907 3007; x_wconf 84' lang='lat' dir='ltr'>Postea</span> 
     </span>
     <span class='ocr_line' id='line_1_30' title="bbox 366 3025 1906 3115; baseline 0.005 -23"><span class='ocrx_word' id='word_1_299' title='bbox 366 3032 493 3114; x_wconf 61' lang='lat' dir='ltr'>nubat.</span> <span class='ocrx_word' id='word_1_300' title='bbox 509 3032 559 3092; x_wconf 84' lang='lat' dir='ltr'>it.</span> <span class='ocrx_word' id='word_1_301' title='bbox 575 3029 699 3092; x_wconf 77' lang='lat' dir='ltr'>Daulia</span> <span class='ocrx_word' id='word_1_302' title='bbox 712 3026 837 3110; x_wconf 65' lang='lat' dir='ltr'>quadem</span> <span class='ocrx_word' id='word_1_303' title='bbox 850 3027 987 3108; x_wconf 74' lang='lat' dir='ltr'>epistota,</span> <span class='ocrx_word' id='word_1_304' title='bbox 1002 3025 1093 3106; x_wconf 82' lang='lat' dir='ltr'>deque</span> <span class='ocrx_word' id='word_1_305' title='bbox 1140 3048 1246 3094; x_wconf 73' lang='lat' dir='ltr'>caune</span> <span class='ocrx_word' id='word_1_306' title='bbox 1273 3032 1452 3113; x_wconf 85' lang='lat' dir='ltr'>inquiram,</span> <span class='ocrx_word' id='word_1_307' title='bbox 1474 3050 1545 3115; x_wconf 79' lang='lat' dir='ltr'>quae</span> <span class='ocrx_word' id='word_1_308' title='bbox 1576 3032 1738 3098; x_wconf 90' lang='lat' dir='ltr'>obscuram</span> <span class='ocrx_word' id='word_1_309' title='bbox 1764 3037 1842 3099; x_wconf 89' lang='lat' dir='ltr'>adeo</span> <span class='ocrx_word' id='word_1_310' title='bbox 1867 3034 1906 3098; x_wconf 85' lang='lat' dir='ltr'>ab</span> 
     </span>
     <span class='ocr_line' id='line_1_31' title="bbox 365 3116 2026 3211; baseline 0.003 -26"><span class='ocrx_word' id='word_1_311' title='bbox 365 3122 530 3187; x_wconf 77' lang='lat' dir='ltr'>Erechthio</span> <span class='ocrx_word' id='word_1_312' title='bbox 554 3120 702 3183; x_wconf 72' lang='lat' dir='ltr'>heretico.</span> <span class='ocrx_word' id='word_1_313' title='bbox 731 3123 779 3180; x_wconf 72' lang='lat' dir='ltr'>ii.</span> <span class='ocrx_word' id='word_1_314' title='bbox 804 3116 994 3201; x_wconf 75' lang='lat' dir='ltr'>Eutychiani</span> <span class='ocrx_word' id='word_1_315' title='bbox 1009 3117 1091 3179; x_wconf 86' lang='lat' dir='ltr'>ilium</span> <span class='ocrx_word' id='word_1_316' title='bbox 1141 3123 1257 3204; x_wconf 83' lang='lat' dir='ltr'>Cyrillo</span> <span class='ocrx_word' id='word_1_317' title='bbox 1302 3124 1490 3188; x_wconf 85' lang='lat' dir='ltr'>locutionem</span> <span class='ocrx_word' id='word_1_318' title='bbox 1539 3128 1764 3209; x_wconf 81' lang='lat' dir='ltr'>expresserint,</span> <span class='ocrx_word' id='word_1_319' title='bbox 1806 3126 1906 3211; x_wconf 88' lang='lat' dir='ltr'>deque</span> <span class='ocrx_word' id='word_1_320' title='bbox 2025 3126 2026 3159; x_wconf 70' lang='lat'>³</span> 
     </span>
     <span class='ocr_line' id='line_1_32' title="bbox 366 3208 1843 3296; baseline 0.002 -19"><span class='ocrx_word' id='word_1_321' title='bbox 366 3215 460 3296; x_wconf 84' lang='lat' dir='ltr'>ipsam</span> <span class='ocrx_word' id='word_1_322' title='bbox 477 3212 590 3296; x_wconf 81' lang='lat' dir='ltr'>Cyriiti</span> <span class='ocrx_word' id='word_1_323' title='bbox 597 3210 765 3273; x_wconf 70' lang='lat' dir='ltr'>senentiam</span> <span class='ocrx_word' id='word_1_324' title='bbox 777 3208 857 3290; x_wconf 73' lang='lat' dir='ltr'>[uiso</span> <span class='ocrx_word' id='word_1_325' title='bbox 870 3210 1092 3291; x_wconf 81' lang='lat' dir='ltr'>interpretantes</span> <span class='ocrx_word' id='word_1_326' title='bbox 1139 3215 1276 3296; x_wconf 90' lang='lat' dir='ltr'>proprio,</span> <span class='ocrx_word' id='word_1_327' title='bbox 1289 3235 1324 3278; x_wconf 91' lang='lat' dir='ltr'>ac</span> <span class='ocrx_word' id='word_1_328' title='bbox 1333 3232 1408 3279; x_wconf 81' lang='lat' dir='ltr'>vero</span> <span class='ocrx_word' id='word_1_329' title='bbox 1417 3216 1501 3279; x_wconf 89' lang='lat' dir='ltr'>illius</span> <span class='ocrx_word' id='word_1_330' title='bbox 1515 3219 1710 3282; x_wconf 87' lang='lat' dir='ltr'>sensuverba</span> <span class='ocrx_word' id='word_1_331' title='bbox 1720 3219 1843 3282; x_wconf 78' lang='lat' dir='ltr'>uuam.</span> 
     </span>
     <span class='ocr_line' id='line_1_33' title="bbox 364 3303 2026 3402; baseline 0.004 -33"><span class='ocrx_word' id='word_1_332' title='bbox 364 3308 474 3389; x_wconf 76' lang='lat' dir='ltr'>asapius</span> <span class='ocrx_word' id='word_1_333' title='bbox 485 3303 681 3369; x_wconf 78' lang='lat' dir='ltr'>inculcabant.</span> <span class='ocrx_word' id='word_1_334' title='bbox 1180 3309 1219 3368; x_wconf 91' lang='lat' dir='ltr'>ll.</span> <span class='ocrx_word' id='word_1_335' title='bbox 1236 3306 1903 3393; x_wconf 75' lang='lat' dir='ltr'>CynllusinpriorcudSucccscumepistola,</span> <span class='ocrx_word' id='word_1_336' title='bbox 1939 3346 2026 3402; x_wconf 52' lang='lat' dir='ltr'>m„</span> 
     </span>
     <span class='ocr_line' id='line_1_34' title="bbox 1139 3399 2007 3478; baseline 0.007 -18"><span class='ocrx_word' id='word_1_337' title='bbox 1139 3399 1360 3462; x_wconf 85' lang='lat' dir='ltr'>incarnationis</span> <span class='ocrx_word' id='word_1_338' title='bbox 1371 3402 1502 3464; x_wconf 89' lang='lat' dir='ltr'>modum</span> <span class='ocrx_word' id='word_1_339' title='bbox 1514 3402 1556 3463; x_wconf 84' lang='lat' dir='ltr'>ita</span> <span class='ocrx_word' id='word_1_340' title='bbox 1569 3401 1713 3478; x_wconf 69' lang='lat' dir='ltr'>denunt,</span> <span class='ocrx_word' id='word_1_341' title='bbox 1729 3409 1767 3465; x_wconf 91' lang='lat' dir='ltr'>ut</span> <span class='ocrx_word' id='word_1_342' title='bbox 1783 3410 1904 3466; x_wconf 76' lang='lat' dir='ltr'>‹rnatu-</span> <span class='ocrx_word' id='word_1_343' title='bbox 1964 3402 2007 3448; x_wconf 65' lang='grc' dir='ltr'>Μ·</span> 
     </span>
    </p>
   </div>
   <div class='ocr_carea' id='block_1_4' title="bbox 189 3454 2026 3565">
    <p class='ocr_par' dir='ltr' id='par_1_4' title="bbox 189 3454 2026 3565">
     <span class='ocr_line' id='line_1_35' title="bbox 189 3454 2026 3565; baseline -0.003 -6"><span class='ocrx_word' id='word_1_344' title='bbox 189 3504 270 3559; x_wconf 60' lang='lat' dir='ltr'>wan</span> <span class='ocrx_word' id='word_1_345' title='bbox 366 3492 392 3552; x_wconf 90' lang='lat'>1.</span> <span class='ocrx_word' id='word_1_346' title='bbox 415 3487 600 3553; x_wconf 87' lang='lat' dir='ltr'>Incredibile</span> <span class='ocrx_word' id='word_1_347' title='bbox 614 3493 660 3549; x_wconf 93' lang='lat' dir='ltr'>est</span> <span class='ocrx_word' id='word_1_348' title='bbox 670 3486 768 3562; x_wconf 87' lang='lat' dir='ltr'>dictu,</span> <span class='ocrx_word' id='word_1_349' title='bbox 783 3485 907 3565; x_wconf 77' lang='lat' dir='ltr'>quantis</span> <span class='ocrx_word' id='word_1_350' title='bbox 915 3484 948 3545; x_wconf 91' lang='lat' dir='ltr'>in</span> <span class='ocrx_word' id='word_1_351' title='bbox 958 3485 1089 3546; x_wconf 87' lang='lat' dir='ltr'>Ecclesia</span> <span class='ocrx_word' id='word_1_352' title='bbox 1137 3506 1188 3552; x_wconf 90' lang='lat' dir='ltr'>ras</span> <span class='ocrx_word' id='word_1_353' title='bbox 1212 3493 1289 3553; x_wconf 90' lang='lat' dir='ltr'>duas</span> <span class='ocrx_word' id='word_1_354' title='bbox 1311 3492 1392 3554; x_wconf 91' lang='lat' dir='ltr'>inter</span> <span class='ocrx_word' id='word_1_355' title='bbox 1413 3511 1445 3554; x_wconf 93' lang='lat' dir='ltr'>se</span> <span class='ocrx_word' id='word_1_356' title='bbox 1468 3493 1645 3557; x_wconf 85' lang='lat' dir='ltr'>convenisse</span> <span class='ocrx_word' id='word_1_357' title='bbox 1668 3494 1750 3558; x_wconf 88' lang='lat' dir='ltr'>dicat</span> <span class='ocrx_word' id='word_1_358' title='bbox 1773 3492 1905 3558; x_wconf 84' lang='lat' dir='ltr'>indivisa</span> <span class='ocrx_word' id='word_1_359' title='bbox 1931 3454 2026 3554; x_wconf 55' lang='lat' dir='ltr'>affin</span> 
     </span>
    </p>
   </div>
   <div class='ocr_carea' id='block_1_5' title="bbox 151 3561 2026 5041">
    <p class='ocr_par' dir='ltr' id='par_1_5' title="bbox 151 3561 2026 4395">
     <span class='ocr_line' id='line_1_36' title="bbox 173 3561 2026 3675; baseline 0.003 -30"><span class='ocrx_word' id='word_1_360' title='bbox 173 3561 280 3659; x_wconf 55' lang='lat' dir='ltr'>“fflfl</span> <span class='ocrx_word' id='word_1_361' title='bbox 325 3581 687 3661; x_wconf 86' lang='lat' dir='ltr'>motibus,acplusquam</span> <span class='ocrx_word' id='word_1_362' title='bbox 701 3578 843 3639; x_wconf 86' lang='lat' dir='ltr'>civilibus</span> <span class='ocrx_word' id='word_1_363' title='bbox 855 3577 1014 3639; x_wconf 86' lang='lat' dir='ltr'>discordiis</span> <span class='ocrx_word' id='word_1_364' title='bbox 1024 3596 1089 3638; x_wconf 91' lang='lat' dir='ltr'>una</span> <span class='ocrx_word' id='word_1_365' title='bbox 1138 3582 1279 3646; x_wconf 89' lang='lat' dir='ltr'>unitione</span> <span class='ocrx_word' id='word_1_366' title='bbox 1294 3583 1371 3645; x_wconf 86' lang='lat' dir='ltr'>citra</span> <span class='ocrx_word' id='word_1_367' title='bbox 1382 3585 1604 3663; x_wconf 86' lang='lat' dir='ltr'>confusionem,</span> <span class='ocrx_word' id='word_1_368' title='bbox 1614 3592 1645 3648; x_wconf 89' lang='lat' dir='ltr'>et</span> <span class='ocrx_word' id='word_1_369' title='bbox 1655 3576 1902 3665; x_wconf 84' lang='lat' dir='ltr'>conversionem,</span> <span class='ocrx_word' id='word_1_370' title='bbox 1925 3564 2026 3675; x_wconf 52' lang='lat' dir='ltr'>,Q</span> 
     </span>
     <span class='ocr_line' id='line_1_37' title="bbox 153 3667 1904 3765; baseline 0 -28"><span class='ocrx_word' id='word_1_371' title='bbox 153 3667 301 3765; x_wconf 48' lang='lat' dir='ltr'>Clssffihffffl·</span> <span class='ocrx_word' id='word_1_372' title='bbox 324 3676 376 3737; x_wconf 90' lang='lat' dir='ltr'>illa</span> <span class='ocrx_word' id='word_1_373' title='bbox 390 3674 430 3737; x_wconf 89' lang='lat' dir='ltr'>sit</span> <span class='ocrx_word' id='word_1_374' title='bbox 443 3680 570 3753; x_wconf 86' lang='lat' dir='ltr'>excepta</span> <span class='ocrx_word' id='word_1_375' title='bbox 582 3688 644 3732; x_wconf 85' lang='lat' dir='ltr'>vox</span> <span class='ocrx_word' id='word_1_376' title='bbox 657 3670 763 3751; x_wconf 78' lang='lat' dir='ltr'>Gyrilli</span> <span class='ocrx_word' id='word_1_377' title='bbox 776 3668 992 3742; x_wconf 81' lang='lat' dir='ltr'>Alexandrini,</span> <span class='ocrx_word' id='word_1_378' title='bbox 1007 3674 1090 3748; x_wconf 78' lang='lat' dir='ltr'>post</span> <span class='ocrx_word' id='word_1_379' title='bbox 1137 3678 1193 3737; x_wconf 90' lang='lat' dir='ltr'>etc.</span> <span class='ocrx_word' id='word_1_380' title='bbox 1213 3675 1332 3736; x_wconf 86' lang='lat' dir='ltr'>Verum</span> <span class='ocrx_word' id='word_1_381' title='bbox 1358 3681 1428 3755; x_wconf 90' lang='lat' dir='ltr'>post</span> <span class='ocrx_word' id='word_1_382' title='bbox 1450 3676 1624 3740; x_wconf 89' lang='lat' dir='ltr'>unitionem</span> <span class='ocrx_word' id='word_1_383' title='bbox 1647 3696 1712 3739; x_wconf 92' lang='lat' dir='ltr'>non</span> <span class='ocrx_word' id='word_1_384' title='bbox 1735 3679 1904 3741; x_wconf 85' lang='lat' dir='ltr'>dividimus</span> 
     </span>
     <span class='ocr_line' id='line_1_38' title="bbox 152 3752 1903 3850; baseline 0.007 -29"><span class='ocrx_word' id='word_1_385' title='bbox 152 3752 299 3821; x_wconf 72' lang='lat' dir='ltr'>emautu-</span> <span class='ocrx_word' id='word_1_386' title='bbox 324 3785 418 3849; x_wconf 85' lang='lat' dir='ltr'>quam</span> <span class='ocrx_word' id='word_1_387' title='bbox 445 3766 584 3845; x_wconf 82' lang='lat' dir='ltr'>Eutycho</span> <span class='ocrx_word' id='word_1_388' title='bbox 599 3768 733 3839; x_wconf 72' lang='lat' dir='ltr'>eucmre,</span> <span class='ocrx_word' id='word_1_389' title='bbox 755 3761 872 3823; x_wconf 77' lang='lat' dir='ltr'>nefaria</span> <span class='ocrx_word' id='word_1_390' title='bbox 885 3760 1089 3840; x_wconf 86' lang='lat' dir='ltr'>Monophysi·</span> <span class='ocrx_word' id='word_1_391' title='bbox 1137 3772 1341 3828; x_wconf 88' lang='lat' dir='ltr'>naturesase</span> <span class='ocrx_word' id='word_1_392' title='bbox 1355 3770 1477 3843; x_wconf 90' lang='lat' dir='ltr'>mutuo,</span> <span class='ocrx_word' id='word_1_393' title='bbox 1498 3786 1599 3850; x_wconf 79' lang='lat' dir='ltr'>noqrre</span> <span class='ocrx_word' id='word_1_394' title='bbox 1620 3769 1653 3831; x_wconf 91' lang='lat' dir='ltr'>in</span> <span class='ocrx_word' id='word_1_395' title='bbox 1667 3770 1746 3831; x_wconf 91' lang='lat' dir='ltr'>duos</span> <span class='ocrx_word' id='word_1_396' title='bbox 1766 3788 1903 3833; x_wconf 84' lang='lat' dir='ltr'>secamus</span> 
     </span>
     <span class='ocr_line' id='line_1_39' title="bbox 181 3839 1903 3938; baseline -0.001 -12"><span class='ocrx_word' id='word_1_397' title='bbox 181 3839 273 3926; x_wconf 53' lang='lat' dir='ltr'>effi</span> <span class='ocrx_word' id='word_1_398' title='bbox 323 3866 427 3921; x_wconf 84' lang='lat' dir='ltr'>tarum</span> <span class='ocrx_word' id='word_1_399' title='bbox 439 3863 521 3919; x_wconf 72' lang='lat' dir='ltr'>mota</span> <span class='ocrx_word' id='word_1_400' title='bbox 530 3856 715 3930; x_wconf 84' lang='lat' dir='ltr'>maximum,</span> <span class='ocrx_word' id='word_1_401' title='bbox 735 3870 770 3914; x_wconf 86' lang='lat' dir='ltr'>ae</span> <span class='ocrx_word' id='word_1_402' title='bbox 792 3852 1088 3933; x_wconf 89' lang='lat' dir='ltr'>periculosissimum</span> <span class='ocrx_word' id='word_1_403' title='bbox 1135 3856 1215 3920; x_wconf 86' lang='lat' dir='ltr'>filios</span> <span class='ocrx_word' id='word_1_404' title='bbox 1228 3857 1329 3937; x_wconf 91' lang='lat' dir='ltr'>illum,</span> <span class='ocrx_word' id='word_1_405' title='bbox 1344 3860 1399 3938; x_wconf 92' lang='lat' dir='ltr'>qui</span> <span class='ocrx_word' id='word_1_406' title='bbox 1411 3874 1493 3921; x_wconf 86' lang='lat' dir='ltr'>unus</span> <span class='ocrx_word' id='word_1_407' title='bbox 1513 3867 1569 3938; x_wconf 91' lang='lat' dir='ltr'>est,</span> <span class='ocrx_word' id='word_1_408' title='bbox 1583 3868 1615 3924; x_wconf 89' lang='lat' dir='ltr'>et</span> <span class='ocrx_word' id='word_1_409' title='bbox 1632 3858 1821 3924; x_wconf 83' lang='lat' dir='ltr'>individuus.</span> <span class='ocrx_word' id='word_1_410' title='bbox 1843 3864 1903 3925; x_wconf 85' lang='lat' dir='ltr'>Sed</span> 
     </span>
     <span class='ocr_line' id='line_1_40' title="bbox 151 3939 1904 4034; baseline 0.001 -22"><span class='ocrx_word' id='word_1_411' title='bbox 151 3939 297 4034; x_wconf 46' lang='lat' dir='ltr'>,gfff</span> <span class='ocrx_word' id='word_1_412' title='bbox 322 3951 450 4027; x_wconf 91' lang='lat' dir='ltr'>bellum,</span> <span class='ocrx_word' id='word_1_413' title='bbox 477 3955 508 4011; x_wconf 89' lang='lat' dir='ltr'>et</span> <span class='ocrx_word' id='word_1_414' title='bbox 528 3946 755 4029; x_wconf 89' lang='lat' dir='ltr'>propemodum</span> <span class='ocrx_word' id='word_1_415' title='bbox 776 3944 896 4005; x_wconf 84' lang='lat' dir='ltr'>exitiale</span> <span class='ocrx_word' id='word_1_416' title='bbox 914 3962 979 4006; x_wconf 91' lang='lat' dir='ltr'>non</span> <span class='ocrx_word' id='word_1_417' title='bbox 991 3945 1087 4024; x_wconf 80' lang='lat' dir='ltr'>longo</span> <span class='ocrx_word' id='word_1_418' title='bbox 1136 3965 1235 4008; x_wconf 90' lang='lat' dir='ltr'>unum</span> <span class='ocrx_word' id='word_1_419' title='bbox 1268 3948 1401 4010; x_wconf 89' lang='lat' dir='ltr'>dicimus</span> <span class='ocrx_word' id='word_1_420' title='bbox 1433 3949 1551 4024; x_wconf 89' lang='lat' dir='ltr'>filium,</span> <span class='ocrx_word' id='word_1_421' title='bbox 1580 3956 1612 4011; x_wconf 90' lang='lat' dir='ltr'>et</span> <span class='ocrx_word' id='word_1_422' title='bbox 1639 3951 1904 4030; x_wconf 85' lang='lat' dir='ltr'>quemadmodum</span> 
     </span>
     <span class='ocr_line' id='line_1_41' title="bbox 183 4036 1904 4123; baseline 0.001 -19"><span class='ocrx_word' id='word_1_423' title='bbox 183 4049 265 4089; x_wconf 71' lang='lat' dir='ltr'>naun</span> <span class='ocrx_word' id='word_1_424' title='bbox 321 4048 390 4123; x_wconf 92' lang='lat' dir='ltr'>post</span> <span class='ocrx_word' id='word_1_425' title='bbox 430 4041 608 4103; x_wconf 87' lang='lat' dir='ltr'>Nestorium</span> <span class='ocrx_word' id='word_1_426' title='bbox 649 4036 812 4099; x_wconf 84' lang='lat' dir='ltr'>intervallo</span> <span class='ocrx_word' id='word_1_427' title='bbox 855 4036 1085 4115; x_wconf 74' lang='lat' dir='ltr'>redintegravit.</span> <span class='ocrx_word' id='word_1_428' title='bbox 1135 4037 1232 4100; x_wconf 89' lang='lat' dir='ltr'>locuti</span> <span class='ocrx_word' id='word_1_429' title='bbox 1245 4045 1320 4101; x_wconf 88' lang='lat' dir='ltr'>sunt</span> <span class='ocrx_word' id='word_1_430' title='bbox 1335 4041 1451 4117; x_wconf 88' lang='lat' dir='ltr'>Patres,</span> <span class='ocrx_word' id='word_1_431' title='bbox 1468 4058 1563 4104; x_wconf 90' lang='lat' dir='ltr'>unam</span> <span class='ocrx_word' id='word_1_432' title='bbox 1581 4047 1726 4103; x_wconf 89' lang='lat' dir='ltr'>natmam</span> <span class='ocrx_word' id='word_1_433' title='bbox 1741 4042 1797 4103; x_wconf 88' lang='lat' dir='ltr'>Dei</span> <span class='ocrx_word' id='word_1_434' title='bbox 1811 4043 1904 4105; x_wconf 84' lang='lat' dir='ltr'>Verbi</span> 
     </span>
     <span class='ocr_line' id='line_1_42' title="bbox 321 4126 1901 4213; baseline -0.001 -17"><span class='ocrx_word' id='word_1_435' title='bbox 321 4134 444 4196; x_wconf 86' lang='lat' dir='ltr'>Etenim</span> <span class='ocrx_word' id='word_1_436' title='bbox 457 4130 509 4193; x_wconf 92' lang='lat' dir='ltr'>ille</span> <span class='ocrx_word' id='word_1_437' title='bbox 522 4130 718 4212; x_wconf 90' lang='lat' dir='ltr'>potissimum</span> <span class='ocrx_word' id='word_1_438' title='bbox 731 4144 770 4190; x_wconf 83' lang='lat' dir='ltr'>ex</span> <span class='ocrx_word' id='word_1_439' title='bbox 783 4127 892 4208; x_wconf 76' lang='lat' dir='ltr'>cyrilli</span> <span class='ocrx_word' id='word_1_440' title='bbox 902 4126 1006 4188; x_wconf 86' lang='lat' dir='ltr'>verbis</span> <span class='ocrx_word' id='word_1_441' title='bbox 1020 4128 1087 4188; x_wconf 86' lang='lat' dir='ltr'>istis</span> <span class='ocrx_word' id='word_1_442' title='bbox 1133 4126 1360 4193; x_wconf 65' lang='lat' dir='ltr'>incarnatam</span> <span class='ocrx_word' id='word_1_443' title='bbox 1377 4152 1393 4189; x_wconf 84' lang='lat' dir='ltr'>n</span> <span class='ocrx_word' id='word_1_444' title='bbox 1410 4130 1482 4192; x_wconf 91' lang='lat' dir='ltr'>Post</span> <span class='ocrx_word' id='word_1_445' title='bbox 1508 4133 1687 4213; x_wconf 86' lang='lat' dir='ltr'>exemplum</span> <span class='ocrx_word' id='word_1_446' title='bbox 1703 4132 1743 4195; x_wconf 89' lang='lat' dir='ltr'>de</span> <span class='ocrx_word' id='word_1_447' title='bbox 1762 4132 1901 4209; x_wconf 91' lang='lat' dir='ltr'>homine,</span> 
     </span>
     <span class='ocr_line' id='line_1_43' title="bbox 319 4218 1903 4306; baseline 0 -19"><span class='ocrx_word' id='word_1_448' title='bbox 319 4226 511 4304; x_wconf 89' lang='lat' dir='ltr'>alitaratqua</span> <span class='ocrx_word' id='word_1_449' title='bbox 523 4221 761 4296; x_wconf 81' lang='lat' dir='ltr'>isintelleserat,</span> <span class='ocrx_word' id='word_1_450' title='bbox 776 4219 920 4299; x_wconf 82' lang='lat' dir='ltr'>acceptis,</span> <span class='ocrx_word' id='word_1_451' title='bbox 931 4237 967 4280; x_wconf 91' lang='lat' dir='ltr'>ac</span> <span class='ocrx_word' id='word_1_452' title='bbox 978 4218 1087 4298; x_wconf 90' lang='lat' dir='ltr'>depra·</span> <span class='ocrx_word' id='word_1_453' title='bbox 1134 4222 1234 4302; x_wconf 90' lang='lat' dir='ltr'>deque</span> <span class='ocrx_word' id='word_1_454' title='bbox 1248 4223 1465 4302; x_wconf 84' lang='lat' dir='ltr'>conjunctione</span> <span class='ocrx_word' id='word_1_455' title='bbox 1475 4223 1803 4306; x_wconf 83' lang='lat' dir='ltr'>corporis‚anlmaeque</span> <span class='ocrx_word' id='word_1_456' title='bbox 1812 4226 1903 4287; x_wconf 90' lang='lat' dir='ltr'>ratio·</span> 
     </span>
     <span class='ocr_line' id='line_1_44' title="bbox 318 4308 1902 4395; baseline 0.001 -16"><span class='ocrx_word' id='word_1_457' title='bbox 318 4318 397 4379; x_wconf 87' lang='lat' dir='ltr'>ratis</span> <span class='ocrx_word' id='word_1_458' title='bbox 423 4317 616 4379; x_wconf 90' lang='lat' dir='ltr'>occasionem</span> <span class='ocrx_word' id='word_1_459' title='bbox 640 4308 771 4393; x_wconf 86' lang='lat' dir='ltr'>sumpsit</span> <span class='ocrx_word' id='word_1_460' title='bbox 792 4326 882 4373; x_wconf 82' lang='lat' dir='ltr'>novoe</span> <span class='ocrx_word' id='word_1_461' title='bbox 908 4311 1085 4376; x_wconf 86' lang='lat' dir='ltr'>comminis·</span> <span class='ocrx_word' id='word_1_462' title='bbox 1134 4314 1212 4375; x_wconf 86' lang='lat' dir='ltr'>natis</span> <span class='ocrx_word' id='word_1_463' title='bbox 1225 4316 1365 4393; x_wconf 88' lang='lat' dir='ltr'>assumit,</span> <span class='ocrx_word' id='word_1_464' title='bbox 1375 4334 1445 4395; x_wconf 74' lang='lat' dir='ltr'>quae</span> <span class='ocrx_word' id='word_1_465' title='bbox 1455 4332 1527 4378; x_wconf 89' lang='lat' dir='ltr'>eum</span> <span class='ocrx_word' id='word_1_466' title='bbox 1540 4317 1611 4379; x_wconf 78' lang='lat' dir='ltr'>duae</span> <span class='ocrx_word' id='word_1_467' title='bbox 1619 4316 1680 4378; x_wconf 88' lang='lat' dir='ltr'>sint</span> <span class='ocrx_word' id='word_1_468' title='bbox 1691 4323 1825 4393; x_wconf 79' lang='lat' dir='ltr'>naturae,</span> <span class='ocrx_word' id='word_1_469' title='bbox 1835 4334 1902 4380; x_wconf 90' lang='lat' dir='ltr'>non</span> 
     </span>
    </p>

    <p class='ocr_par' dir='ltr' id='par_1_6' title="bbox 318 4400 1759 4485">
     <span class='ocr_line' id='line_1_45' title="bbox 318 4400 1759 4485; baseline 0.001 -13"><span class='ocrx_word' id='word_1_470' title='bbox 318 4409 419 4472; x_wconf 79' lang='lat' dir='ltr'>cende</span> <span class='ocrx_word' id='word_1_471' title='bbox 427 4408 565 4484; x_wconf 80' lang='lat' dir='ltr'>heresis,</span> <span class='ocrx_word' id='word_1_472' title='bbox 576 4406 626 4468; x_wconf 82' lang='lat' dir='ltr'>uel</span> <span class='ocrx_word' id='word_1_473' title='bbox 639 4406 705 4485; x_wconf 87' lang='lat' dir='ltr'>ejus</span> <span class='ocrx_word' id='word_1_474' title='bbox 711 4405 826 4485; x_wconf 90' lang='lat' dir='ltr'>potius,</span> <span class='ocrx_word' id='word_1_475' title='bbox 839 4420 934 4484; x_wconf 89' lang='lat' dir='ltr'>quam</span> <span class='ocrx_word' id='word_1_476' title='bbox 947 4418 986 4465; x_wconf 82' lang='lat' dir='ltr'>ex</span> <span class='ocrx_word' id='word_1_477' title='bbox 998 4400 1082 4480; x_wconf 78' lang='lat' dir='ltr'>Ario,</span> <span class='ocrx_word' id='word_1_478' title='bbox 1132 4408 1238 4469; x_wconf 87' lang='lat' dir='ltr'>tamen</span> <span class='ocrx_word' id='word_1_479' title='bbox 1252 4406 1314 4468; x_wconf 91' lang='lat' dir='ltr'>duo</span> <span class='ocrx_word' id='word_1_480' title='bbox 1328 4404 1464 4469; x_wconf 83' lang='lat' dir='ltr'>existunt</span> <span class='ocrx_word' id='word_1_481' title='bbox 1477 4428 1516 4471; x_wconf 84' lang='lat' dir='ltr'>ex</span> <span class='ocrx_word' id='word_1_482' title='bbox 1528 4406 1589 4470; x_wconf 86' lang='lat' dir='ltr'>illis</span> <span class='ocrx_word' id='word_1_483' title='bbox 1605 4406 1759 4473; x_wconf 88' lang='lat' dir='ltr'>homines.</span> 
     </span>
    </p>

    <p class='ocr_par' dir='ltr' id='par_1_7' title="bbox 314 4494 1902 5041">
     <span class='ocr_line' id='line_1_46' title="bbox 318 4494 1899 4583; baseline 0.001 -20"><span class='ocrx_word' id='word_1_484' title='bbox 318 4504 350 4564; x_wconf 91' lang='lat' dir='ltr'>et</span> <span class='ocrx_word' id='word_1_485' title='bbox 371 4498 544 4582; x_wconf 75' lang='lat' dir='ltr'>Apollinari</span> <span class='ocrx_word' id='word_1_486' title='bbox 568 4501 766 4580; x_wconf 82' lang='lat' dir='ltr'>conceperat,</span> <span class='ocrx_word' id='word_1_487' title='bbox 794 4494 1015 4574; x_wconf 87' lang='lat' dir='ltr'>instaurandae,</span> <span class='ocrx_word' id='word_1_488' title='bbox 1049 4514 1085 4558; x_wconf 88' lang='lat' dir='ltr'>ac</span> <span class='ocrx_word' id='word_1_489' title='bbox 1174 4499 1261 4561; x_wconf 88' lang='lat' dir='ltr'>Idem</span> <span class='ocrx_word' id='word_1_490' title='bbox 1280 4499 1313 4560; x_wconf 89' lang='lat' dir='ltr'>in</span> <span class='ocrx_word' id='word_1_491' title='bbox 1328 4500 1463 4563; x_wconf 88' lang='lat' dir='ltr'>secunda</span> <span class='ocrx_word' id='word_1_492' title='bbox 1486 4498 1526 4562; x_wconf 81' lang='lat' dir='ltr'>od</span> <span class='ocrx_word' id='word_1_493' title='bbox 1552 4500 1723 4563; x_wconf 83' lang='lat' dir='ltr'>Successum</span> <span class='ocrx_word' id='word_1_494' title='bbox 1750 4502 1899 4583; x_wconf 84' lang='lat' dir='ltr'>epistola,</span> 
     </span>
     <span class='ocr_line' id='line_1_47' title="bbox 317 4590 1897 4674; baseline 0.001 -19"><span class='ocrx_word' id='word_1_495' title='bbox 317 4590 512 4656; x_wconf 71' lang='lat' dir='ltr'>roborandae.</span> <span class='ocrx_word' id='word_1_496' title='bbox 1132 4608 1205 4652; x_wconf 88' lang='lat' dir='ltr'>cum</span> <span class='ocrx_word' id='word_1_497' title='bbox 1225 4591 1394 4654; x_wconf 78' lang='lat' dir='ltr'>orientales</span> <span class='ocrx_word' id='word_1_498' title='bbox 1416 4592 1536 4655; x_wconf 90' lang='lat' dir='ltr'>dictum</span> <span class='ocrx_word' id='word_1_499' title='bbox 1559 4593 1638 4655; x_wconf 88' lang='lat' dir='ltr'>illud</span> <span class='ocrx_word' id='word_1_500' title='bbox 1659 4593 1897 4674; x_wconf 78' lang='lat' dir='ltr'>improbassant,</span> 
     </span>
     <span class='ocr_line' id='line_1_48' title="bbox 359 4672 1900 4766; baseline 0 -18"><span class='ocrx_word' id='word_1_501' title='bbox 359 4686 442 4748; x_wconf 85' lang='lat' dir='ltr'>Sane</span> <span class='ocrx_word' id='word_1_502' title='bbox 467 4678 521 4746; x_wconf 84' lang='lat' dir='ltr'>vix</span> <span class='ocrx_word' id='word_1_503' title='bbox 543 4698 684 4763; x_wconf 90' lang='lat' dir='ltr'>unquam</span> <span class='ocrx_word' id='word_1_504' title='bbox 710 4674 858 4761; x_wconf 78' lang='lat' dir='ltr'>Eutychis</span> <span class='ocrx_word' id='word_1_505' title='bbox 880 4672 1002 4742; x_wconf 81' lang='lat' dir='ltr'>asseclas</span> <span class='ocrx_word' id='word_1_506' title='bbox 1034 4674 1085 4741; x_wconf 83' lang='lat' dir='ltr'>vel</span> <span class='ocrx_word' id='word_1_507' title='bbox 1132 4700 1248 4763; x_wconf 77' lang='lat' dir='ltr'>magno</span> <span class='ocrx_word' id='word_1_508' title='bbox 1262 4682 1294 4745; x_wconf 86' lang='lat' dir='ltr'>id</span> <span class='ocrx_word' id='word_1_509' title='bbox 1306 4684 1409 4746; x_wconf 88' lang='lat' dir='ltr'>studio</span> <span class='ocrx_word' id='word_1_510' title='bbox 1422 4689 1610 4765; x_wconf 73' lang='lat' dir='ltr'>propugnat,</span> <span class='ocrx_word' id='word_1_511' title='bbox 1622 4690 1653 4747; x_wconf 89' lang='lat' dir='ltr'>et</span> <span class='ocrx_word' id='word_1_512' title='bbox 1665 4685 1900 4766; x_wconf 70' lang='lat' dir='ltr'>explicatam·</span> 
     </span>
     <span class='ocr_line' id='line_1_49' title="bbox 317 4769 1901 4859; baseline -0.001 -20"><span class='ocrx_word' id='word_1_513' title='bbox 317 4772 472 4859; x_wconf 88' lang='lat' dir='ltr'>opinionis</span> <span class='ocrx_word' id='word_1_514' title='bbox 487 4793 551 4837; x_wconf 78' lang='lat' dir='ltr'>sue</span> <span class='ocrx_word' id='word_1_515' title='bbox 563 4774 716 4836; x_wconf 88' lang='lat' dir='ltr'>rationem</span> <span class='ocrx_word' id='word_1_516' title='bbox 736 4771 957 4847; x_wconf 89' lang='lat' dir='ltr'>reddiderunt;</span> <span class='ocrx_word' id='word_1_517' title='bbox 976 4769 1027 4832; x_wconf 83' lang='lat' dir='ltr'>vel</span> <span class='ocrx_word' id='word_1_518' title='bbox 1045 4770 1084 4834; x_wconf 89' lang='lat' dir='ltr'>do</span> <span class='ocrx_word' id='word_1_519' title='bbox 1132 4792 1254 4850; x_wconf 83' lang='lat' dir='ltr'>verens,</span> <span class='ocrx_word' id='word_1_520' title='bbox 1274 4781 1437 4856; x_wconf 68' lang='lat' dir='ltr'>«utroque</span> <span class='ocrx_word' id='word_1_521' title='bbox 1456 4782 1614 4853; x_wconf 88' lang='lat' dir='ltr'>manente,</span> <span class='ocrx_word' id='word_1_522' title='bbox 1635 4782 1667 4838; x_wconf 89' lang='lat' dir='ltr'>et</span> <span class='ocrx_word' id='word_1_523' title='bbox 1687 4776 1843 4840; x_wconf 85' lang='lat' dir='ltr'>intellecto</span> <span class='ocrx_word' id='word_1_524' title='bbox 1867 4774 1901 4837; x_wconf 90' lang='lat' dir='ltr'>ln</span> 
     </span>
     <span class='ocr_line' id='line_1_50' title="bbox 316 4862 1902 4948; baseline -0.003 -16"><span class='ocrx_word' id='word_1_525' title='bbox 316 4887 354 4933; x_wconf 89' lang='lat' dir='ltr'>ea</span> <span class='ocrx_word' id='word_1_526' title='bbox 367 4887 440 4931; x_wconf 88' lang='lat' dir='ltr'>cum</span> <span class='ocrx_word' id='word_1_527' title='bbox 463 4862 624 4932; x_wconf 85' lang='lat' dir='ltr'>catholicis</span> <span class='ocrx_word' id='word_1_528' title='bbox 646 4865 680 4927; x_wconf 91' lang='lat' dir='ltr'>in</span> <span class='ocrx_word' id='word_1_529' title='bbox 705 4871 872 4942; x_wconf 86' lang='lat' dir='ltr'>certamen,</span> <span class='ocrx_word' id='word_1_530' title='bbox 892 4880 928 4925; x_wconf 88' lang='lat' dir='ltr'>ao</span> <span class='ocrx_word' id='word_1_531' title='bbox 945 4863 1082 4943; x_wconf 88' lang='lat' dir='ltr'>disputa·</span> <span class='ocrx_word' id='word_1_532' title='bbox 1131 4865 1266 4927; x_wconf 87' lang='lat' dir='ltr'>naturali</span> <span class='ocrx_word' id='word_1_533' title='bbox 1286 4869 1486 4947; x_wconf 86' lang='lat' dir='ltr'>proprietate,</span> <span class='ocrx_word' id='word_1_534' title='bbox 1502 4884 1539 4930; x_wconf 91' lang='lat' dir='ltr'>eo</span> <span class='ocrx_word' id='word_1_535' title='bbox 1553 4868 1657 4943; x_wconf 78' lang='lat' dir='ltr'>morlo,</span> <span class='ocrx_word' id='word_1_536' title='bbox 1681 4884 1777 4948; x_wconf 85' lang='lat' dir='ltr'>quern</span> <span class='ocrx_word' id='word_1_537' title='bbox 1795 4865 1902 4930; x_wconf 82' lang='lat' dir='ltr'>rerhls</span> 
     </span>
     <span class='ocr_line' id='line_1_51' title="bbox 314 4954 1901 5041; baseline -0.003 -18"><span class='ocrx_word' id='word_1_538' title='bbox 314 4962 604 5025; x_wconf 79' lang='lat' dir='ltr'>tionemreuerunt</span> <span class='ocrx_word' id='word_1_539' title='bbox 617 4959 692 5037; x_wconf 93' lang='lat' dir='ltr'>quin</span> <span class='ocrx_word' id='word_1_540' title='bbox 703 4958 741 5018; x_wconf 92' lang='lat' dir='ltr'>ad</span> <span class='ocrx_word' id='word_1_541' title='bbox 751 4956 829 5017; x_wconf 86' lang='lat' dir='ltr'>illud</span> <span class='ocrx_word' id='word_1_542' title='bbox 838 4954 955 5016; x_wconf 91' lang='lat' dir='ltr'>dictum</span> <span class='ocrx_word' id='word_1_543' title='bbox 964 4954 1082 5035; x_wconf 83' lang='lat' dir='ltr'>Gyriili,</span> <span class='ocrx_word' id='word_1_544' title='bbox 1132 4957 1294 5037; x_wconf 78' lang='lat' dir='ltr'>explicare,</span> <span class='ocrx_word' id='word_1_545' title='bbox 1319 4957 1468 5039; x_wconf 86' lang='lat' dir='ltr'>eilariqua</span> <span class='ocrx_word' id='word_1_546' title='bbox 1490 4977 1556 5021; x_wconf 92' lang='lat' dir='ltr'>non</span> <span class='ocrx_word' id='word_1_547' title='bbox 1577 4974 1753 5041; x_wconf 74' lang='lat' dir='ltr'>pomumns,</span> <span class='ocrx_word' id='word_1_548' title='bbox 1775 4956 1901 5022; x_wconf 87' lang='lat' dir='ltr'>unitum</span> 
     </span>
    </p>
   </div>
   <div class='ocr_carea' id='block_1_6' title="bbox 314 5045 1900 5130">
    <p class='ocr_par' dir='ltr' id='par_1_8' title="bbox 314 5045 1900 5130">
     <span class='ocr_line' id='line_1_52' title="bbox 314 5045 1900 5130; baseline -0.002 -15"><span class='ocrx_word' id='word_1_549' title='bbox 314 5053 452 5116; x_wconf 80' lang='lat' dir='ltr'>velutad</span> <span class='ocrx_word' id='word_1_550' title='bbox 471 5068 587 5128; x_wconf 86' lang='lat' dir='ltr'>arcem,</span> <span class='ocrx_word' id='word_1_551' title='bbox 611 5055 642 5110; x_wconf 91' lang='lat' dir='ltr'>et</span> <span class='ocrx_word' id='word_1_552' title='bbox 664 5046 947 5130; x_wconf 76' lang='lat' dir='ltr'>propugnaculum,</span> <span class='ocrx_word' id='word_1_553' title='bbox 973 5045 1082 5107; x_wconf 85' lang='lat' dir='ltr'>conlu-</span> <span class='ocrx_word' id='word_1_554' title='bbox 1133 5049 1338 5112; x_wconf 74' lang='lat' dir='ltr'>uuiversum</span> <span class='ocrx_word' id='word_1_555' title='bbox 1353 5048 1900 5114; x_wconf 87' lang='lat' dir='ltr'>unamnohlsostendlssefiliinatu·</span> 
     </span>
    </p>
   </div>
   <div class='ocr_carea' id='block_1_7' title="bbox 312 5236 1900 5488">
    <p class='ocr_par' dir='ltr' id='par_1_9' title="bbox 312 5236 1900 5488">
     <span class='ocr_line' id='line_1_53' title="bbox 348 5236 1900 5321; baseline -0.001 -19"><span class='ocrx_word' id='word_1_556' title='bbox 348 5262 370 5302; x_wconf 85' lang='lat' dir='ltr'>ct</span> <span class='ocrx_word' id='word_1_557' title='bbox 388 5247 454 5303; x_wconf 80' lang='lat' dir='ltr'>Cra.</span> <span class='ocrx_word' id='word_1_558' title='bbox 478 5241 593 5317; x_wconf 63' lang='lat' dir='ltr'>‘upupa</span> <span class='ocrx_word' id='word_1_559' title='bbox 607 5244 646 5298; x_wconf 77' lang='lat' dir='ltr'>bur</span> <span class='ocrx_word' id='word_1_560' title='bbox 664 5239 708 5297; x_wconf 74' lang='lat' dir='ltr'>tto</span> <span class='ocrx_word' id='word_1_561' title='bbox 725 5240 806 5314; x_wconf 70' lang='grc' dir='ltr'>φύσεις</span> <span class='ocrx_word' id='word_1_562' title='bbox 827 5242 948 5310; x_wconf 61' lang='lat' dir='ltr'>squillas</span> <span class='ocrx_word' id='word_1_563' title='bbox 961 5236 1080 5314; x_wconf 70' lang='grc' dir='ltr'>ἂλλήλᾳις</span> <span class='ocrx_word' id='word_1_564' title='bbox 1129 5240 1256 5314; x_wconf 71' lang='grc' dir='ltr'>ἀλλήλων,</span> <span class='ocrx_word' id='word_1_565' title='bbox 1272 5245 1327 5301; x_wconf 74' lang='grc' dir='ltr'>οὐδὲ</span> <span class='ocrx_word' id='word_1_566' title='bbox 1342 5245 1375 5309; x_wconf 81' lang='grc' dir='ltr'>εἰς</span> <span class='ocrx_word' id='word_1_567' title='bbox 1388 5245 1432 5302; x_wconf 71' lang='lat' dir='ltr'>hu&#39;o</span> <span class='ocrx_word' id='word_1_568' title='bbox 1446 5247 1566 5321; x_wconf 66' lang='lat' dir='ltr'>ripsque</span> <span class='ocrx_word' id='word_1_569' title='bbox 1579 5245 1648 5313; x_wconf 65' lang='lat' dir='ltr'>niobe</span> <span class='ocrx_word' id='word_1_570' title='bbox 1662 5248 1704 5304; x_wconf 77' lang='lat' dir='ltr'>abr</span> <span class='ocrx_word' id='word_1_571' title='bbox 1715 5247 1769 5314; x_wconf 79' lang='lat' dir='ltr'>las,</span> <span class='ocrx_word' id='word_1_572' title='bbox 1782 5247 1824 5301; x_wconf 73' lang='lat' dir='ltr'>eal</span> <span class='ocrx_word' id='word_1_573' title='bbox 1838 5247 1900 5320; x_wconf 70' lang='lat' dir='ltr'>dpl-</span> 
     </span>
     <span class='ocr_line' id='line_1_54' title="bbox 312 5323 1897 5405; baseline 0.002 -24"><span class='ocrx_word' id='word_1_574' title='bbox 312 5327 366 5381; x_wconf 74' lang='grc' dir='ltr'>καθ’</span> <span class='ocrx_word' id='word_1_575' title='bbox 380 5328 466 5382; x_wconf 75' lang='lat' dir='ltr'>luunt</span> <span class='ocrx_word' id='word_1_576' title='bbox 478 5325 642 5381; x_wconf 68' lang='grc' dir='ltr'>ἀδιάσπαστον</span> <span class='ocrx_word' id='word_1_577' title='bbox 656 5323 809 5399; x_wconf 51' lang='lat' dir='ltr'>immutare,</span> <span class='ocrx_word' id='word_1_578' title='bbox 823 5324 864 5378; x_wconf 77' lang='lat' dir='ltr'>sul</span> <span class='ocrx_word' id='word_1_579' title='bbox 875 5324 1009 5397; x_wconf 76' lang='grc' dir='ltr'>ἀτρέπτως,</span> <span class='ocrx_word' id='word_1_580' title='bbox 1023 5330 1076 5381; x_wconf 86' lang='lat' dir='ltr'>etc.</span> <span class='ocrx_word' id='word_1_581' title='bbox 1130 5344 1222 5399; x_wconf 79' lang='lat' dir='ltr'>prator,</span> <span class='ocrx_word' id='word_1_582' title='bbox 1238 5324 1294 5382; x_wconf 77' lang='grc' dir='ltr'><strong>ἀλλ’</strong></span> <span class='ocrx_word' id='word_1_583' title='bbox 1309 5324 1439 5402; x_wconf 71' lang='lat' dir='ltr'>iruqaplr</span> <span class='ocrx_word' id='word_1_584' title='bbox 1453 5330 1518 5398; x_wconf 77' lang='lat' dir='ltr'>albu,</span> <span class='ocrx_word' id='word_1_585' title='bbox 1528 5331 1578 5397; x_wconf 79' lang='lat' dir='ltr'>sal,</span> <span class='ocrx_word' id='word_1_586' title='bbox 1589 5332 1623 5395; x_wconf 79' lang='grc' dir='ltr'>ὡς</span> <span class='ocrx_word' id='word_1_587' title='bbox 1633 5331 1657 5387; x_wconf 86' lang='lat' dir='ltr'>ol</span> <span class='ocrx_word' id='word_1_588' title='bbox 1666 5333 1765 5405; x_wconf 66' lang='lat' dir='ltr'>scripu</span> <span class='ocrx_word' id='word_1_589' title='bbox 1775 5328 1897 5401; x_wconf 69' lang='grc' dir='ltr'>ιίρήιωι,</span> 
     </span>
     <span class='ocr_line' id='line_1_55' title="bbox 312 5405 1689 5488; baseline 0.004 -21"><span class='ocrx_word' id='word_1_590' title='bbox 312 5410 384 5467; x_wconf 77' lang='grc' dir='ltr'>Μετὰ</span> <span class='ocrx_word' id='word_1_591' title='bbox 405 5411 487 5484; x_wconf 72' lang='lat' dir='ltr'>piscor</span> <span class='ocrx_word' id='word_1_592' title='bbox 500 5410 544 5479; x_wconf 80' lang='grc' dir='ltr'>τὴν</span> <span class='ocrx_word' id='word_1_593' title='bbox 563 5409 665 5474; x_wconf 76' lang='lat' dir='ltr'>lauces,</span> <span class='ocrx_word' id='word_1_594' title='bbox 681 5408 710 5462; x_wconf 79' lang='lat' dir='ltr'>ot</span> <span class='ocrx_word' id='word_1_595' title='bbox 725 5411 865 5480; x_wconf 72' lang='grc' dir='ltr'>διαιροῦμεν</span> <span class='ocrx_word' id='word_1_596' title='bbox 884 5407 928 5472; x_wconf 73' lang='grc' dir='ltr'>τὰς</span> <span class='ocrx_word' id='word_1_597' title='bbox 939 5406 1021 5477; x_wconf 71' lang='grc' dir='ltr'><strong>φύσεις</strong></span> <span class='ocrx_word' id='word_1_598' title='bbox 1035 5406 1078 5461; x_wconf 77' lang='grc' dir='ltr'>ἀπ’</span> <span class='ocrx_word' id='word_1_599' title='bbox 1130 5405 1187 5482; x_wconf 75' lang='grc' dir='ltr'>μίαν</span> <span class='ocrx_word' id='word_1_600' title='bbox 1200 5410 1323 5483; x_wconf 57' lang='lat' dir='ltr'>absumi</span> <span class='ocrx_word' id='word_1_601' title='bbox 1335 5414 1390 5468; x_wconf 71' lang='lat' dir='ltr'>troi</span> <span class='ocrx_word' id='word_1_602' title='bbox 1402 5414 1479 5487; x_wconf 78' lang='grc' dir='ltr'>λόγου</span> <span class='ocrx_word' id='word_1_603' title='bbox 1493 5410 1689 5488; x_wconf 47' lang='lat' dir='ltr'>mancupium.</span> 
     </span>
    </p>
   </div>
   <div class='ocr_carea' id='block_1_8' title="bbox 0 0 2040 6164">
    <p class='ocr_par' dir='ltr' id='par_1_10' title="bbox 0 0 2040 6164">
     <span class='ocr_line' id='line_1_56' title="bbox 0 0 2040 6164; baseline 0 5"><span class='ocrx_word' id='word_1_604' title='bbox 0 0 2040 6164; x_wconf 95' lang='lat' dir='ltr'> </span> 
     </span>
    </p>
   </div>
  </div>
 </body>
</html>
