3994 6164
575 333 626 393 DE
645 326 948 396 lNCARNATlONE.
969 327 1048 387 LIB.
1070 328 1097 400 l,
1119 325 1203 388 GAP.
1225 327 1297 386 Vll.

147 500 291 580 Nysseno,
324 512 388 577 quo
421 512 479 576 per
507 493 592 557 idem
620 498 756 574 tempus,
785 495 910 553 mortuo

147 590 282 662 Valente,
296 606 334 650 ac
346 605 423 669 pace
435 586 575 649 Ecclesiis
588 586 719 659 reddita,
730 589 849 646 constat
857 583 912 645 illa

145 685 179 745 in
200 681 277 744 urbe
294 687 403 742 contra
420 679 630 761 Apollinarem
647 683 770 757 gestum
793 675 910 756 aliquid

142 776 247 838 tuisse.
269 775 456 853 Quanquam
474 772 687 833 Theodoretus
709 786 773 830 nou
788 767 909 849 episco-

142 884 254 951 porum
280 863 444 942 coucilio¹,
474 863 529 925 sed
548 861 659 943 Sapori
677 860 748 923 duci
774 859 911 939 idipsum

142 960 259 1037 tribuit,
269 959 327 1039 qui
337 962 407 1039 post
425 973 533 1018 necem
545 953 697 1027 Valentis,
713 952 752 1014 ab
763 951 910 1014 Gratiano

143 1052 278 1116 Ramani
299 1051 397 1112 totius
418 1047 542 1129 imperii
562 1051 706 1126 compote
721 1044 834 1106 missus
856 1043 911 1104 illo

141 1145 250 1220 iuerat,
273 1148 312 1204 ut
339 1141 506 1204 Eccledam
522 1145 657 1220 quatuor
678 1139 712 1198 in
735 1141 838 1216 partes
852 1134 911 1197 sub

142 1236 292 1319 episcopis
303 1234 435 1296 totidem
449 1233 577 1294 scissam
595 1234 806 1310 componeret,
825 1233 855 1289 et
871 1227 912 1290 ad

141 1327 339 1392 concordiam
359 1330 530 1388 revocaret.
554 1323 615 1386 Ubi
637 1320 773 1384 Flaviani
799 1338 909 1400 opera,

140 1424 195 1504 qui
219 1419 338 1483 lleletii
351 1418 515 1500 presbyter
527 1422 605 1490 erat,
625 1430 835 1495 compressum
848 1430 913 1475 esse

139 1512 437 1592 Paulinumprimo,
456 1510 568 1572 deinde
591 1507 814 1588 Apollinarem,
840 1505 914 1567 scri·

139 1606 186 1668 bit
218 1605 457 1678 theodoretus,
494 1608 587 1683 atque
617 1603 703 1663 hunc
735 1599 913 1680 episcopatu

139 1699 295 1778 deiectum
303 1695 507 1765 Antiocheno,
517 1694 703 1756 Laodiceam
712 1691 911 1770 serecepisse,

139 1809 212 1854 cum
222 1791 294 1871 jam
306 1794 379 1851 anta
393 1786 528 1849 Vitalem
540 1787 725 1848 ordinasset.

180 1884 242 1945 Sed
265 1882 365 1945 multa
384 1880 505 1943 suntin
527 1879 581 1941 illa
597 1876 785 1941 Theodoreti
799 1887 912 1937 narra-

141 1977 224 2039 tione
237 1993 354 2057 parum
366 1979 521 2049 accurate,
536 1991 573 2033 ac
591 1990 664 2034 rere
682 1969 815 2050 prodita,
835 1986 914 2047 pra·

138 2070 247 2132 sertim
262 2069 297 2130 in
320 2066 458 2129 Flaviani
479 2065 621 2146 gratiam,
643 2063 678 2124 in
701 2080 796 2144 quem
820 2060 913 2141 paulo

139 2161 325 2242 propensior
346 2159 427 2236 luit,
455 2175 552 2239 quam
584 2155 723 2218 historici
750 2152 851 2215 exacti
877 2171 914 2213 ac

140 2253 255 2315 sinceri
267 2252 343 2314 tides
362 2256 532 2333 pateretur.
548 2254 579 2311 et
602 2248 703 2309 multo
723 2242 914 2326 probabilius

142 2350 193 2407 est
205 2345 410 2424 abepiscopis,
426 2360 521 2423 quam
534 2340 572 2402 ab
581 2341 676 2415 Duce,
687 2337 815 2399 homine
822 2335 912 2412 laico,

141 2437 224 2500 tanti
238 2435 388 2498 momenti
399 2453 468 2497 rem
477 2431 723 2496 Ecclesiastieam
741 2434 914 2509 susceptam

179 2623 338 2684 Caeterum
346 2615 785 2698 Anumhenauusynodusssin
795 2632 914 2677 anuum

139 2714 250 2777 incidit
264 2713 378 2775 Christi
393 2714 463 2789 378,
483 2711 573 2791 cujus
592 2709 734 2771 emendas
750 2707 915 2770 lanuarias

139 2806 246 2870 Basilii
280 2823 366 2866 mors
397 2803 583 2866 illustravit:
621 2802 723 2882 potius
755 2818 849 2881 quam
880 2799 915 2861 iu

140 2905 337 2980 sequentem,
349 2903 387 2959 ut
399 2916 457 2959 nos
466 2897 542 2958 olim
555 2894 773 2975 opinabamur.

1668 321 1726 382 189

959 489 1058 571 ipsius
1071 492 1236 551 sectatores
1250 504 1326 548 usus
1334 485 1374 546 sit
1384 483 1597 546 Theodoretus
1605 481 1727 561 dialogo

960 587 1071 663 quarto
1086 580 1111 642 *.

1172 857 1367 942 CAPUT
1413 855 1513 939 Vll.

961 1148 1008 1213 De
1024 1147 1158 1212 Nestorio
1178 1143 1326 1209 haeretico.
1340 1142 1368 1201 l.
1386 1139 1465 1222 Ejus
1477 1138 1570 1221 oripo,
1592 1139 1660 1202 cite
1674 1141 1731 1200 iru-

1003 1241 1136 1303 titutum.
1152 1242 1183 1302 2.
1192 1232 1386 1321 provectiori
1394 1232 1425 1295 Ε
1423 1232 1615 1315 pt‘scopetum.
1623 1236 1653 1295 8.
1661 1229 1731 1294 Hee-

1002 1333 1075 1395 reric
1090 1351 1107 1393 a
1121 1330 1221 1395 Paulo
1234 1328 1432 1403 Somoruteuo,
1447 1331 1475 1386 et
1487 1324 1635 1386 Theodoro
1647 1325 1733 1405 Mop-

1001 1427 1273 1505 suesteuouccepto.
1286 1418 1633 1501 squammarum
1649 1415 1736 1478 Verbi

1001 1536 1121 1599 aequus,
1137 1520 1250 1575 θεοτόκον
1261 1511 1322 1573 dici
1341 1510 1607 1592 Virpicemuouest
1616 1527 1729 1591 possus.

1002 1611 1033 1670 5.
1059 1605 1141 1684 Quod
1156 1605 1273 1686 primus
1284 1602 1402 1684 publice
1420 1622 1507 1666 ausus
1519 1609 1560 1664 est
1568 1600 1735 1683 praedicare

1004 1699 1168 1765 Dorotheus
1178 1698 1356 1778 Episcopus,
1368 1694 1415 1759 uel
1425 1693 1735 1776 AuaetmiusPresby-

1005 1801 1050 1855 ter
1063 1790 1201 1855 Nestorii
1220 1788 1346 1852 cssecloe.
1370 1790 1400 1848 7.
1415 1786 1591 1850 Simultates
1608 1785 1734 1868 ejusdem

1002 1904 1069 1947 eum
1080 1882 1207 1965 Cyriliu
1221 1889 1368 1943 etmutuce
1385 1879 1504 1943 lettere.
1528 1879 1680 1941 Alienatio
1697 1879 1734 1941 cb

1003 1977 1141 2039 Nestorio
1152 1971 1471 2054 Corstcute'uopoliteui
1476 1971 1569 2045 Cleri,
1576 1970 1731 2053 depopuli.

1007 2069 1149 2133 Caelestirri
1161 2064 1359 2148 Papoedeilto
1368 2063 1528 2140 decretum,
1544 2065 1735 2125 utuisiiutru

1003 2161 1099 2224 decem
1117 2159 1179 2221 dier
1200 2177 1329 2221 errorem
1352 2164 1473 2234 reuocet,
1497 2175 1516 2219 u
1535 2156 1736 2219 commuuione

1003 2273 1069 2330 suc,
1084 2257 1114 2314 et
1136 2251 1352 2332 Episcoporum
1376 2248 1508 2313 aliorum
1527 2250 1616 2311 sciret
1632 2269 1661 2312 se
1679 2268 1736 2311 esre

1004 2345 1157 2428 rejectum.
1173 2342 1349 2405 &Nestorii
1353 2342 1536 2424 pervicacia,
1547 2351 1576 2404 et
1586 2342 1619 2405 iu
1629 2340 1735 2406 Cottio·

1005 2436 1075 2499 licor
1094 2437 1193 2518 furor.

1004 2623 1029 2685 l.
1041 2620 1335 2703 Apollinaristarum
1354 2625 1444 2683 secta
1459 2639 1608 2703 propago,
1623 2624 1684 2697 vel,
1699 2630 1736 2686 ut

965 2716 1064 2778 Graeci
1082 2716 1190 2777 dicunt
1210 2722 1332 2797 ἀπιχημα
1351 2714 1519 2793 quoddam,
1541 2716 1735 2796 Eutychiana

965 2807 1024 2868 luit
1035 2809 1173 2880 haeresis,
1189 2825 1284 2887 quam
1297 2807 1407 2868 iccirco
1415 2807 1556 2887 proxime
1566 2814 1635 2887 post
1648 2808 1734 2870 illam

965 2901 1111 2981 explicari
1121 2907 1364 2962 consentaneum
1373 2898 1604 2978 videripoterat.
1617 2901 1734 2962 Verum

181 2993 259 3054 Post
283 2991 378 3068 lucc,
405 2987 785 3068 Constantinopolitunum
812 2983 913 3047 conci·
965 2994 1114 3073 quoniam
1142 3010 1181 3054 ex
1211 2991 1378 3065 omuibus,
1409 3008 1479 3071 quae
1513 2991 1735 3054 lucarnationis

140 3083 233 3159 lium,
249 3083 334 3164 quod
357 3082 530 3144 secundum
549 3079 790 3142 OEcumessicum
808 3095 915 3140 cense-
966 3085 1134 3149 Dominicis
1158 3084 1253 3146 fidem
1281 3083 1516 3158 adulterarunt,
1544 3084 1733 3164 haeresibus,

140 3182 207 3253 tur,
218 3175 408 3257 Apollinffls
422 3173 526 3235 denuo
537 3172 696 3234 damnavit
705 3189 844 3233 errorem
857 3190 865 3246 3
879 3175 915 3231 ui
965 3179 1035 3240 duae
1049 3179 1185 3240 maxime
1194 3177 1526 3252 celebresexstiteruut,
1542 3176 1733 3256 Nestoriana,

142 3268 274 3351 epistola
295 3273 428 3329 testatur
450 3265 577 3346 puuloa
598 3264 688 3326 nobis
714 3269 787 3325 ante
810 3263 913 3340 citata,
965 3278 996 3333 et
1009 3271 1153 3350 illaipsa,
1168 3287 1263 3350 quam
1280 3268 1425 3343 diximus,
1441 3268 1481 3329 ab
1495 3274 1620 3331 auctore
1633 3271 1735 3333 nomi·

142 3378 241 3441 qnam
259 3364 410 3439 sequente
423 3376 507 3419 anno
521 3358 652 3419 Romam
673 3355 837 3431 miserunt,
850 3372 913 3435 (1¹10
964 3369 1039 3425 nata
1052 3362 1201 3442 Eutyche,
1223 3368 1316 3440 atque
1329 3361 1369 3422 ad
1388 3378 1440 3422 eas
1455 3366 1573 3422 catera
1586 3380 1735 3425 revocan-

142 3454 184 3515 ad
210 3453 378 3515 concilium
399 3449 608 3513 vocaberunt
631 3450 794 3510 ultumum
818 3446 911 3526 Papt-
965 3452 1731 3534 turomncs3harumpraecipucradonemducere,

142 3544 343 3607 rusticianus
364 3546 439 3605 item
458 3542 628 3622 imperator
645 3540 679 3601 iu
693 3539 793 3602 edicto
808 3544 916 3600 contra
966 3552 997 3608 et
1010 3546 1049 3608 ab
1064 3546 1256 3619 Nestorisue,
1268 3545 1351 3625 quod
1359 3551 1499 3626 tempore
1508 3544 1638 3608 alteram
1649 3553 1735 3611 antc-

143 3638 205 3699 tria
219 3635 382 3718 capitula',
409 3633 779 3713 Constantinopolitanam
804 3649 916 3693 secuu-
967 3638 1066 3712 cessit,
1082 3637 1236 3718 auspicari
1250 3636 1420 3700 maluimus
1433 3637 1471 3700 **.

144 3729 457 3835 damascumenicam
466 3727 623 3808 synodum
631 3723 916 3787 celebratamiuisse
1005 3730 1164 3793 Nestorius
1194 3728 1317 3809 impii⁸,
1340 3749 1377 3791 ac
1403 3730 1528 3792 nefandi
1550 3732 1734 3794 architectus
1758 3721 1907 3828 ,ffssfffflffffm

144 3822 589 3884 murmurmurmur
624 3827 852 3899 πιευματομάχου,
877 3824 917 3879 καὶ
965 3824 1089 3899 erroris,
1102 3822 1295 3885 Germanicia
1306 3821 1456 3883 oriundus
1464 3823 1612 3902 oppidulo
1622 3824 1730 3903 Syriae,
1756 3829 1893 3876 usurarum.

142 3923 251 3995 Μάγνου
264 3930 310 3976 τοῦ
328 3919 543 3993 Ἀπολλιιαριουι
567 3912 627 3972 hoc
654 3916 700 3973 est
729 3931 745 3969 c
771 3911 917 3972 adversus
966 3915 1060 3978 variis
1072 3915 1242 3996 peragratis
1261 3913 1439 3994 provinciis,
1459 3920 1494 3973 ut
1511 3913 1616 3974 scribit
1629 3915 1733 3976 Theo·

143 4005 364 4069 Macedonium
381 4005 634 4084 impugnatorem
655 4001 790 4082 Spiritus
807 4002 914 4077 sancii,
967 4008 1102 4085 doretus,
1125 4005 1296 4068 Antiochia
1319 4005 1447 4066 tandem
1468 4005 1591 4066 resedit.
1617 4006 1683 4080 Qua
1699 4007 1734 4068 in

144 4104 177 4161 ct
194 4099 346 4177 Magnum
372 4095 675 4176 Apollinarium.»
705 4095 755 4156 Sic
772 4095 858 4156 enim
871 4106 916 4157 τοῦ
967 4099 1045 4162 urbe
1058 4099 1235 4160 liberalibus
1249 4097 1367 4158 artibus
1375 4096 1571 4160 mediocriter
1582 4098 1732 4172 eruditus,

149 4197 341 4271 ἰωλλιναριου
354 4196 444 4251 retus
466 4187 619 4267 interpres
639 4187 784 4249 reddidit.
805 4187 918 4262 Quinc·
967 4192 1114 4254 curandae
1128 4191 1369 4269 exercendaque
1381 4189 1449 4251 voci
1458 4191 1652 4271 potissimum
1666 4209 1736 4272 ope-

144 4284 225 4345 tiam
237 4288 343 4364 postea
352 4286 691 4362 consequentesomnes
711 4281 917 4361 synodique
967 4302 1035 4345 ram
1059 4283 1153 4359 dedit,
1174 4301 1245 4364 quae
1264 4288 1376 4343 natura
1397 4283 1509 4359 suavis,
1534 4290 1564 4344 ct
1587 4283 1670 4344 clara
1690 4283 1737 4344 illi

146 4376 185 4438 de
213 4374 440 4437 Ineamalionis
457 4373 519 4434 fide
545 4373 704 4453 quippiam
730 4373 914 4452 attigerunt,
967 4375 1077 4437 inerat.
1103 4374 1298 4437 Marcellinus
1320 4375 1430 4436 Comes
1454 4373 1612 4436 Autioelu'o
1634 4381 1738 4436 nutum

145 4466 360 4550 Apollinarem
386 4466 533 4529 eumdem
565 4466 760 4527 decretorum
787 4483 916 4527 suorum
968 4466 1058 4528 illum
1082 4466 1159 4528 falso
1185 4467 1329 4548 prodidit.
1356 4467 1446 4543 Nam,
1469 4467 1739 4530 Germanioeusem

145 4565 237 4640 parte
258 4558 364 4639 aliqua
389 4563 550 4635 notarunt,
576 4576 613 4619 ae
636 4575 695 4638 pro
720 4558 868 4619 damnato
890 4561 921 4617 et
967 4559 1062 4622 fuisse
1076 4565 1195 4621 veteres
1208 4558 1416 4621 consentiunt.
1431 4559 1739 4621 Monasticamvitam

147 4657 292 4714 mactato
309 4651 502 4731 judicarunt.
970 4651 1116 4714 eumdem
1135 4651 1227 4713 initio
1241 4649 1427 4731 professum,
1443 4652 1527 4732 quod
1542 4652 1694 4730 Socrates,
1709 4657 1741 4714 ct

187 4744 252 4806 Nec
277 4748 381 4805 tamen
403 4741 666 4824 pretermiserim,
693 4741 860 4823 ahquando
883 4742 922 4803 de
969 4741 1738 4825 Theodoretus,aliiquetaceut,iudieatEvagrius‘,

149 4836 370 4898 Incarnalione
388 4833 535 4916 praeolare
554 4834 764 4916 catholiceque
782 4835 923 4897 locutum
970 4855 1010 4899 ex
1025 4854 1124 4915 eoque
1146 4833 1369 4915 Nicephorus⁸,
1394 4837 1448 4916 qui
1470 4842 1500 4899 et
1518 4837 1741 4899 monasterium

150 4928 376 5010 Apollinarem,
391 4928 470 4991 adeo
481 4933 518 4988 ut
536 4927 603 5008 ejus
620 4927 796 4991 testimonio
815 4933 924 4990 contra
971 4928 1011 4991 ad
1024 4927 1222 4990 Antiochiam
1235 4928 1330 4990 situm
1340 4927 1433 4991 fuisse
1443 4929 1592 5008 referunt,
1606 4931 1742 4991 duorum

184 5115 194 5133 '
209 5114 267 5168 Vide
280 5129 331 5182 qua
344 5128 415 5182 supra
428 5113 556 5167 notadnus
568 5113 598 5166 ad
614 5128 665 5180 cap.
682 5125 720 5177 vr,
733 5113 747 5183 ξ
761 5114 787 5178 l,
797 5118 821 5165 et
833 5113 922 5167 (tuuc-
1004 5115 1020 5131 '⁶
1037 5115 1070 5168 lle
1082 5114 1297 5182 decussisque
1310 5115 1391 5168 heresi
1404 5120 1486 5184 prater
1498 5115 1616 5182 theologos
1628 5115 1740 5182 scripsere

150 5192 211 5244 rim
221 5190 316 5244 Distat
330 5191 342 5244 l
354 5192 386 5244 dc
398 5190 497 5251 burrei,
512 5194 535 5242 ct
543 5190 612 5243 tibris
625 5189 881 5318 Nestoriicffiap.31.rr,zt
894 5190 920 5242 t.
970 5191 1267 5335 fflfligffoefflffm
1287 5198 1389 5245 recenset
1401 5193 1518 5244 Buttou.
1544 5191 1634 5317 62⁸ch
1653 5196 1677 5317 ti
1697 5190 1736 5251 lll,

181 5442 194 5485 1
209 5439 290 5487 Μ.
299 5441 315 5487 l.
329 5441 355 5498 V,
369 5451 390 5488 c.
400 5439 486 5488 ιιι-ἱ
498 5441 560 5487 'l'om
569 5440 720 5487 licens-3
733 5441 793 5486 Scor.
809 5439 847 5486 llb.
862 5440 909 5492 vll,
917 5451 965 5499 cap.
975 5452 1023 5487 mr
1031 5440 1110 5487 Theod-
1120 5440 1135 5485 l.
1147 5440 1174 5485 lv
1183 5440 1209 5485 cle
1220 5441 1277 5486 lioer.
1289 5450 1309 5485 c.
1320 5451 1352 5483 ru
1361 5439 1392 5484 Er
1404 5451 1444 5496 qro
1453 5443 1553 5493 accepts
1564 5443 1596 5482 est
1606 5437 1699 5495 epistola
1711 5439 1739 5485 ad

153 5503 287 5561 smitam
298 5504 321 5550 ln
333 5505 393 5551 salec
404 5511 459 5549 ton.
472 5503 500 5548 lv
512 5503 582 5554 liber.
593 5503 617 5549 ta
628 5504 691 5549 Bru.
702 5517 722 5549 c.
731 5514 791 5549 ιι.-
801 5502 814 5548 l
826 5503 874 5549 lle.
885 5503 904 5557 l,
914 5515 963 5563 cap.
973 5501 1061 5549 ris-5
1076 5502 1122 5549 lli.
1132 5502 1188 5558 xlc,
1200 5514 1221 5547 c.
1229 5512 1301 5547 rrrrr.
