4122 6248
534 315 584 376 DE
604 311 905 383 ructabundus,
926 314 1004 376 LIB.
1027 314 1065 388 V,
1094 314 1178 376 cte.
1201 314 1290 376 vnt.
1641 317 1696 375 titt

113 502 172 546 neo
185 480 405 559 divisamequa
416 482 535 560 partem
544 477 748 549 suimethuio,
764 480 884 554 partam
935 476 1023 559 dixit,
1038 496 1103 537 non
1116 477 1219 558 inepte
1236 477 1275 537 ad
1289 477 1386 538 solam
1400 476 1536 537 hominis
1556 482 1702 538 naturam

114 575 203 637 alteri
229 572 388 633 tribuens:
418 588 529 631 verum
553 574 618 629 tota
644 567 738 645 hujus
765 574 796 628 et
821 573 886 627 tots
934 569 1167 630 accommodare
1181 570 1262 646 lieet,
1278 573 1309 630 et
1323 587 1393 631 eam
1406 570 1562 648 appellare
1576 588 1703 650 compet·-

115 667 215 742 ittius,
230 683 287 746 pro
300 664 434 724 indiviso
447 667 510 737 est,
526 667 557 723 et
569 661 700 740 integre.
716 661 786 720 Non
799 660 884 719 enim
934 669 1086 737 sonatum3
1102 680 1138 723 ao
1147 667 1404 739 muratorianam
1421 662 1514 722 etiam
1526 668 1700 739 ἐνοπόστστσν,

114 756 470 841 propriavioousistens,
480 752 640 815 DeiVerbi
649 770 721 813 earo
729 750 882 812 subsistit:
935 770 972 813 eo
987 754 1070 832 quod
1085 772 1250 833 personam
1271 771 1343 814 eum
1356 754 1452 815 altera
1473 758 1585 815 natura
1607 772 1702 816 unam

115 870 175 913 neo
187 851 285 911 attera
298 848 377 909 iaota
390 854 438 908 est
457 845 647 926 hypostasis,
664 850 776 924 praeter
788 843 886 923 hypo·
935 845 1048 921 aiiioit3
1064 847 1114 908 vel
1127 863 1198 909 oum
1212 847 1320 908 eadem
1335 847 1428 908 simul
1445 846 1478 906 in
1494 865 1559 907 una
1573 865 1704 926 persona

116 945 223 1005 stasim
237 941 291 1003 Dei
305 940 420 1002 Verbi:
436 939 490 1001 sed
512 937 545 998 in
566 938 632 1018 ipsa
658 937 824 998 subsistens
845 935 886 996 ad
936 937 1083 999 subsistit.

117 1034 311 1117 hypostasim
337 1032 436 1112 magis
458 1030 615 1111 adjuncta,
639 1046 735 1108 quam
759 1026 886 1107 proprio
977 1031 1031 1090 IV.
1060 1032 1103 1093 Ut
1129 1037 1235 1093 autem
1261 1032 1385 1111 plenius
1412 1032 1620 1093 controversia
1645 1033 1704 1093 ista

117 1129 213 1189 modo
240 1125 409 1187 consistens
428 1121 602 1203 hypostasis
623 1127 670 1183 est
695 1120 784 1182 iacta.
812 1119 886 1179 Ideo
937 1122 1134 1203 disceptetur,
1158 1124 1360 1185 discernenda
1385 1129 1459 1185 sunt
1483 1123 1544 1184 duo
1572 1124 1605 1184 in
1619 1129 1701 1197 οὐσία,

118 1238 184 1281 non
197 1219 351 1280 diversam
370 1217 403 1276 in
417 1213 602 1275 Trinitatem
621 1212 814 1293 hypostasim
834 1210 886 1270 in·
937 1214 1001 1276 sive
1020 1216 1182 1276 substantia
1202 1216 1317 1296 primo,
1345 1233 1480 1295 quorum
1507 1215 1640 1276 alterum
1665 1217 1703 1277 ad

71 1365 75 1371 .
118 1312 265 1374 ἀπείθη»
938 1307 1102 1368 essentiam
1132 1308 1210 1386 ejus,
1240 1308 1512 1386 definitionemque
1546 1308 1701 1387 pertinet3

59 1468 64 1477 ,
160 1404 214 1464 ΙΙΙ.
230 1402 285 1464 tiis
309 1397 535 1463 eruditissimus
558 1395 720 1477 theologus
742 1401 888 1458 naturam
937 1399 1071 1460 alterum
1085 1399 1290 1460 adventitium
1302 1404 1430 1476 est,non
1442 1406 1568 1472 οὐσιῶδες.
1581 1400 1704 1462 Etenim

119 1496 291 1557 humanam
301 1490 413 1553 Christi
424 1495 518 1570 negat
526 1507 591 1551 esse
605 1496 784 1564 ἀνυπόστατον,
797 1488 828 1548 id
844 1493 888 1548 est
938 1492 1086 1552 definitur
1102 1491 1282 1564 substantia,
1307 1490 1385 1570 quod
1395 1500 1435 1552 eat
1445 1510 1503 1573 per
1515 1510 1554 1567 se,
1578 1492 1637 1553 hoo
1660 1497 1706 1553 est

79 1607 86 1618 ·
119 1606 177 1649 παπ
194 1586 411 1659 subsidentem
427 1588 458 1644 et
480 1588 586 1643 tamen
615 1587 794 1652 ίοισσόστατσι,
825 1579 889 1641 sive
938 1601 1003 1644 non
1028 1583 1195 1645 accidentis
1224 1602 1311 1644 more
1337 1584 1474 1644 adhaeret
1495 1584 1593 1657 altari,
1621 1585 1707 1645 velut

120 1686 307 1742 ιεισιτόστατσν
320 1693 386 1737 non
400 1693 464 1737 essa
485 1674 609 1750 fatetur,
635 1672 695 1734 hoe
708 1677 754 1732 est
767 1670 889 1753 proprio
939 1675 1094 1755 subjeoto;
1111 1682 1141 1737 et
1155 1676 1304 1737 idoneum
1326 1682 1371 1736 est
1387 1694 1425 1736 ex
1443 1695 1519 1750 sese,
1543 1683 1611 1737 uta
1632 1696 1706 1756 quo·

118 1768 294 1834 subsistendi
307 1766 625 1840 moderationum,
642 1764 696 1825 sed
714 1764 748 1824 in
768 1764 839 1838 atio,
858 1768 889 1824 et
939 1785 1073 1847 utrmque
1101 1767 1275 1847 sejunctum
1293 1767 1389 1830 attero
1413 1768 1564 1830 subsistat.
1591 1771 1626 1829 tn
1648 1770 1707 1831 hoe

118 1864 221 1925 alieno
248 1860 342 1922 modo
368 1859 531 1921 subsistere
548 1877 557 1935 ;
573 1857 657 1937 quod
670 1863 888 1936 temeratorem
939 1860 1117 1922 substantias
1153 1861 1231 1921 ratio
1266 1865 1297 1921 et
1328 1869 1357 1922 τό
1371 1864 1433 1936 τίῆν
1446 1863 1508 1922 εἶναι
1541 1862 1705 1922 consistit:
1744 1889 1863 1942 ρςςςςςςω,

119 1955 267 2037 appellat.
293 1953 387 2014 1an
415 1952 496 2013 libro
517 1949 552 2012 de
577 1947 753 2025 Trinitate¹,
768 1949 888 2010 cumde
939 1953 1034 2032 idque
1048 1951 1357 2024 omnibusuonvenit,
1384 1952 1478 2013 etiam
1492 1953 1548 2028 illi,
1569 1973 1638 2032 quae
1653 1972 1708 2033 per
1739 1966 1869 2029 ρισιιισιιιτ

119 2057 256 2112 ’σκσστάστι
270 2046 511 2126 disputaremus,
521 2043 605 2123 quod
621 2042 688 2103 fuse
701 2046 732 2102 et
747 2046 889 2102 accurate
940 2063 982 2120 se,
1000 2064 1036 2107 ao
1053 2051 1193 2124 separata
1212 2045 1342 2106 minime
1365 2045 1517 2121 oohmrat3
1534 2046 1708 2127 eujusmodi
1731 2026 1880 2117 ,ξῖίάὺἷςῖίόε

118 2141 182 2202 illie
195 2139 337 2215 fecimus,
352 2136 498 2199 multade
511 2153 624 2197 vocum
637 2135 760 2195 iliarum
774 2133 889 2213 signifi·
940 2145 986 2200 est
999 2137 1138 2198 humana
1150 2138 1260 2198 Christi
1273 2137 1453 2198 substantia.
1466 2140 1613 2204 Quamvis
1623 2139 1708 2200 enim
1765 2135 1846 2223 ”22¹3

118 2233 242 2297 catione
276 2231 421 2303 diximus,
454 2235 630 2301 δνοπόστατσν,
646 2235 824 2299 ἀνυπόστατον,
859 2234 891 2287 et
942 2247 1005 2290 non
1033 2248 1100 2303 sua,
1130 2230 1184 2290 sad
1209 2230 1310 2290 aliona
1336 2230 1523 2310 proprietate
1550 2230 1706 2307 subsistit3
1768 2192 1781 2236 p
1840 2209 1846 2223 ⁵

117 2332 281 2389 ὑιισστατιιὺι
298 2342 305 2385 :
323 2341 393 2403 quae
405 2322 465 2383 hoa
478 2321 547 2382 loeo
567 2320 636 2382 usui
650 2336 716 2380 esse
737 2324 888 2399 possunt:
941 2321 1078 2383 subsistit
1092 2328 1194 2383 tamen
1213 2322 1262 2383 vet
1281 2322 1402 2396 atiena3
1418 2327 1486 2382 tum
1504 2339 1620 2383 essese
1640 2342 1710 2403 pro·

119 2424 152 2480 et
176 2418 255 2479 illud
282 2414 446 2496 imprimis,
468 2419 632 2475 ἐνοτόστατσι
660 2412 721 2473 diei
742 2429 890 2472 nonnan-
941 2414 1009 2494 pria
1019 2433 1143 2496 quoque
1156 2419 1267 2492 posset,
1279 2414 1304 2474 si
1313 2414 1370 2474 sibi
1380 2414 1486 2476 relicta
1495 2416 1624 2476 seorsim
1635 2417 1710 2476 exis

119 2529 217 2591 qrram
230 2510 275 2586 id,
290 2507 374 2589 quod
392 2524 447 2586 per
460 2524 504 2582 sa,
518 2509 549 2565 et
570 2502 695 2585 proprio
709 2503 803 2565 modo
827 2520 892 2563 non
941 2511 1042 2583 teret;
1065 2508 1111 2567 uti
1137 2508 1168 2569 S.
1199 2506 1334 2566 Thomas
1360 2507 1466 2566 asserit
1481 2506 1504 2566 ³.
1526 2508 1591 2568 Hoa
1616 2508 1711 2587 igitur

119 2602 261 2664 subsistit
273 2620 282 2677 ;
299 2601 351 2661 sed
363 2598 444 2659 inest
455 2598 489 2657 in
502 2597 562 2657 alio
575 2614 631 2675 per
644 2614 676 2656 se
688 2595 889 2672 subsistente3
943 2616 1053 2674 unum,
1066 2597 1191 2679 proprio
1205 2616 1293 2678 posse
1302 2598 1394 2659 modo
1405 2598 1580 2672 subsistere,
1594 2601 1633 2660 ad
1642 2600 1712 2660 sub-

120 2706 153 2757 et
167 2693 360 2755 substantiva
379 2707 451 2752 oum
469 2706 506 2749 eo
527 2688 746 2766 conjunctione
766 2687 893 2766 copula·
943 2691 1060 2752 stantia.
1082 2696 1227 2751 natruam
1250 2689 1371 2765 attinet,
1392 2690 1482 2769 eique
1505 2691 1559 2752 dat
1576 2693 1609 2753 in
1631 2699 1713 2753 rato·

119 2797 186 2850 tur.
199 2781 526 2862 Siohomiuisspeaies
538 2781 572 2841 in
586 2779 771 2854 individuis3
787 2780 892 2840 anima
943 2785 1030 2862 gorio
1055 2782 1233 2844 substantiae
1253 2782 1369 2843 loetum.
1393 2784 1434 2842 At
1450 2802 1524 2844 vero
1547 2784 1658 2863 reipsa,
1682 2790 1713 2846 et

120 2883 155 2942 'm
168 2898 233 2940 uno
246 2874 521 2958 quolibethomine
538 2871 674 2933 subsistit
691 2890 698 2932 τ
714 2871 892 2932 humanitas
944 2884 1012 2936 aeta
1024 2876 1150 2955 propria
1162 2875 1204 2947 vi,
1220 2875 1375 2953 modoque
1392 2875 1568 2952 subsistere,
1588 2883 1713 2937 nonest

121 2973 191 3054 ipsa
206 2968 314 3032 Christi
343 2972 378 3028 ut
403 2964 578 3046 hypostasis
604 2981 669 3023 non
695 2967 752 3039 est,
779 2963 823 3023 sie
847 2968 893 3024 est
944 2975 1059 3038 οὐσιῶδες
1073 2966 1263 3029 substantiae.
1282 2968 1404 3027 Horum
1416 2967 1520 3047 itaque
1534 2969 1620 3048 prius
1632 2970 1713 3031 inest
1736 2989 1870 3035 αιιισιιαισ.

123 3071 301 3137 ἀνυπόστατος,
313 3059 396 3139 quod
410 3058 445 3117 in
462 3056 567 3117 Verbo
587 3055 736 3133 subsistit,
751 3073 810 3116 nea
826 3060 894 3115 tan·
943 3061 1089 3121 humanas
1105 3059 1218 3121 Christi
1232 3059 1412 3121 substantiae
1429 3080 1436 3121 :
1451 3061 1602 3140 posterius
1616 3062 1712 3140 deest,

123 3172 222 3237 quam
246 3152 388 3215 assidens
410 3148 540 3209 inhaeret
572 3146 641 3227 ipsi.
671 3147 752 3208 Tum
785 3148 894 3207 eadem
944 3152 1093 3231 quamdiu
1125 3169 1196 3213 eum
1230 3151 1333 3212 Verbo
1360 3152 1504 3229 nectitur,
1530 3173 1565 3215 aa
1592 3155 1713 3234 potiore

123 3254 294 3315 ἀνυπόστατος
316 3242 440 3317 dieitur,
464 3244 618 3320 quatenus
636 3246 778 3315 ὑπόστασις,
798 3257 893 3318 quam
944 3242 1037 3305 modo
1060 3242 1222 3319 existendi,
1247 3243 1396 3303 naturalis
1423 3243 1611 3324 inferiorque
1635 3266 1712 3327 pen-

123 3356 188 3399 νοιι
198 3337 252 3398 illa
267 3340 372 3413 negat,
384 3332 588 3395 substantiam
602 3350 657 3412 per
672 3350 893 3411 sa,aosepara-
945 3341 1040 3397 satur,

125 3431 186 3491 tim
220 3430 400 3490 existentem
434 3424 584 3501 signifieat
609 3441 615 3483 :
642 3429 834 3485 nouantem
859 3428 895 3484 ut
986 3429 1068 3489 Beue
1081 3426 1150 3501 hoo,
1165 3432 1295 3490 etaoute
1308 3428 1446 3490 ioannes
1459 3426 1632 3489 Maxentius
1645 3430 1711 3491 ani·

125 3520 267 3583 absolute
280 3538 337 3580 nou
347 3518 525 3591 existentem,
542 3520 573 3577 et
585 3515 620 3575 in
638 3515 772 3575 nihilum
790 3516 896 3577 redae·
945 3521 1110 3582 madvertit
1126 3520 1160 3579 in
1173 3521 1256 3581 natae
1270 3519 1383 3598 dialogi
1398 3518 1515 3598 primi⁸,
1532 3520 1587 3581 ubi
1606 3523 1712 3583 Nesto-

125 3620 203 3685 tam,
229 3619 322 3692 atque
344 3617 490 3690 ίιότ-αριτσι
502 3608 627 3670 indicat.
658 3609 736 3668 Nam
762 3617 895 3687 utraque
945 3611 1033 3671 riano
1062 3611 1229 3693 respondet
1251 3611 1437 3673 asseveranti
1471 3617 1617 3673 naturam
1644 3634 1714 3695 quae

126 3711 262 3787 potestas
295 3703 400 3764 subest
432 3701 493 3761 iltis
524 3700 662 3776 vocibus,
691 3706 835 3773 ὑπόστασις,
864 3705 897 3761 et
947 3721 1079 3783 pemeus
1088 3723 1151 3764 uon
1163 3704 1213 3779 sit,
1225 3723 1289 3766 esse
1299 3704 1417 3765 nullam
1431 3722 1438 3763 :
1452 3704 1566 3784 quippe
1584 3706 1715 3767 «insub-

126 3807 295 3868 ἀνυπόστατος
313 3796 372 3857 :de
386 3813 449 3875 quo
462 3797 728 3873 praterauotores
743 3791 897 3853 ailatosiu
947 3796 1092 3856 stantiam
1113 3796 1301 3875 quamdam,
1345 3802 1376 3856 et
1408 3795 1536 3857 inanem
1569 3803 1715 3858 naturam

126 3897 240 3971 quarto
253 3889 334 3950 libro
348 3885 383 3949 de
399 3884 556 3959 Trinitate,
572 3884 721 3965 legendus
740 3890 786 3945 est
799 3887 898 3946 Leon·
947 3886 1056 3962 rideri,
1067 3906 1137 3967 quas
1151 3887 1271 3948 nullam
1281 3887 1516 3948 diriturhabere
1537 3906 1711 3967 personam.

127 3990 189 4046 tius
201 3984 236 4043 in
247 3980 327 4042 libro
338 3979 373 4041 de
386 3977 490 4052 Sertis,
505 3978 625 4039 satione
634 3978 776 4055 septima.
951 3979 1015 4060 tubi
1029 3978 1252 4040 insubstantiata
1267 3984 1357 4040 vorat
1374 3980 1458 4058 quod
1477 3980 1576 4041 Graeci
1588 3988 1712 4055 ανσύσισι,

167 4076 381 4138 Adelmannus
403 4072 438 4132 in
458 4070 586 4150 epistola
598 4067 638 4129 ad
649 4067 896 4149 Berenpurium’,
948 4071 997 4132 vel
1012 4072 1190 4153 ἀνιπόστατσν)
1207 4074 1251 4133 Ex
1269 4070 1362 4150 hujus
1373 4070 1476 4150 itaque
1493 4072 1595 4133 verbis
1619 4072 1716 4134 infor·

126 4170 286 4231 Christum
313 4166 357 4226 ait
384 4181 454 4225 aex
478 4162 599 4223 duabus
625 4161 748 4223 naturis
771 4160 899 4221 dirersis
949 4163 1030 4223 mari
1067 4181 1251 4242 responsum
1288 4162 1371 4222 istud
1416 4169 1515 4242 potest
1542 4182 1549 4223 τ
1579 4164 1715 4226 Verbum

126 4262 399 4340 sompersonatum
426 4272 501 4316 esse.
517 4275 533 4313 ο
551 4256 656 4317 Croeoe
684 4253 771 4314 reddi
798 4257 900 4332 potest
950 4254 1149 4335 assumpsisse
1172 4260 1316 4315 naturam
1341 4254 1522 4331 humanam,
1544 4274 1613 4335 quae
1628 4275 1666 4318 ex
1684 4275 1716 4317 se

126 4362 322 4417 σννισόστστσν.
339 4349 427 4424 Quod
441 4352 543 4410 autem
561 4347 599 4408 de
613 4339 679 4407 toto
694 4346 761 4425 ipso
781 4344 900 4406 Christo
950 4352 1022 4425 apta
1036 4348 1076 4407 sit
1090 4347 1128 4407 ad
1147 4345 1378 4406 subsistendum
1391 4346 1425 4406 in
1442 4346 1543 4426 aliqua
1563 4365 1714 4428 persona;

163 4555 320 4612 obiissse.
340 4552 372 4610 Ei
388 4548 435 4625 γάρ
455 4550 495 4606 καί
510 4551 542 4623 μή
565 4547 615 4605 ίστι
636 4548 704 4620 φόσις
721 4546 897 4614 ἀνυπόστατος,
948 4542 1009 4602 είναι
1020 4550 1172 4622 παραχωρεῖ·
1188 4545 1243 4602 otti
1257 4544 1318 4602 ποτέ
1330 4545 1373 4620 μέν
1387 4552 1430 4617 τῆς
1448 4546 1485 4616 δέ,
1499 4548 1559 4604 ποτέ
1573 4548 1599 4604 δὲ
1614 4548 1715 4623 έαείνης·

126 4638 232 4707 boicis
244 4637 401 4711 ἀπρόσωπσς·
417 4634 442 4689 ἀν
463 4634 613 4689 ὑποστάσεσι
627 4632 683 4706 γὰρ,
705 4631 747 4684 καί
758 4632 899 4704 προσώποις
948 4630 1005 4684 ἀλλ’
1020 4630 1057 4685 ἀεί
1073 4630 1216 4703 ἀμφοτέρων
1232 4631 1383 4703 ἀδιαιρέτως,
1395 4632 1436 4685 καί
1451 4630 1597 4706 ἀχωρίστιος
1613 4633 1718 4710 ὑπάρχει

125 4724 142 4791 ἦ
156 4743 185 4777 τι
198 4721 280 4786 οὖσία,
294 4722 334 4774 καί
348 4719 363 4788 ἡ
378 4719 446 4791 φὺσις
465 4718 602 4790 θεωρεῖται.
618 4714 675 4769 ἀλλ’
692 4714 736 4768 οὑκ
752 4714 845 4787 ἀνάγκη
857 4713 900 4777 τὰς
950 4715 1091 4779 ὑπόστασις,
1107 4713 1134 4768 οὗ
1160 4715 1320 4786 μεριζομένη,
1342 4715 1383 4767 καί
1402 4716 1568 4788 διαιρουμένη,
1591 4718 1631 4770 καί
1647 4721 1719 4791 μέρος

127 4805 253 4873 ἀλλήλαις
267 4803 396 4863 ένιοθείσας
409 4801 489 4873 φάσεις
501 4799 555 4853 καθ’
568 4800 710 4862 ὑπόστασιν,
721 4797 823 4864 έαάστην
839 4792 898 4850 ἰδίαν
951 4797 994 4870 μὲν
1007 4796 1093 4866 ἑαυτῆς
1105 4799 1173 4869 τῇδε,
1187 4798 1260 4868 μέρος
1280 4796 1307 4850 δέ
1327 4799 1385 4870 τῇδε
1398 4799 1555 4870 διανέμουσα,
1574 4800 1640 4854 ἀλλά
1652 4804 1720 4856 παῖσα

127 4888 257 4957 κατῆσθαι
274 4887 419 4941 ὑπόστασιν.
435 4884 551 4937 δύνανται
565 4882 613 4955 γάρ
627 4880 660 4945 τίς
674 4880 731 4954 μίαν
749 4881 900 4952 συνδραμοὺ·
950 4879 1049 4948 ταύτης,
1064 4880 1105 4932 καί
1118 4882 1185 4932 πᾶσα
1199 4877 1299 4947 ἐκείνης,
1314 4877 1421 4953 ἀμερῶς,
1436 4882 1477 4934 καί
1490 4882 1631 4956 ὁλοσχερῶς
1643 4883 1720 4957 ὑπέρ.

127 4990 171 5028 σαι
181 4972 327 5035 ὑπόστασιν,
343 4968 405 5041 μήτε
414 4967 579 5021 ἀνυπόστατοι
594 4961 667 5034 εἶναι,
683 4964 745 5037 μήτε
760 4962 900 5025 ἰδιάζουσαν
950 4982 1038 5036 χονσα.
1053 4959 1109 5016 obst
1125 4960 1172 5035 γάρ
1190 4960 1363 5026 ίθιοσυστάτιος
1378 4963 1469 5033 ὑπέστη
1488 4964 1502 5031 ἡ
1519 4972 1561 5020 τοῦ
1576 4968 1631 5019 θεοῦ
1643 4966 1718 5039 λόγου

127 5055 219 5125 ἑκάστη
233 5053 299 5127 ἔχειν
310 5052 454 5115 ὑπόστασιν,
469 5049 535 5103 ἀλλά
547 5049 615 5120 μίαν,
629 5049 670 5101 καί
680 5047 724 5115 τὴν
734 5045 809 5114 abs-dv
819 5045 899 5118 ἀμφό·
950 5045 1020 5118 σάρξ,
1045 5043 1101 5098 otti
1123 5043 1193 5117 ἑτέρα
1206 5044 1339 5108 ὑπόστασις
1357 5047 1441 5119 γέγονε
1461 5047 1527 5119 παρὰ
1547 5047 1591 5116 τὴν
1605 5054 1649 5103 τοῦ
1665 5043 1719 5102 θεοῦ

126 5157 207 5211 rapat.
223 5136 239 5204 ἡ
254 5136 315 5203 αὑτὴ
334 5135 381 5206 γὰρ
391 5139 436 5188 τοὺ
448 5134 526 5206 λόγον
541 5132 673 5193 ὑπόστασις
690 5130 834 5202 ἀμφότερον
851 5134 900 5183 τῶν
950 5130 1027 5200 λόγον
1040 5128 1184 5182 ὑπόστασιν·
1208 5128 1264 5182 ἀλλ’
1286 5128 1310 5182 έν
1326 5129 1388 5202 αὑτῇ
1404 5130 1542 5197 ὑποστάσα,
1558 5129 1720 5196 ἔνσπόστατος

127 5223 226 5293 φύσεων
236 5219 369 5280 ὑπόστασις
382 5212 557 5291 ,papatiam
568 5213 623 5269 οὑττ
638 5213 805 5268 ἀνυπόστατον
820 5210 901 5265 αὑτῶν
952 5212 1064 5283 μᾶλλον,
1093 5212 1132 5265 ναί
1155 5211 1183 5264 oi
1210 5211 1264 5266 κατ’
1288 5211 1362 5280 αὑτὴν
1393 5212 1558 5277 ι’διοσὺστατος
1587 5214 1721 5279 ὑπόστασις

128 5305 188 5377 μίαν
204 5297 268 5358 εἶναι
279 5303 413 5375 συγχωρεῖ,
425 5298 481 5353 οὑττ
493 5297 540 5371 μὴν
555 5295 774 5371 ίτιροθπσστάτσνς
787 5294 903 5363 ἀλλήλων
951 5296 1046 5368 γίγονε·
1056 5293 1157 5349 attatei
1166 5292 1249 5368 έτέραν
1260 5293 1320 5368 ίντῇ
1327 5296 1406 5369 τριάδι
1414 5297 1566 5370 παρεισφέρει
1575 5298 1718 5352 ὑπόστασιν.

157 5477 166 5523 t
182 5477 237 5534 Cap.
251 5431 306 5532 rus
321 5474 366 5519 tet
378 5485 398 5518 ο.
409 5482 459 5525 rur,
470 5470 486 5529 S
497 5471 583 5517 to.-s
595 5470 657 5518 rom.
673 5467 702 5516 tlt
717 5468 808 5517 stt-s
821 5464 995 5522 mittitete,
1008 5474 1030 5520 q.
1043 5472 1075 5515 ur,
1084 5474 1105 5509 ε.
1118 5462 1140 5517 θ,
1150 5463 1254 5509 rra-t
1269 5462 1363 5509 Harant.
1379 5471 1395 5509 t.
1411 5463 1438 5508 tv
1455 5466 1513 5510 aot.
