3994 6164
478 336 526 396 DE
546 334 855 415 INOARNATIONE,
878 340 949 401 LlB.
973 342 997 415 l,
1021 339 1103 402 CAP.
1127 341 1192 417 XV,
1571 344 1629 408 Μ

70 496 173 556 ludum.
189 496 350 559 Nemeum
364 497 417 560 isti
431 504 574 577 tmolum,
590 503 680 568 idest
693 505 813 566 consub-
865 522 946 565 unus
958 504 1107 586 Spiritus:
1123 506 1200 565 sieut
1207 509 1238 565 et
1247 505 1411 587 Apostolus
1420 506 1479 580 his,
1496 506 1549 591 qui
1562 526 1632 570 eam

71 587 215 649 twisden
247 586 430 652 Trinitatem
465 612 504 654 ex
539 594 658 656 Nic-aeni
691 598 814 659 concilii
862 596 978 658 imitari
986 598 1145 671 deberent,
1159 598 1324 680 promittit,
1335 599 1408 678 quia
1418 599 1471 679 qui
1485 616 1516 661 se
1527 600 1633 683 jungit

69 680 391 761 damtoproflteautur,
400 703 509 747 revera
518 693 622 749 tamen
632 686 813 751 dissimilem
864 691 1011 767 Domino,
1039 708 1122 752 unus
1145 690 1277 771 Spiritus
1298 697 1353 752 est.
1369 713 1384 749 a
1401 692 1538 753 Joannes
1557 692 1633 757 item

71 790 133 845 nm,
147 791 213 851 quae
223 776 310 836 estin
320 777 441 838 Christo
452 797 552 858 passa,
568 781 714 842 deitatem
727 783 814 843 insti·
864 785 1070 844 Damascenus
1083 795 1151 862 νοῦν,
1167 783 1257 844 idest
1271 789 1394 845 mentem
1408 784 1528 845 unitam
1539 780 1633 847 fuisse

70 865 191 927 uuntab
207 885 282 928 vera
307 868 380 945 illa,
399 888 469 949 quas
495 873 639 935 'trinitati
657 877 812 938 convenit.
863 875 976 949 Verbo,
994 875 1396 957 antequamincarnaretur,
1414 875 1582 961 Origenem
1590 878 1635 941 eit

71 956 215 1019 Harenlm
238 958 435 1031 immortalis,
452 968 483 1024 et
496 964 676 1045 impatibilis
692 975 748 1030 est.
770 969 815 1029 lta
864 965 1064 1029 existimasse.

71 1050 162 1127 minti,
175 1056 206 1112 st
220 1051 357 1133 imperiii
384 1055 526 1117 homines
551 1058 591 1119 ad
610 1078 694 1129 eum,
720 1078 815 1139 quem
905 1060 959 1121 VI.
996 1061 1179 1139 Quanquam
1205 1059 1340 1122 dubitari
1377 1066 1540 1145 potest,an
1565 1083 1636 1126 con·

71 1143 192 1212 nubam,
207 1146 370 1225 scopulum
385 1166 498 1210 navem
516 1168 604 1212 suam
619 1150 770 1229 allidunt,
785 1159 816 1214 et
861 1150 1055 1229 junctionem
1090 1152 1176 1214 illam
1198 1155 1313 1216 anima
1336 1174 1409 1216 cum
1435 1156 1537 1217 Verbo
1563 1163 1635 1220 ante

70 1253 112 1315 per
127 1236 275 1299 mhactus
297 1258 452 1317 errorum,
482 1242 515 1302 iu
540 1244 767 1321 Nestorianam,
797 1265 817 1306 a
864 1246 1108 1327 procreationem
1128 1248 1298 1327 corporis,
1327 1246 1569 1328 substantivam,
1605 1255 1637 1311 et

70 1344 115 1406 qua
132 1346 160 1391 se
186 1331 356 1394 abhorrere
380 1333 508 1412 jactant,
538 1336 701 1414 perfidiam
734 1337 815 1399 miro
864 1335 1110 1416 hypostaticam,
1137 1356 1177 1398 au
1202 1336 1304 1418 potius
1331 1349 1457 1422 egestati,
1484 1346 1515 1403 et
1540 1341 1636 1407 solius

70 1421 180 1500 modam
192 1425 289 1485 modo
297 1425 491 1488 relabuntur.
503 1429 591 1501 Quod
605 1429 731 1509 quidem
744 1430 816 1491 illu·
865 1428 1003 1506 affeetus,
1020 1449 1056 1491 ae
1069 1430 1247 1500 voluntatis,
1269 1432 1408 1513 adeoque
1423 1434 1579 1510 moralem,
1601 1439 1637 1495 ut

70 1515 193 1586 Ararim
206 1517 337 1599 planum
350 1518 418 1580 fieri
433 1520 585 1600 hocloco,
599 1522 817 1603 theologorum
865 1527 987 1595 vocant,
1018 1540 1082 1584 esse
1110 1525 1227 1604 putarit
1254 1525 1412 1601 Origenes.
1443 1527 1481 1587 Et
1513 1526 1636 1589 videtur

70 1604 194 1670 intnloit.
867 1614 1093 1694 hypostaticam
1104 1616 1195 1692 plane
1207 1616 1412 1679 constituisse.
1430 1619 1553 1681 Etenim
1567 1618 1637 1681 sub

14 1700 45 1787 ζ
100 1699 131 1759 t.
151 1700 230 1763 Inter
251 1702 404 1784 Eutychis
417 1705 581 1784 magistros
597 1715 818 1771 numeratusa
869 1704 942 1766 inde
956 1707 1095 1768 Verbum
1109 1708 1309 1789 assumpsisse
1335 1693 1476 1786 carnem,
1506 1729 1636 1791 eamque

14 1808 54 1905 q*
69 1790 230 1868 rmusom
243 1802 292 1856 est
306 1797 456 1876 Origenes
472 1818 478 1858 :
496 1798 585 1878 cujus
598 1818 638 1861 ex
648 1799 737 1861 libris
751 1798 820 1863 uni·
868 1798 927 1860 sibi
941 1799 1100 1879 copulasse
1119 1801 1302 1862 «mediante
1326 1802 1497 1864 substantia
1521 1804 1637 1865 animae

14 1906 24 1945 ν
69 1886 311 1968 rusosdeiuceps
325 1890 365 1949 ad
384 1890 576 1970 impietatem
588 1891 771 1965 instructos,
788 1900 818 1955 et
867 1892 949 1953 inter
967 1898 1135 1973 utrumque
1164 1890 1281 1954 asserit.
1311 1914 1326 1951 ν)
1353 1895 1435 1954 Τνω
1459 1895 1545 1957 addit
1567 1896 1634 1958 ista.

69 1984 181 2041 ammes
193 1998 259 2043 esee
270 1983 426 2064 principes
435 1983 601 2061 haeresum,
612 1986 723 2047 merito
733 2005 819 2048 sano-
872 2001 888 2039 ν
904 1980 964 2042 Sed
984 1999 1085 2061 neque
1103 1998 1211 2043 rursus
1235 1982 1340 2042 anima
1353 1982 1417 2055 illa,
1440 1987 1548 2063 utpote
1562 1984 1635 2044 sub·

69 2075 154 2131 ῑνωω
177 2074 305 2135 Petrum
328 2075 468 2155 plerique
490 2077 655 2138 dixerunt:
682 2085 712 2139 et
737 2078 820 2140 inter
869 2074 980 2134 stantia
994 2073 1196 2147 rationabilis,
1223 2080 1331 2135 contra
1357 2080 1504 2136 naturam
1528 2076 1638 2138 habuit

67 2160 130 2223 elios
140 2164 325 2246 Theophilus
343 2167 596 2244 Alexandrinae,
612 2168 820 2253 Hydromom-
869 2184 977 2245 capere
992 2166 1107 2241 Deum,
1136 2165 1170 2226 lu
1193 2185 1304 2246 quem,
1331 2172 1474 2247 utsupra
1488 2168 1634 2243 diximus,

66 2255 140 2314 unm
151 2254 285 2319 hereseon
298 2259 390 2320 illum
403 2261 554 2323 nominat.
867 2259 997 2319 velutin
1006 2259 1155 2334 Verbum,
1168 2263 1198 2319 et
1211 2258 1406 2339 sapientiam,
1422 2266 1454 2322 et
1463 2260 1635 2339 veritatem,

100 2348 142 2409 Ac
154 2350 330 2429 suspicatum
344 2371 409 2414 esse
429 2372 523 2432 supra
541 2352 721 2414 monuimus
738 2355 817 2415 Leo·
867 2351 1007 2429 totajam
1021 2355 1160 2412 cesserat.
1178 2352 1265 2413 Unde
1275 2356 1306 2413 et
1317 2353 1428 2413 merito
1438 2372 1540 2435 proco
1554 2354 1638 2435 quod

67 2456 129 2500 nem
153 2442 289 2522 Papem¹,
319 2464 358 2506 ex
380 2446 455 2507 actis
472 2446 818 2526 Constantinopolitanae
868 2446 933 2503 tota
947 2449 1026 2505 esset
1039 2444 1074 2503 iu
1086 2443 1240 2521 FilioDei,
1252 2443 1299 2504 vel
1314 2446 1459 2507 totumin
1473 2453 1638 2529 secaperet

67 2535 170 2613 medi,
180 2538 355 2618 Eutychen]
362 2538 662 2614 Origenisimbutum
670 2539 819 2619 opinione
868 2536 980 2597 Filium
995 2536 1067 2611 Dei,
1083 2536 1177 2597 etiam
1192 2536 1258 2617 ipsa
1272 2554 1345 2597 eum
1360 2555 1396 2599 ea
1409 2556 1503 2618 quam
1519 2556 1637 2600 assum-

67 2626 127 2686 lalm
137 2630 362 2707 pronuntiasse,
382 2633 454 2691 «Ex
463 2631 584 2692 duabus
594 2632 714 2693 naturis
726 2632 819 2695 fuisse
867 2634 980 2709 pserat,
994 2646 1085 2690 earne
1099 2628 1270 2704 DeiFilius,
1287 2633 1318 2689 et
1329 2631 1384 2691 Dei
1391 2630 1488 2691 virtus
1498 2632 1638 2692 Christus

67 2718 211 2782 Dominum
226 2728 373 2783 nemum
387 2730 459 2785 ante
475 2724 734 2799 adunationem»
752 2730 819 2786 tan-
869 2722 923 2782 Dei
938 2720 1088 2802 sapientia
1101 2721 1283 2801 appellatur.
1302 2747 1315 2774 ν

66 2829 143 2891 marn
167 2818 308 2876 animam
344 2815 473 2893 Christi,
501 2820 668 2895 antequam
697 2818 819 2899 corpori
908 2813 1099 2892 Theophilus
1108 2812 1336 2875 Alexandrinus
1350 2810 1384 2873 in
1395 2812 1523 2893 epistola
1536 2814 1639 2894 prima

67 2903 245 2984 horreretur,
275 2907 424 2969 exstitisse
452 2908 598 2969 crederet.
632 2910 720 2984 Quod
748 2928 819 2970 cum
870 2904 1012 2967 Posrholi
1022 2952 1029 2977 ,
1045 2924 1115 2985 quae
1132 2911 1177 2967 est
1195 2911 1301 2968 contro
1317 2904 1490 2987 origenem,
1511 2913 1546 2967 ut
1569 2926 1639 2969 eam

67 2998 185 3062 nnberse
198 3001 240 3062 de
252 3000 397 3061 omnium
414 3000 526 3062 animis
544 3000 708 3062 hominum
726 3022 734 3077 ;
750 3007 819 3062 tum
869 2999 963 3060 citant
984 2995 1139 3074 veteres⁸3
1165 2998 1332 3079 quamdam
1356 2997 1440 3059 illius
1453 3000 1640 3061 sententiam

67 3088 208 3154 dedluistl
230 3093 431 3173 potissimum
451 3094 637 3155 asseveravit
658 3095 817 3175 Origenes.
870 3097 1109 3163 commemorat,
1135 3110 1205 3171 quae
1233 3098 1278 3155 est
1306 3091 1475 3171 ejusmodi:
1495 3094 1638 3166 «Quem-

98 3183 234 3248 Preterea
250 3185 333 3246 hanc
343 3185 631 3247 eamdemauimam
641 3186 820 3247 cumVerbo
870 3184 1040 3245 admodum
1055 3183 1150 3244 Filius
1162 3189 1192 3244 et
1206 3185 1299 3244 Pater
1311 3203 1413 3245 unum
1435 3190 1528 3246 sunt:
1545 3185 1587 3246 ita
1609 3193 1642 3246 et

66 3276 239 3356 mujunetam
255 3278 351 3340 fuisse
364 3277 401 3337 at
416 3278 500 3338 initio
514 3287 669 3354 nectura,
686 3284 718 3339 et
732 3285 819 3339 ante·
870 3279 985 3352 anima,
1001 3293 1095 3357 quam
1108 3276 1272 3356 assumpsit
1286 3277 1392 3345 Filius,
1411 3282 1441 3338 et
1450 3276 1527 3356 ipse,
1541 3296 1642 3339 unum

66 3384 141 3444 quam
161 3371 193 3432 in
213 3388 335 3450 eorpus
352 3368 545 3445 illaberetur,
569 3370 652 3432 idem
677 3371 822 3449 opinatus
870 3376 971 3431 sunta.
991 3390 1003 3427 ν
1022 3369 1093 3442 Oua
1108 3366 1202 3428 verbo
1220 3368 1410 3447 Theophilus
1427 3369 1470 3430 sie
1488 3369 1640 3451 interpre-

65 3465 109 3521 aa
121 3469 282 3545 musque
306 3465 420 3543 dogma
444 3462 522 3524 illud
544 3463 578 3522 iu
591 3462 671 3524 libro
686 3464 821 3525 secundo
870 3468 965 3535 tatur,
981 3467 1131 3540 tauquam
1149 3460 1289 3539 ejusdem
1302 3478 1374 3522 cum
1387 3460 1549 3523 divinitate
1566 3463 1640 3527 sub·

65 3553 165 3629 putam
189 3558 298 3637 operis
324 3556 362 3616 de
381 3554 560 3637 Principiis,
585 3557 684 3635 capite
707 3574 750 3634 v1,
766 3554 820 3617 ubi
872 3554 991 3615 stantiae
1006 3552 1119 3613 Christi
1132 3553 1271 3614 animam
1286 3571 1350 3614 esse
1363 3552 1505 3616 voluerit.
1523 3554 1641 3617 Verum

70 3645 286 3728 iungentum
301 3648 355 3709 Dei
369 3648 484 3709 Filium
495 3646 762 3730 participationem
775 3647 824 3708 sui
872 3645 931 3707 uisi
947 3645 986 3706 ad
1000 3663 1080 3723 earn,
1096 3663 1188 3726 quam
1205 3645 1349 3707 inoratam
1364 3648 1545 3724 nominant,
1566 3667 1641 3710 eon·

67 3737 196 3802 universis
208 3740 452 3804 rationabilibus
465 3740 614 3800 creaturis
627 3738 823 3802 invisibiliter
868 3738 1083 3817 junctionem
1101 3738 1276 3818 cujusmodi
1302 3744 1334 3799 et
1351 3745 1489 3801 nostram
1517 3740 1643 3820 optabat

66 3830 212 3905 prebuisse
235 3833 336 3907 dicit;
367 3833 409 3893 ita
436 3838 470 3893 ut
485 3837 607 3893 tantum
620 3850 658 3892 ex
672 3850 709 3893 eo
724 3850 821 3893 unus·
874 3848 937 3892 esse
956 3831 1094 3892 Christus
1109 3830 1223 3892 referre
1236 3831 1294 3892 ista
1307 3830 1424 3911 placet3
1440 3832 1478 3893 de
1491 3832 1640 3913 hyposta-

66 3922 174 4003 qr'uque
189 3924 349 4007 participii
361 3930 515 4002 sumeret,
532 3929 648 4005 quanto
663 3942 737 4005 erga
750 3942 823 3986 eum
872 3923 1030 4004 ticopotes
1053 3922 1200 4003 accipere.
1223 3923 1273 3985 Sic
1297 3922 1375 3984 illud
1389 3941 1429 3984 ex
1451 3923 1560 3985 eodem
1587 3924 1641 3989 de·

66 4011 217 4081 dadonis
250 4018 432 4080 inhaesisset
458 4017 580 4078 ellectu.
607 4016 726 4079 Verum
751 4035 822 4078 eum
873 4021 1053 4097 promptum
1080 4015 1212 4094 Origene
1247 4014 1436 4095 Theophilus
1465 4014 1640 4096 exagitat⁸z

65 4103 139 4169 libai
152 4111 277 4174 arbitrii
291 4110 440 4171 facultate
460 4108 592 4171 venetas
611 4128 821 4190 unumquem·
872 4109 975 4170 locum
990 4109 1078 4169 illum
1093 4107 1241 4187 Apostoli,
1258 4106 1291 4168 in
1305 4127 1366 4188 quo
1380 4108 1566 4189 semetipsum
1579 4108 1644 4170 esi-

66 4214 169 4277 {lunae
195 4203 367 4267 diversitas
388 4202 546 4263 habuisset
567 4200 756 4277 animorum,
788 4206 825 4263 ut
873 4207 986 4265 nouisse
1000 4201 1112 4263 dicitur
1127 4197 1288 4278 Christud,
1304 4208 1332 4262 et
1343 4198 1644 4280 sormomseroiorre·

66 4289 129 4355 nlius
139 4298 341 4365 ardentiore,
361 4295 440 4357 alius
463 4295 620 4371 tenuiore,
645 4302 676 4356 et
696 4294 823 4357 exiliore
871 4295 958 4376 pisse,
974 4294 1012 4356 de
1026 4294 1130 4354 anima
1144 4293 1241 4373 ipsius
1255 4293 1492 4374 intelligendum
1506 4311 1582 4356 esse.
1598 4294 1645 4357 Ex

66 4398 125 4464 ergo
144 4397 312 4453 sumerem
330 4406 422 4450 suum
441 4407 547 4449 amore
570 4393 743 4464 teneretur,
772 4386 825 4447 illa
873 4405 935 4471 quo
949 4387 1106 4467 sequitur,
1122 4387 1261 4446 animam
1277 4384 1391 4446 Christi
1411 4384 1550 4465 ejusdem
1571 4403 1645 4449 cum

65 4476 161 4556 enims,
176 4485 216 4546 de
227 4502 297 4565 qua
309 4481 388 4543 dixit
396 4480 414 4542 J
417 4499 497 4554 esus,
513 4482 586 4562 quta
599 4496 692 4541 nemo
706 4478 824 4541 auferet
873 4481 937 4540 Deo
951 4480 1055 4541 Verbo
1068 4497 1133 4540 esse
1154 4478 1350 4541 substantioe:
1367 4478 1543 4541 tumetium
1558 4484 1646 4542 oete·

65 4576 288 4639 amcammam
301 4571 447 4648 meam⁸,
463 4572 603 4633 abinitio
616 4578 779 4648 ereaturae,
796 4577 826 4632 et
873 4589 981 4632 rorum
1008 4571 1191 4647 homiuum,
1221 4589 1291 4651 quaa
1319 4570 1458 4649 ejusdem
1488 4588 1561 4632 cum
1593 4570 1647 4633 illa

65 4660 190 4749 daneeps
215 4665 469 4747 inseparabiliter
481 4665 521 4742 ei,
545 4671 637 4745 atque
652 4664 825 4726 indissocia·
874 4663 1053 4726 substantiae
1076 4670 1161 4738 sunt,
1191 4663 1322 4740 animas,
1345 4682 1411 4727 non
1425 4663 1556 4745 disparis
1581 4682 1647 4725 esse

66 4750 152 4820 hiliter
173 4761 354 4833 inherens,
377 4763 484 4838 utpote
498 4759 664 4838 sapientia,
679 4762 710 4819 et
721 4756 823 4819 Verbo
874 4754 1645 4839 conditionis.CujmmodifnbseOrigeuisdogma,

65 4844 121 4920 Ilei,
143 4857 173 4913 et
190 4851 336 4924 veritati,
361 4869 396 4911 ae
415 4848 478 4911 luci
491 4868 582 4929 verae,
599 4852 629 4912 ct
642 4855 708 4910 tota
721 4854 825 4913 totum
874 4849 978 4910 scribit
1001 4848 1211 4930 Hieronymus
1238 4848 1272 4911 in
1295 4848 1424 4931 epistola
1447 4846 1488 4910 od
1508 4846 1645 4913 Avitum.

64 4938 320 5026 recipiens,atque
333 4940 826 5023 inejuslucem,splcndoremque
876 4942 1072 5022 Quamquam
1105 4941 1192 5003 addit
1231 4942 1441 5023 hieronymus
1478 4941 1523 5005 ita
1556 4940 1648 5005 thum

65 5027 119 5108 ipsa
130 5037 260 5114 cedens,
277 5035 358 5099 fucta
371 5038 418 5097 est
435 5053 507 5095 eum
532 5034 599 5117 ipso
613 5033 827 5117 principaliter
875 5034 1000 5109 dixisse,
1017 5036 1141 5111 Deum,
1166 5039 1198 5099 et
1211 5034 1363 5119 Angelos,
1391 5039 1423 5097 et
1450 5032 1587 5109 ammos,
1611 5050 1648 5094 aa

93 5226 112 5265 a
127 5212 254 5271 Taroea.
289 5216 317 5271 in
342 5214 423 5287 epist.
445 5231 454 5270 1
477 5212 579 5272 roret.
597 5214 670 5286 apud
691 5215 827 5272 Theodor.
878 5212 975 5288 rituque
990 5213 1063 5276 aaa
1077 5212 1157 5287 ψνχὴν
1167 5213 1207 5268 ναὶ
1219 5210 1301 5278 αὐτὸς,
1314 5213 1340 5267 tr
1355 5210 1425 5266 etms.

64 5291 120 5352 dlsl.
131 5297 163 5353 ll.
178 5295 281 5371 Ὥσπερ
296 5299 383 5371 tuta,
397 5299 439 5352 nat
451 5296 567 5371 πννὴρὲν
584 5297 653 5362 εἰσὶν,
668 5297 735 5353 οὕτω
748 5297 789 5351 καὶ
799 5299 829 5365 ἢν

69 5452 310 5565 omnmo&
321 5452 419 5505 sacru
430 5450 487 5503 scot.
500 5456 590 5500 carc·
602 5454 617 5498 s
630 5454 682 5509 cap.
697 5463 740 5505 νιν,
751 5451 766 5509 s
776 5446 825 5498 t·-
838 5453 852 5498 s
864 5452 955 5509 rocca.
966 5449 1045 5499 rn-e
1060 5451 1101 5497 ro.
1113 5450 1168 5497 arar.
1180 5450 1236 5499 n.-
1251 5451 1265 5497 s
1280 5449 1306 5497 ta
1320 5461 1356 5506 νν.
1377 5446 1438 5495 uss
1449 5449 1465 5491 ν.
1483 5443 1515 5493 ru
1534 5444 1591 5492 atra
1601 5443 1646 5492 rr.

139 5539 174 5563 .-
268 5548 275 5562 .
291 5527 318 5560 li·
1320 5546 1322 5551 r
