4078 6162
803 321 1131 385 THEOLOGIGORUM
1151 320 1369 384 mansuum

1113 487 1212 567 deque
1226 487 1310 549 illius
1322 503 1435 548 sensus
1458 485 1513 566 qui
1533 501 1599 547 nou
1617 482 1695 545 adso
1714 486 1761 544 est
1779 480 1871 560 expli·

1111 584 1208 656 cutus,
1223 584 1260 640 ut
1279 580 1379 659 prima
1391 578 1493 658 specie
1505 577 1648 650 videtur3
1664 574 1691 636 si
1703 574 1763 636 hoe
1774 574 1873 634 ammo

1111 677 1305 750 reputemus,
1329 671 1413 750 quod
1440 671 1515 732 alias
1528 665 1753 749 exposuimus,
1781 666 1876 746 hypo-

505 734 700 823 CAPUT
741 735 801 823 Xl
813 736 867 821 Η.
1112 764 1236 839 stasim,
1262 769 1300 825 nt
1316 770 1348 824 et
1371 764 1551 825 munorum
1567 760 1793 834 subsistentiam,
1813 774 1876 819 non

1112 874 1177 918 csse
1191 875 1309 918 nomen
1323 858 1407 936 quod
1425 860 1539 917 vocant
1550 855 1743 921 abstractum,
1758 869 1821 930 quc
1832 851 1877 911 rei

1110 948 1211 1010 forma
1220 950 1425 1028 significatum
1437 948 1523 1010 velut
1530 946 1654 1021 modus,
1664 950 1720 1005 ant
1728 943 1877 1022 ejusmodi

294 1039 338 1102 De
362 1037 535 1119 quidusdam
556 1058 596 1101 sn
611 1038 745 1103 saunis
765 1036 952 1120 hypostatica
970 1055 1065 1099 conu-
1111 1040 1239 1119 aliquid,
1265 1040 1349 1121 quod
1369 1040 1587 1103 subsistentem
1612 1042 1756 1098 naturam
1783 1035 1876 1097 deno·

332 1130 516 1214 psentibus3
545 1135 574 1197 l.
603 1150 640 1195 oc
671 1131 807 1213 primunt
834 1129 1009 1212 inquiritur
1032 1129 1064 1189 iu
1111 1131 1878 1211 minantzsedcoucretumpotiusesss,aanaturam

331 1242 442 1287 nasum
458 1223 673 1287 enuntiationis
685 1224 780 1300 ulcus,
796 1222 967 1305 hypostasis
977 1219 1066 1285 Verbi
1111 1224 1212 1303 ipsam
1227 1225 1401 1305 exprimere
1414 1225 1613 1304 completam,
1629 1240 1687 1302 per
1701 1240 1797 1301 sequa
1810 1220 1880 1281 suh·

331 1317 414 1395 lacto
426 1324 466 1379 est
482 1315 647 1398 hypostasis
659 1315 795 1377 humane
808 1324 934 1377 actara.
955 1317 986 1378 t.
1005 1313 1066 1377 lle-
1112 1316 1291 1390 nsmntams
1307 1317 1386 1378 siant
1399 1316 1586 1391 substantia,
1601 1332 1750 1395 persona,
1767 1331 1879 1393 suppo·

331 1417 483 1471 censentur
495 1408 609 1489 aliquot
622 1417 757 1471 auctores
775 1408 817 1469 ita
832 1408 933 1470 locuti.
952 1408 982 1467 3.
1001 1404 1063 1467 aa·
1112 1408 1216 1475 situm.
1231 1411 1307 1484 Quas
1319 1427 1370 1472 res
1385 1410 1499 1488 vulgus
1521 1408 1680 1485 interdum
1696 1406 1776 1468 tatht
1792 1407 1879 1468 thaa-

329 1501 402 1581 ptos
428 1501 514 1563 illias
548 1519 676 1563 sensus:
700 1501 800 1582 prior,
826 1507 861 1561 ut
882 1498 1064 1579 hypostaseos
1112 1501 1276 1580 logarmn3
1302 1502 1356 1583 qui
1380 1501 1562 1583 hypostasim
1583 1519 1641 1580 pro
1667 1518 1704 1562 ea
1730 1505 1878 1574 manunt,

330 1611 436 1657 nomeu
446 1597 663 1675 proprietatem
676 1591 862 1673 personalem
877 1610 890 1653 .·
907 1590 1062 1672 posterior,
1112 1609 1208 1672 quam
1235 1594 1480 1674 personalitatem
1503 1592 1748 1657 herharissantss
1780 1591 1882 1653 nomi·

331 1692 365 1747 ut
378 1684 573 1751 aasentias
591 1685 763 1766 sepelirem
779 1689 807 1746 st
824 1691 946 1763 uterque
966 1680 1064 1744 decla·
1112 1693 1201 1746 nant.
1217 1687 1306 1760 Quod
1316 1705 1381 1748 non
1391 1687 1489 1747 estita
1501 1706 1510 1746 ε
1524 1687 1653 1766 ejusque
1669 1684 1716 1746 sel
1726 1684 1800 1746 inde
1811 1684 1885 1745 duci

331 1786 427 1843 ratur.
453 1780 483 1839 l.
504 1777 627 1859 captes
641 1777 697 1841 illa
709 1777 790 1839 notio
804 1774 972 1858 hypostasis
986 1773 1063 1836 illu·
1112 1782 1213 1856 potest
1225 1783 1466 1857 argumentum,
1486 1778 1572 1857 quod
1586 1777 1687 1840 Grassi
1704 1775 1883 1859 hypostasim

330 1877 454 1932 stratur.
475 1872 506 1931 5.
526 1869 704 1951 Hypostasis
731 1868 846 1931 Christi
869 1869 915 1929 ita
941 1874 1065 1929 naturm
1113 1868 1228 1932 Christi
1250 1870 1452 1950 compositum
1482 1887 1521 1930 ax
1555 1870 1695 1933 hnmana
1718 1886 1787 1931 esse
1809 1867 1886 1929 diui·

332 1960 404 2024 duas
425 1961 642 2042 complectitur,
666 1969 701 2023 ut
721 1959 835 2023 dioincs
856 1958 986 2041 propria
1000 1958 1061 2032 sit;
1113 1978 1216 2040 nsque
1242 1966 1364 2039 nature,
1392 1961 1528 2023 hernicis
1550 1978 1635 2038 vero,
1659 1978 1700 2022 ex
1725 1961 1835 2022 anima
1854 1964 1887 2021 et

332 2059 363 2117 a.
391 2053 473 2136 quod
495 2061 600 2135 paucis
622 2051 803 2119 adstruitur.
831 2055 860 2113 7.
884 2051 943 2114 Est
967 2059 1065 2115 tomen
1114 2070 1242 2132 corpore
1263 2054 1379 2135 passim
1401 2055 1518 2117 dicunt.
1544 2054 1611 2114 lloo
1633 2070 1708 2121 vero
1726 2052 1766 2113 de
1784 2052 1887 2113 iorms

331 2146 454 2226 utrique
467 2151 587 2213 natura
600 2148 777 2221 communts3
792 2142 843 2209 sed
853 2141 964 2206 diuma
976 2152 1063 2209 natas
1112 2145 1190 2224 ipsa,
1202 2147 1334 2209 modove
1344 2146 1530 2208 subsistendi
1538 2163 1632 2207 nemo
1640 2150 1883 2223 sanususurpet

332 2238 443 2301 rolitsr
461 2237 612 2303 convenit:
635 2237 771 2301 tumarice
793 2252 875 2309 osso,
896 2254 989 2316 supra
1010 2255 1063 2297 ua*
1112 2238 1236 2301 hamdis
1256 2238 1299 2315 id,
1315 2238 1399 2318 quod
1416 2237 1489 2300 alibi
1503 2254 1629 2317 quaque
1647 2236 1883 2301 aemonstravit

332 2337 549 2412 turacoptom.
565 2334 596 2397 8.
613 2328 805 2410 Expositos
819 2329 1065 2410 LeonisPapcsu
1113 2330 1236 2393 Graecos
1262 2331 1388 2392 eosdem
1422 2330 1583 2409 theologos
1616 2335 1747 2398 ammes,
1784 2328 1887 2408 hypo-

334 2424 424 2489 Petro
437 2423 581 2487 Damiom
594 2423 703 2487 citatus
719 2422 808 2484 locus.
1113 2422 1220 2487 stasim
1241 2423 1323 2485 nihil
1346 2423 1432 2484 aliud
1450 2441 1515 2484 esse
1537 2426 1658 2501 putare,
1687 2438 1784 2500 quam
1805 2420 1887 2482 indi

1112 2514 1240 2579 aduam
1264 2515 1486 2590 substantiam,
1514 2514 1770 2594 quamprimum
1795 2518 1887 2574 voest

333 2608 358 2673 1.
379 2608 431 2671 Uti
452 2606 617 2687 singularis
637 2612 693 2681 est,
723 2612 754 2668 et
780 2607 923 2686 exemplo
945 2625 1064 2683 carens,
1114 2607 1301 2670 Aristoteles.
1327 2608 1536 2682 Quamobrem
1559 2624 1631 2668 cum
1654 2606 1886 2686 personarium

294 2703 428 2767 dunum
449 2701 503 2765 illa
524 2706 708 2763 naturarum
729 2700 763 2763 in
789 2699 884 2763 unius
910 2700 1065 2779 composi·
1113 2699 1287 2779 hypostasis
1307 2699 1418 2761 Christi
1440 2699 1611 2779 composita
1631 2699 1671 2760 sit
1693 2717 1733 2760 en
1753 2704 1887 2777 unaque

293 2794 412 2856 tionem
430 2812 570 2875 persona
587 2792 769 2859 concursio:
789 2793 832 2853 sic
846 2791 1066 2871 plurimaiude
1114 2798 1238 2867 natura,
1261 2809 1325 2852 non
1348 2792 1421 2853 satis
1443 2792 1626 2853 enuisatum
1648 2791 1784 2865 uidetur,
1811 2809 1887 2869 qun

294 2893 457 2952 consecuta
471 2891 545 2946 suut
557 2885 761 2952 incredibilia,
774 2889 1064 2962 etnovasquarum
1114 2884 1206 2945 modo
1226 2883 1399 2963 hypostasis
1412 2883 1517 2959 Verbi,
1542 2901 1612 2962 qum
1636 2882 1704 2945 siue
1723 2882 1820 2944 dubia
1840 2888 1888 2943 est

293 2981 464 3056 rationem,
494 2978 687 3056 modumque
713 2975 835 3037 difficile
863 2980 909 3035 est
935 2994 1062 3054 capere,
1114 2976 1289 3055 hypostasis
1311 2976 1435 3052 Christi,
1460 2976 1541 3037 iacta
1560 2976 1600 3038 sit
1625 2976 1800 3055 hypostasis
1825 2976 1883 3036 hu·

293 3070 395 3131 verbis
417 3076 522 3130 autem
545 3069 697 3150 explicare
717 3067 816 3127 multo
838 3066 1002 3128 difficilius.
1019 3069 1066 3127 Ex
1114 3068 1451 3143 msstaenattuoe.Quod
1464 3068 1886 3148 essatperiacile,siiormam

293 3163 355 3223 illis
379 3161 532 3223 nonnulla
555 3178 723 3241 persequar
750 3159 906 3239 deinceps,
931 3178 1001 3240 quae
1026 3161 1066 3221 ad
1114 3161 1214 3239 ipsam
1237 3159 1433 3232 subsistendi,
1454 3166 1490 3223 ut
1512 3165 1587 3239 puta
1608 3160 1803 3233 relationem,
1826 3160 1887 3222 hoc

294 3254 464 3329 unitioniS,
488 3255 522 3314 in
549 3253 638 3331 cujus
666 3256 841 3313 accuratam
866 3252 1066 3332 perverstiga-
1115 3258 1161 3314 est
1186 3251 1340 3331 filietatem
1367 3252 1503 3324 diceres,
1529 3270 1601 3331 quse
1626 3251 1741 3313 divinae
1763 3257 1886 3317 naturus

293 3345 411 3408 tionem
436 3344 668 3419 incumbimus,
695 3344 759 3403 vim
784 3362 818 3404 ac
845 3344 1064 3423 proprietatem
1109 3343 1305 3424 personalitas
1314 3346 1548 3421 arat,humunoe
1559 3350 1680 3406 naturas
1692 3345 1886 3407 factumesse

294 3438 510 3500 declarandam
523 3455 589 3499 non
607 3436 763 3498 mediocre
782 3441 977 3497 momentum
994 3438 1066 3498 alla·
1110 3434 1363 3517 permnolitatcm.

294 3530 570 3591 mracanfidimus.
1156 3530 1198 3591 ΙΙ.
1214 3528 1804 3611 Uthuichnsitatianinonexpropria
1815 3533 1888 3591 ebn-
1918 3558 2009 3603 nmm-

125 3637 262 3693 sxpenasur
336 3623 455 3682 Horum
471 3623 610 3702 primum
633 3620 712 3682 illud
732 3628 778 3683 est
797 3639 836 3681 en
856 3621 1067 3700 superioribus
1111 3621 1231 3699 jsotura
1243 3621 1372 3683 sahsflat
1391 3641 1399 3682 ι
1418 3622 1547 3701 quadiu
1559 3621 1715 3701 plerisque
1727 3621 1823 3701 urlgc
1836 3623 1883 3697 fit,
1906 3614 2017 3718 {ffl‘ss

136 3703 257 3800 ἓξζοζῗξῇξ
294 3714 518 3793 repetendum
543 3715 622 3773 banc
646 3712 881 3791 cujusquemodi
908 3713 1064 3791 composi·
1115 3732 1151 3774 ass
1165 3720 1290 3790 temera,
1310 3714 1387 3775 dum
1406 3713 1557 3775 evadendi
1578 3731 1705 3793 quaqua
1729 3715 1826 3775 medo
1846 3733 1886 3779 cr
1934 3714 1992 3762 toea.

124 3799 189 3843 V⁰fb¹
204 3799 269 3845 ‘¹¹⁰⁸'
294 3806 411 3867 barrem
425 3824 527 3885 neque
540 3824 579 3865 ex
593 3805 714 3865 (luobus
733 3805 910 3883 simpliciter
924 3803 1043 3864 naturis
1054 3823 1062 3878 ;
1116 3806 1366 3885 oppugnantium
1383 3806 1503 3886 laqueis
1524 3807 1637 3885 potius,
1660 3823 1756 3885 quum
1777 3807 1886 3869 solidae

137 3853 259 3960 diffidi
294 3916 396 3978 neque
419 3917 457 3960 ex
480 3897 629 3977 personis,
651 3903 683 3957 et
701 3897 919 3975 hypostasibus
935 3896 1065 3957 totidem
1115 3899 1252 3961 caritatis
1270 3899 1372 3960 studia
1386 3898 1546 3960 laboratur
1562 3917 1569 3959 ε
1585 3904 1620 3959 ut
1636 3898 1785 3977 igiturex
1804 3901 1885 3961 nuti-

147 3959 247 4056 m?
294 4009 359 4052 csse
372 3991 499 4052 iactam:
517 3991 568 4051 sed
590 4008 629 4050 en
643 4008 706 4049 una
725 3989 791 4067 jam
805 3989 989 4050 subsistente
1008 4007 1064 4049 na·
1116 4009 1251 4069 quornm
1271 4008 1362 4052 seusu
1385 4009 1422 4053 aa
1442 3995 1558 4067 mente,
1583 3990 1686 4070 queam
1706 3991 1778 4051 licet
1801 3992 1908 4053 hunc·

293 4088 375 4158 tura,
391 4084 455 4143 sive
469 4082 628 4162 hypostasi
643 4081 807 4160 completa,
821 4088 852 4142 et
867 4082 1020 4160 perfecta3
1035 4086 1067 4142 et
1115 4083 1235 4143 nodum
1248 4082 1507 4162 solvamus,prius
1520 4083 1656 4158 illorum,
1666 4081 1720 4162 qui
1733 4083 1778 4144 sic
1791 4083 1885 4145 locuti

293 4176 391 4237 altera
400 4192 466 4235 non
478 4174 673 4251 subsistente,
685 4191 743 4234 nec
751 4174 923 4253 hypostasis
932 4174 1066 4235 habente
1115 4181 1198 4252 sunt,
1215 4176 1310 4237 verba
1323 4175 1524 4255 ponderanda
1540 4181 1624 4236 sunt.

293 4267 467 4329 rationem:
484 4284 556 4346 quae
569 4266 680 4327 eadem
694 4267 843 4345 temporis
855 4270 983 4345 puncto,
1003 4283 1066 4345 quo
1155 4266 1342 4347 Euthymius
1353 4268 1389 4328 in
1402 4265 1549 4348 Panoplia
1572 4266 1777 4328 Athanasium
1799 4267 1884 4344 altat,

293 4365 413 4422 eastme
427 4358 903 4438 caepit,etinrebusnumerari;
920 4375 984 4419 nou
997 4376 1068 4439 pro·
1115 4359 1247 4422 exlihro
1261 4360 1395 4439 quodm
1416 4359 1662 4436 contratcercses,
1684 4358 1885 4420 nominatim·

293 4453 373 4532 prio,
388 4472 447 4514 nec
459 4451 518 4512 sibi
535 4451 719 4513 naturaliter
736 4451 850 4519 debito,
874 4451 928 4512 sed
947 4450 1063 4525 divino,
1115 4470 1176 4532 que
1189 4452 1346 4513 Valentini
1363 4471 1370 4511 τ
1387 4468 1449 4532 quo
1468 4450 1502 4511 ln
1515 4450 1595 4513 libro
1612 4451 1711 4529 docet,
1727 4450 1885 4512 interdum

294 4550 326 4605 et
349 4545 495 4606 inusitato
519 4543 706 4605 subsistendi
728 4543 822 4605 modo
845 4542 970 4604 coaluit.
1001 4544 1067 4602 Hac
1117 4544 1293 4624 Scripturas
1320 4563 1421 4605 sacras
1445 4544 1547 4605 dicere
1565 4566 1580 4603 a
1594 4544 1707 4604 Filium
1721 4542 1836 4623 ipsum,
1851 4562 1886 4604 ac

295 4635 394 4697 Graeci
406 4636 604 4716 potissimum
614 4634 751 4714 theologi
764 4636 837 4696 trito
849 4635 902 4696 illo
913 4633 1067 4715 complexi
1115 4637 1216 4699 Deum
1230 4654 1295 4699 esse
1310 4654 1446 4721 passum,
1461 4642 1587 4717 propter
1601 4654 1698 4698 uuam
1715 4634 1885 4697 divinitatis

295 4734 368 4788 sunt
381 4747 451 4803 usu,
472 4746 508 4790 ac
527 4746 640 4805 genere
662 4727 837 4802 locutionis,
860 4746 932 4790 cum
946 4728 1063 4800 dicunt,
1115 4729 1317 4808 hypostasim,
1353 4747 1423 4809 quoe
1447 4734 1479 4790 et
1507 4729 1696 4790 humanitati
1727 4726 1810 4789 iactu
1842 4733 1887 4789 cst

299 4820 424 4881 «Verbi
438 4826 470 4881 et
482 4820 539 4880 fllii
557 4820 761 4900 hypostasim,
775 4826 941 4901 assumptos
955 4820 1066 4883 huma·
1113 4820 1313 4900 hypostasis.
1329 4841 1344 4881 o
1362 4822 1399 4885 ht
1416 4822 1450 4882 ia
1467 4820 1548 4883 calce
1561 4821 1645 4883 tituli
1659 4819 1793 4899 septimi,
1802 4819 1885 4881 idem

294 4911 384 4977 nitati
394 4911 499 4987 luisse,
514 4910 639 4973 velasse
652 4912 765 4973 iactam
773 4912 980 4992 hypostasim.
993 4932 1009 4969 a
1023 4912 1067 4973 Da
1115 4913 1315 4993 Euthymius,
1340 4914 1374 4973 in
1404 4913 1540 4985 missaha
1562 4914 1697 4994 quadam
1721 4917 1885 4974 ausim-unt

294 5022 354 5084 qua
369 5004 503 5066 formula
517 5003 638 5065 dicendi
659 5004 750 5065 nobis
766 5005 817 5066 hic
836 5004 1061 5084 satagendum,
1115 5005 1273 5066 vanorum
1296 5005 1373 5066 illud
1397 5006 1510 5068 offerti
1530 5006 1653 5067 aFilius
1675 5005 1741 5083 Dei,
1766 5010 1799 5066 et
1821 5004 1885 5083 ipse

2022 5100 2023 5135 l

2022 5160 2023 5205 t

2022 5460 2023 5489 l

330 5221 351 5263 a
370 5204 452 5263 hura.
468 5210 542 5264 Part.
565 5221 623 5277 pur.
640 5205 662 5278 l,
679 5205 721 5261 tit.
745 5204 790 5261 IX.
810 5204 886 5267 stete
901 5203 943 5276 μὲν
962 5205 977 5259 ὃ
1001 5203 1064 5277 υἱὸς,
1113 5202 1262 5279 assumat
1273 5227 1310 5269 τις
1320 5208 1360 5265 ast
1373 5206 1546 5283 τῇάνθρωπίνῃ
1554 5205 1728 5281 picetytposss
1741 5202 1881 5267 ludamus.

299 5287 340 5341 sal
351 5289 403 5354 θεὸς
414 5291 557 5344 πεπονθέναι
570 5290 677 5362 λέγεται,
692 5289 733 5342 διὰ
746 5288 789 5357 τὴν
806 5290 863 5361 plau
877 5289 1010 5343 inlaturus
1024 5293 1067 5357 τῆς

322 5480 334 5525 l
349 5479 396 5528 lib.
408 5480 435 5524 tu
449 5481 475 5525 tle
485 5481 545 5527 litu.
556 5494 576 5527 o.
591 5479 706 5538 aust.-
718 5485 731 5524 2
746 5481 779 5527 lb.
791 5494 810 5526 o.
822 5492 854 5527 ru
868 5488 892 5527 st
903 5491 949 5535 ssu.
