<?xml version="1.0" encoding="UTF-8"?>
<!DOCTYPE html PUBLIC "-//W3C//DTD XHTML 1.0 Transitional//EN"
    "http://www.w3.org/TR/xhtml1/DTD/xhtml1-transitional.dtd">
<html xmlns="http://www.w3.org/1999/xhtml" xml:lang="en" lang="en">
 <head>
  <title>
</title>
<meta http-equiv="Content-Type" content="text/html;charset=utf-8" />
  <meta name='ocr-system' content='tesseract 3.04.00' />
  <meta name='ocr-capabilities' content='ocr_page ocr_carea ocr_par ocr_line ocrx_word'/>
</head>
<body>
  <div class='ocr_page' id='page_1' title='image "./dogmatatheologi00unkngoog_0103.png"; bbox 0 0 4078 6168; ppageno 0'>
   <div class='ocr_carea' id='block_1_1' title="bbox 336 311 1407 382">
    <p class='ocr_par' dir='ltr' id='par_1_1' title="bbox 336 311 1407 382">
     <span class='ocr_line' id='line_1_1' title="bbox 336 311 1407 382; baseline -0.006 0"><span class='ocrx_word' id='word_1_1' title='bbox 336 322 376 382; x_wconf 76' lang='grc'><strong>84</strong></span> <span class='ocrx_word' id='word_1_2' title='bbox 844 311 1169 376; x_wconf 73' lang='lat' dir='ltr'><strong>sumtoutcctttttl</strong></span> <span class='ocrx_word' id='word_1_3' title='bbox 1188 313 1407 377; x_wconf 77' lang='lat' dir='ltr'><strong>DOGMATUM</strong></span> 
     </span>
    </p>
   </div>
   <div class='ocr_carea' id='block_1_2' title="bbox 336 477 2028 5335">
    <p class='ocr_par' dir='ltr' id='par_1_2' title="bbox 336 477 2028 5335">
     <span class='ocr_line' id='line_1_2' title="bbox 337 477 1921 564; baseline -0.004 -19"><span class='ocrx_word' id='word_1_4' title='bbox 337 501 448 564; x_wconf 71' lang='lat' dir='ltr'><strong>prenae,</strong></span> <span class='ocrx_word' id='word_1_5' title='bbox 462 483 515 544; x_wconf 92' lang='lat' dir='ltr'><strong>sed</strong></span> <span class='ocrx_word' id='word_1_6' title='bbox 528 499 634 544; x_wconf 87' lang='lat' dir='ltr'><strong>amore</strong></span> <span class='ocrx_word' id='word_1_7' title='bbox 643 480 772 560; x_wconf 70' lang='lat' dir='ltr'><strong>justitiae</strong></span> <span class='ocrx_word' id='word_1_8' title='bbox 786 486 930 559; x_wconf 81' lang='lat' dir='ltr'>operetur</span> <span class='ocrx_word' id='word_1_9' title='bbox 943 479 1100 540; x_wconf 78' lang='lat' dir='ltr'><strong>honum.»</strong></span> <span class='ocrx_word' id='word_1_10' title='bbox 1154 477 1192 539; x_wconf 90' lang='lat' dir='ltr'><strong>de</strong></span> <span class='ocrx_word' id='word_1_11' title='bbox 1206 480 1323 558; x_wconf 85' lang='lat' dir='ltr'><strong>peccati</strong></span> <span class='ocrx_word' id='word_1_12' title='bbox 1336 482 1429 558; x_wconf 89' lang='lat' dir='ltr'><strong>odio,</strong></span> <span class='ocrx_word' id='word_1_13' title='bbox 1453 499 1490 542; x_wconf 91' lang='lat' dir='ltr'><strong>ac</strong></span> <span class='ocrx_word' id='word_1_14' title='bbox 1502 479 1701 543; x_wconf 83' lang='lat' dir='ltr'><strong>detestatione</strong></span> <span class='ocrx_word' id='word_1_15' title='bbox 1714 496 1754 541; x_wconf 83' lang='lat' dir='ltr'><strong>ex</strong></span> <span class='ocrx_word' id='word_1_16' title='bbox 1769 479 1921 558; x_wconf 76' lang='lat' dir='ltr'><strong>gehenne</strong></span> 
     </span>
     <span class='ocr_line' id='line_1_3' title="bbox 338 570 1921 653; baseline -0.004 -17"><span class='ocrx_word' id='word_1_17' title='bbox 338 575 423 636; x_wconf 87' lang='lat' dir='ltr'><strong>Solet</strong></span> <span class='ocrx_word' id='word_1_18' title='bbox 455 583 560 636; x_wconf 88' lang='lat' dir='ltr'><strong>autem</strong></span> <span class='ocrx_word' id='word_1_19' title='bbox 593 574 783 653; x_wconf 81' lang='lat' dir='ltr'><strong>Augustinus</strong></span> <span class='ocrx_word' id='word_1_20' title='bbox 815 592 943 634; x_wconf 86' lang='lat' dir='ltr'><strong>amorem</strong></span> <span class='ocrx_word' id='word_1_21' title='bbox 970 570 1104 653; x_wconf 74' lang='lat' dir='ltr'><strong>justitiae</strong></span> <span class='ocrx_word' id='word_1_22' title='bbox 1154 575 1252 646; x_wconf 90' lang='lat' dir='ltr'><strong>metu,</strong></span> <span class='ocrx_word' id='word_1_23' title='bbox 1269 578 1298 632; x_wconf 90' lang='lat' dir='ltr'><strong>el</strong></span> <span class='ocrx_word' id='word_1_24' title='bbox 1313 571 1465 634; x_wconf 86' lang='lat' dir='ltr'><strong>similibus</strong></span> <span class='ocrx_word' id='word_1_25' title='bbox 1488 572 1638 634; x_wconf 87' lang='lat' dir='ltr'><strong>decausis</strong></span> <span class='ocrx_word' id='word_1_26' title='bbox 1662 578 1816 652; x_wconf 87' lang='lat' dir='ltr'><strong>suscepta,</strong></span> <span class='ocrx_word' id='word_1_27' title='bbox 1835 589 1921 631; x_wconf 93' lang='lat' dir='ltr'><strong>nono</strong></span> 
     </span>
     <span class='ocr_line' id='line_1_4' title="bbox 336 660 1923 747; baseline -0.004 -19"><span class='ocrx_word' id='word_1_28' title='bbox 336 685 446 728; x_wconf 82' lang='lat' dir='ltr'><strong>vorare</strong></span> <span class='ocrx_word' id='word_1_29' title='bbox 473 667 642 747; x_wconf 86' lang='lat' dir='ltr'><strong>perlectum</strong></span> <span class='ocrx_word' id='word_1_30' title='bbox 669 666 776 739; x_wconf 92' lang='lat' dir='ltr'><strong>illum,</strong></span> <span class='ocrx_word' id='word_1_31' title='bbox 804 670 835 725; x_wconf 87' lang='lat' dir='ltr'><strong>et</strong></span> <span class='ocrx_word' id='word_1_32' title='bbox 859 664 1037 739; x_wconf 85' lang='lat' dir='ltr'><strong>robustum,</strong></span> <span class='ocrx_word' id='word_1_33' title='bbox 1068 681 1104 725; x_wconf 88' lang='lat' dir='ltr'><strong>ac</strong></span> <span class='ocrx_word' id='word_1_34' title='bbox 1152 660 1207 722; x_wconf 78' lang='lat' dir='ltr'><strong>lllo</strong></span> <span class='ocrx_word' id='word_1_35' title='bbox 1221 662 1322 742; x_wconf 87' lang='lat' dir='ltr'><strong>eapite</strong></span> <span class='ocrx_word' id='word_1_36' title='bbox 1348 664 1448 725; x_wconf 92' lang='lat' dir='ltr'><strong>ohiter</strong></span> <span class='ocrx_word' id='word_1_37' title='bbox 1461 664 1573 743; x_wconf 83' lang='lat' dir='ltr'><strong>injecta</strong></span> <span class='ocrx_word' id='word_1_38' title='bbox 1586 669 1659 724; x_wconf 89' lang='lat' dir='ltr'><strong>sunt</strong></span> <span class='ocrx_word' id='word_1_39' title='bbox 1673 684 1681 724; x_wconf 75' lang='grc' dir='ltr'>ι</span> <span class='ocrx_word' id='word_1_40' title='bbox 1697 670 1729 724; x_wconf 90' lang='lat' dir='ltr'><strong>et</strong></span> <span class='ocrx_word' id='word_1_41' title='bbox 1747 662 1923 724; x_wconf 89' lang='lat' dir='ltr'><strong>communis</strong></span> 
     </span>
     <span class='ocr_line' id='line_1_5' title="bbox 338 755 1920 838; baseline -0.002 -20"><span class='ocrx_word' id='word_1_42' title='bbox 338 758 548 820; x_wconf 78' lang='lat' dir='ltr'><strong>defaecatum:</strong></span> <span class='ocrx_word' id='word_1_43' title='bbox 576 764 612 819; x_wconf 86' lang='lat' dir='ltr'><strong>ut</strong></span> <span class='ocrx_word' id='word_1_44' title='bbox 633 764 664 818; x_wconf 90' lang='lat' dir='ltr'><strong>et</strong></span> <span class='ocrx_word' id='word_1_45' title='bbox 683 757 816 838; x_wconf 73' lang='lat' dir='ltr'><strong>gratim</strong></span> <span class='ocrx_word' id='word_1_46' title='bbox 838 756 1104 835; x_wconf 88' lang='lat' dir='ltr'><strong>quomadmodum</strong></span> <span class='ocrx_word' id='word_1_47' title='bbox 1153 756 1381 834; x_wconf 82' lang='lat' dir='ltr'><strong>propugnanda</strong></span> <span class='ocrx_word' id='word_1_48' title='bbox 1406 756 1652 817; x_wconf 79' lang='lat' dir='ltr'><strong>Christianorum</strong></span> <span class='ocrx_word' id='word_1_49' title='bbox 1685 761 1731 817; x_wconf 85' lang='lat' dir='ltr'><strong>est</strong></span> <span class='ocrx_word' id='word_1_50' title='bbox 1757 755 1920 831; x_wconf 86' lang='lat' dir='ltr'><strong>sententia,</strong></span> 
     </span>
     <span class='ocr_line' id='line_1_6' title="bbox 338 847 1923 927; baseline -0.002 -17"><span class='ocrx_word' id='word_1_51' title='bbox 338 851 448 911; x_wconf 91' lang='lat' dir='ltr'><strong>eodem</strong></span> <span class='ocrx_word' id='word_1_52' title='bbox 462 851 496 911; x_wconf 95' lang='lat' dir='ltr'><strong>in</strong></span> <span class='ocrx_word' id='word_1_53' title='bbox 509 850 587 911; x_wconf 88' lang='lat' dir='ltr'><strong>libro</strong></span> <span class='ocrx_word' id='word_1_54' title='bbox 596 849 619 922; x_wconf 83' lang='lat'><strong>¹,</strong></span> <span class='ocrx_word' id='word_1_55' title='bbox 632 849 716 909; x_wconf 89' lang='lat' dir='ltr'><strong>unde</strong></span> <span class='ocrx_word' id='word_1_56' title='bbox 734 849 819 910; x_wconf 89' lang='lat' dir='ltr'><strong>locus</strong></span> <span class='ocrx_word' id='word_1_57' title='bbox 828 848 879 909; x_wconf 92' lang='lat' dir='ltr'><strong>ille</strong></span> <span class='ocrx_word' id='word_1_58' title='bbox 889 852 1031 925; x_wconf 88' lang='lat' dir='ltr'><strong>sumptus</strong></span> <span class='ocrx_word' id='word_1_59' title='bbox 1045 851 1101 919; x_wconf 89' lang='lat' dir='ltr'><strong>est,</strong></span> <span class='ocrx_word' id='word_1_60' title='bbox 1154 863 1249 924; x_wconf 90' lang='lat' dir='ltr'><strong>quam</strong></span> <span class='ocrx_word' id='word_1_61' title='bbox 1262 852 1293 907; x_wconf 88' lang='lat' dir='ltr'><strong>et</strong></span> <span class='ocrx_word' id='word_1_62' title='bbox 1306 847 1493 909; x_wconf 74' lang='lat' dir='ltr'><strong>Tridentinae</strong></span> <span class='ocrx_word' id='word_1_63' title='bbox 1506 848 1687 910; x_wconf 85' lang='lat' dir='ltr'><strong>auctoritate</strong></span> <span class='ocrx_word' id='word_1_64' title='bbox 1701 847 1812 927; x_wconf 77' lang='lat' dir='ltr'><strong>synodi</strong></span> <span class='ocrx_word' id='word_1_65' title='bbox 1837 864 1923 908; x_wconf 88' lang='lat' dir='ltr'><strong>com·</strong></span> 
     </span>
     <span class='ocr_line' id='line_1_7' title="bbox 338 937 1921 1022; baseline -0.003 -19"><span class='ocrx_word' id='word_1_66' title='bbox 338 961 410 1003; x_wconf 90' lang='lat' dir='ltr'><strong>cum</strong></span> <span class='ocrx_word' id='word_1_67' title='bbox 420 942 515 1021; x_wconf 89' lang='lat' dir='ltr'><strong>paulo</strong></span> <span class='ocrx_word' id='word_1_68' title='bbox 524 946 690 1022; x_wconf 83' lang='lat' dir='ltr'><strong>post,aper</strong></span> <span class='ocrx_word' id='word_1_69' title='bbox 698 941 792 1001; x_wconf 91' lang='lat' dir='ltr'><strong>fidem</strong></span> <span class='ocrx_word' id='word_1_70' title='bbox 802 938 962 1020; x_wconf 85' lang='lat' dir='ltr'><strong>impetrari</strong></span> <span class='ocrx_word' id='word_1_71' title='bbox 971 938 1104 1018; x_wconf 82' lang='lat' dir='ltr'><strong>gratiam</strong></span> <span class='ocrx_word' id='word_1_72' title='bbox 1154 937 1632 1016; x_wconf 78' lang='lat' dir='ltr'><strong>prohetamessedocu13lrrrstra</strong></span> <span class='ocrx_word' id='word_1_73' title='bbox 1641 938 1921 1000; x_wconf 86' lang='lat' dir='ltr'><strong>contradicentibus</strong></span> 
     </span>
     <span class='ocr_line' id='line_1_8' title="bbox 338 1028 2028 1113; baseline -0.002 -18"><span class='ocrx_word' id='word_1_74' title='bbox 338 1036 444 1095; x_wconf 88' lang='lat' dir='ltr'><strong>asserit</strong></span> <span class='ocrx_word' id='word_1_75' title='bbox 457 1040 564 1095; x_wconf 87' lang='lat' dir='ltr'><strong>contre</strong></span> <span class='ocrx_word' id='word_1_76' title='bbox 577 1038 758 1113; x_wconf 83' lang='lat' dir='ltr'><strong>peccatum3</strong></span> <span class='ocrx_word' id='word_1_77' title='bbox 775 1038 816 1109; x_wconf 87' lang='lat' dir='ltr'><strong>et,</strong></span> <span class='ocrx_word' id='word_1_78' title='bbox 831 1032 926 1093; x_wconf 87' lang='lat' dir='ltr'><strong>fidem</strong></span> <span class='ocrx_word' id='word_1_79' title='bbox 937 1031 1104 1110; x_wconf 86' lang='lat' dir='ltr'><strong>impetrare</strong></span> <span class='ocrx_word' id='word_1_80' title='bbox 1154 1028 1352 1107; x_wconf 80' lang='lat' dir='ltr'><strong>Armacanis3</strong></span> <span class='ocrx_word' id='word_1_81' title='bbox 1375 1049 1509 1111; x_wconf 87' lang='lat' dir='ltr'><strong>quorum</strong></span> <span class='ocrx_word' id='word_1_82' title='bbox 1529 1033 1555 1092; x_wconf 94' lang='lat' dir='ltr'><strong>si</strong></span> <span class='ocrx_word' id='word_1_83' title='bbox 1577 1031 1640 1093; x_wconf 87' lang='lat' dir='ltr'><strong>ulla</strong></span> <span class='ocrx_word' id='word_1_84' title='bbox 1664 1032 1698 1091; x_wconf 92' lang='lat' dir='ltr'><strong>in</strong></span> <span class='ocrx_word' id='word_1_85' title='bbox 1721 1049 1767 1105; x_wconf 88' lang='lat' dir='ltr'><strong>re,</strong></span> <span class='ocrx_word' id='word_1_86' title='bbox 1783 1031 1816 1090; x_wconf 91' lang='lat' dir='ltr'><strong>in</strong></span> <span class='ocrx_word' id='word_1_87' title='bbox 1835 1030 1921 1092; x_wconf 88' lang='lat' dir='ltr'><strong>illius</strong></span> <span class='ocrx_word' id='word_1_88' title='bbox 2027 1078 2028 1097; x_wconf 78' lang='grc'><strong>.</strong></span> 
     </span>
     <span class='ocr_line' id='line_1_9' title="bbox 337 1122 1985 1205; baseline -0.001 -19"><span class='ocrx_word' id='word_1_89' title='bbox 337 1128 478 1202; x_wconf 77' lang='lat' dir='ltr'><strong>gratiam,</strong></span> <span class='ocrx_word' id='word_1_90' title='bbox 494 1146 556 1205; x_wconf 86' lang='lat' dir='ltr'><strong>qua</strong></span> <span class='ocrx_word' id='word_1_91' title='bbox 569 1125 807 1204; x_wconf 82' lang='lat' dir='ltr'><strong>lenimpleatur,</strong></span> <span class='ocrx_word' id='word_1_92' title='bbox 822 1142 892 1203; x_wconf 80' lang='lat' dir='ltr'><strong>qnae</strong></span> <span class='ocrx_word' id='word_1_93' title='bbox 906 1122 1003 1201; x_wconf 83' lang='lat' dir='ltr'><strong>gratia</strong></span> <span class='ocrx_word' id='word_1_94' title='bbox 1017 1126 1105 1183; x_wconf 86' lang='lat' dir='ltr'><strong>sanat</strong></span> <span class='ocrx_word' id='word_1_95' title='bbox 1153 1126 1235 1183; x_wconf 87' lang='lat' dir='ltr'><strong>certe</strong></span> <span class='ocrx_word' id='word_1_96' title='bbox 1248 1123 1477 1201; x_wconf 86' lang='lat' dir='ltr'><strong>interpretando</strong></span> <span class='ocrx_word' id='word_1_97' title='bbox 1491 1124 1612 1184; x_wconf 89' lang='lat' dir='ltr'><strong>concilii</strong></span> <span class='ocrx_word' id='word_1_98' title='bbox 1634 1124 1767 1192; x_wconf 87' lang='lat' dir='ltr'><strong>decreto,</strong></span> <span class='ocrx_word' id='word_1_99' title='bbox 1782 1141 1846 1183; x_wconf 88' lang='lat' dir='ltr'><strong>non</strong></span> <span class='ocrx_word' id='word_1_100' title='bbox 1874 1127 1921 1184; x_wconf 89' lang='lat' dir='ltr'><strong>est</strong></span> <span class='ocrx_word' id='word_1_101' title='bbox 1979 1188 1985 1197; x_wconf 63' lang='lat'>‚</span> 
     </span>
     <span class='ocr_line' id='line_1_10' title="bbox 337 1187 2028 1297; baseline -0.002 -19"><span class='ocrx_word' id='word_1_102' title='bbox 337 1218 538 1293; x_wconf 84' lang='lat' dir='ltr'><strong>voluntatem,</strong></span> <span class='ocrx_word' id='word_1_103' title='bbox 552 1216 738 1297; x_wconf 83' lang='lat' dir='ltr'><strong>qusjustitie</strong></span> <span class='ocrx_word' id='word_1_104' title='bbox 755 1217 851 1277; x_wconf 88' lang='lat' dir='ltr'><strong>libere</strong></span> <span class='ocrx_word' id='word_1_105' title='bbox 861 1215 1016 1294; x_wconf 80' lang='lat' dir='ltr'><strong>diligatur.</strong></span> <span class='ocrx_word' id='word_1_106' title='bbox 1033 1236 1049 1271; x_wconf 83' lang='lat' dir='ltr'><strong>u</strong></span> <span class='ocrx_word' id='word_1_107' title='bbox 1065 1215 1104 1274; x_wconf 87' lang='lat' dir='ltr'><strong>Et</strong></span> <span class='ocrx_word' id='word_1_108' title='bbox 1154 1213 1343 1291; x_wconf 88' lang='lat' dir='ltr'><strong>tolerabilis,</strong></span> <span class='ocrx_word' id='word_1_109' title='bbox 1356 1233 1457 1295; x_wconf 83' lang='lat' dir='ltr'><strong>neque</strong></span> <span class='ocrx_word' id='word_1_110' title='bbox 1480 1216 1547 1277; x_wconf 91' lang='lat' dir='ltr'><strong>sine</strong></span> <span class='ocrx_word' id='word_1_111' title='bbox 1569 1215 1770 1295; x_wconf 77' lang='lat' dir='ltr'><strong>castigatione</strong></span> <span class='ocrx_word' id='word_1_112' title='bbox 1791 1220 1920 1295; x_wconf 76' lang='lat' dir='ltr'><strong>praeter·</strong></span> <span class='ocrx_word' id='word_1_113' title='bbox 1943 1187 1997 1285; x_wconf 46' lang='grc' dir='ltr'><strong>ἦιξα</strong></span> <span class='ocrx_word' id='word_1_114' title='bbox 2005 1253 2028 1283; x_wconf 60' lang='lat'><strong>„0</strong></span> 
     </span>
     <span class='ocr_line' id='line_1_11' title="bbox 337 1305 2028 1404; baseline -0.001 -34"><span class='ocrx_word' id='word_1_115' title='bbox 337 1310 377 1371; x_wconf 87' lang='lat' dir='ltr'><strong>ad</strong></span> <span class='ocrx_word' id='word_1_116' title='bbox 391 1310 625 1404; x_wconf 71' lang='lat' dir='ltr'><strong>simplicianum</strong></span> <span class='ocrx_word' id='word_1_117' title='bbox 635 1309 659 1385; x_wconf 84' lang='lat'><strong>²,</strong></span> <span class='ocrx_word' id='word_1_118' title='bbox 679 1331 694 1367; x_wconf 84' lang='lat' dir='ltr'><strong>a</strong></span> <span class='ocrx_word' id='word_1_119' title='bbox 708 1309 773 1369; x_wconf 90' lang='lat' dir='ltr'><strong>Nisi</strong></span> <span class='ocrx_word' id='word_1_120' title='bbox 785 1307 942 1383; x_wconf 87' lang='lat' dir='ltr'><strong>vocando,</strong></span> <span class='ocrx_word' id='word_1_121' title='bbox 957 1308 1011 1381; x_wconf 89' lang='lat' dir='ltr'><strong>ait,</strong></span> <span class='ocrx_word' id='word_1_122' title='bbox 1027 1324 1106 1386; x_wconf 83' lang='lat' dir='ltr'><strong>prae·</strong></span> <span class='ocrx_word' id='word_1_123' title='bbox 1154 1305 1276 1367; x_wconf 88' lang='lat' dir='ltr'><strong>eundus</strong></span> <span class='ocrx_word' id='word_1_124' title='bbox 1295 1325 1392 1368; x_wconf 89' lang='lat' dir='ltr'><strong>error.</strong></span> <span class='ocrx_word' id='word_1_125' title='bbox 1408 1309 1458 1370; x_wconf 84' lang='lat' dir='ltr'><strong>Sic</strong></span> <span class='ocrx_word' id='word_1_126' title='bbox 1466 1308 1550 1369; x_wconf 91' lang='lat' dir='ltr'><strong>enim</strong></span> <span class='ocrx_word' id='word_1_127' title='bbox 1564 1307 1610 1368; x_wconf 90' lang='lat' dir='ltr'><strong>illi</strong></span> <span class='ocrx_word' id='word_1_128' title='bbox 1623 1308 1791 1387; x_wconf 87' lang='lat' dir='ltr'><strong>disputant,</strong></span> <span class='ocrx_word' id='word_1_129' title='bbox 1807 1308 1842 1369; x_wconf 92' lang='lat' dir='ltr'><strong>in</strong></span> <span class='ocrx_word' id='word_1_130' title='bbox 1857 1326 1920 1369; x_wconf 86' lang='lat' dir='ltr'><strong>ses-</strong></span> <span class='ocrx_word' id='word_1_131' title='bbox 1943 1306 2028 1403; x_wconf 48' lang='lat' dir='ltr'><strong>yffi,</strong></span> 
     </span>
     <span class='ocr_line' id='line_1_12' title="bbox 337 1397 2028 1509; baseline -0.002 -45"><span class='ocrx_word' id='word_1_132' title='bbox 337 1405 425 1464; x_wconf 83' lang='lat' dir='ltr'><strong>cedat</strong></span> <span class='ocrx_word' id='word_1_133' title='bbox 437 1402 648 1463; x_wconf 78' lang='lat' dir='ltr'><strong>misericordia</strong></span> <span class='ocrx_word' id='word_1_134' title='bbox 658 1401 722 1474; x_wconf 75' lang='lat' dir='ltr'><strong>liei,</strong></span> <span class='ocrx_word' id='word_1_135' title='bbox 733 1419 791 1462; x_wconf 89' lang='lat' dir='ltr'><strong>neo</strong></span> <span class='ocrx_word' id='word_1_136' title='bbox 804 1400 927 1461; x_wconf 88' lang='lat' dir='ltr'><strong>credere</strong></span> <span class='ocrx_word' id='word_1_137' title='bbox 940 1399 1104 1478; x_wconf 89' lang='lat' dir='ltr'><strong>quisquam</strong></span> <span class='ocrx_word' id='word_1_138' title='bbox 1154 1397 1241 1459; x_wconf 89' lang='lat' dir='ltr'><strong>sione</strong></span> <span class='ocrx_word' id='word_1_139' title='bbox 1254 1415 1319 1473; x_wconf 70' lang='lat' dir='ltr'><strong>inv,</strong></span> <span class='ocrx_word' id='word_1_140' title='bbox 1344 1400 1442 1479; x_wconf 85' lang='lat' dir='ltr'><strong>capite</strong></span> <span class='ocrx_word' id='word_1_141' title='bbox 1456 1406 1566 1479; x_wconf 86' lang='lat' dir='ltr'><strong>quarto</strong></span> <span class='ocrx_word' id='word_1_142' title='bbox 1579 1444 1587 1473; x_wconf 88' lang='lat'>‚</span> <span class='ocrx_word' id='word_1_143' title='bbox 1603 1399 1657 1460; x_wconf 87' lang='lat' dir='ltr'><strong>ubi</strong></span> <span class='ocrx_word' id='word_1_144' title='bbox 1670 1400 1709 1460; x_wconf 91' lang='lat' dir='ltr'><strong>de</strong></span> <span class='ocrx_word' id='word_1_145' title='bbox 1723 1400 1920 1479; x_wconf 81' lang='lat' dir='ltr'><strong>contritione,</strong></span> <span class='ocrx_word' id='word_1_146' title='bbox 1959 1412 2028 1509; x_wconf 45' lang='lat' dir='ltr'><strong>“Q</strong></span> 
     </span>
     <span class='ocr_line' id='line_1_13' title="bbox 337 1490 1922 1575; baseline -0.002 -19"><span class='ocrx_word' id='word_1_147' title='bbox 337 1501 447 1575; x_wconf 87' lang='lat' dir='ltr'><strong>potest,</strong></span> <span class='ocrx_word' id='word_1_148' title='bbox 457 1501 493 1555; x_wconf 90' lang='lat' dir='ltr'><strong>ut</strong></span> <span class='ocrx_word' id='word_1_149' title='bbox 502 1513 541 1555; x_wconf 82' lang='lat' dir='ltr'><strong>ex</strong></span> <span class='ocrx_word' id='word_1_150' title='bbox 548 1495 609 1555; x_wconf 94' lang='lat' dir='ltr'><strong>hoc</strong></span> <span class='ocrx_word' id='word_1_151' title='bbox 621 1492 747 1573; x_wconf 88' lang='lat' dir='ltr'><strong>incipiat</strong></span> <span class='ocrx_word' id='word_1_152' title='bbox 751 1491 923 1571; x_wconf 88' lang='lat' dir='ltr'><strong>justificari,</strong></span> <span class='ocrx_word' id='word_1_153' title='bbox 938 1490 1106 1569; x_wconf 89' lang='lat' dir='ltr'><strong>etaccipiat</strong></span> <span class='ocrx_word' id='word_1_154' title='bbox 1154 1508 1224 1568; x_wconf 82' lang='lat' dir='ltr'><strong>quae</strong></span> <span class='ocrx_word' id='word_1_155' title='bbox 1238 1509 1302 1551; x_wconf 89' lang='lat' dir='ltr'><strong>una</strong></span> <span class='ocrx_word' id='word_1_156' title='bbox 1314 1496 1360 1551; x_wconf 91' lang='lat' dir='ltr'><strong>est</strong></span> <span class='ocrx_word' id='word_1_157' title='bbox 1370 1492 1409 1552; x_wconf 90' lang='lat' dir='ltr'><strong>dc</strong></span> <span class='ocrx_word' id='word_1_158' title='bbox 1422 1492 1521 1553; x_wconf 82' lang='lat' dir='ltr'><strong>trihus</strong></span> <span class='ocrx_word' id='word_1_159' title='bbox 1534 1492 1717 1553; x_wconf 71' lang='lat' dir='ltr'><strong>sacramenti</strong></span> <span class='ocrx_word' id='word_1_160' title='bbox 1731 1494 1922 1571; x_wconf 70' lang='lat' dir='ltr'><strong>poenitentia</strong></span> 
     </span>
     <span class='ocr_line' id='line_1_14' title="bbox 336 1582 1921 1665; baseline -0.001 -18"><span class='ocrx_word' id='word_1_161' title='bbox 336 1587 512 1649; x_wconf 81' lang='lat' dir='ltr'><strong>facultatem</strong></span> <span class='ocrx_word' id='word_1_162' title='bbox 537 1586 616 1647; x_wconf 90' lang='lat' dir='ltr'><strong>bene</strong></span> <span class='ocrx_word' id='word_1_163' title='bbox 642 1585 822 1665; x_wconf 90' lang='lat' dir='ltr'><strong>operandi:</strong></span> <span class='ocrx_word' id='word_1_164' title='bbox 849 1605 864 1642; x_wconf 77' lang='lat' dir='ltr'><strong>&gt;r</strong></span> <span class='ocrx_word' id='word_1_165' title='bbox 892 1583 976 1662; x_wconf 89' lang='lat' dir='ltr'><strong>quod</strong></span> <span class='ocrx_word' id='word_1_166' title='bbox 1003 1584 1106 1663; x_wconf 91' lang='lat' dir='ltr'><strong>ipsum</strong></span> <span class='ocrx_word' id='word_1_167' title='bbox 1153 1582 1313 1659; x_wconf 83' lang='lat' dir='ltr'><strong>pertibus,</strong></span> <span class='ocrx_word' id='word_1_168' title='bbox 1340 1585 1462 1663; x_wconf 78' lang='lat' dir='ltr'><strong>agitur3</strong></span> <span class='ocrx_word' id='word_1_169' title='bbox 1492 1585 1602 1646; x_wconf 81' lang='lat' dir='ltr'><strong>docere</strong></span> <span class='ocrx_word' id='word_1_170' title='bbox 1629 1585 1784 1665; x_wconf 92' lang='lat' dir='ltr'><strong>synodum</strong></span> <span class='ocrx_word' id='word_1_171' title='bbox 1811 1585 1921 1661; x_wconf 88' lang='lat' dir='ltr'><strong>illam;</strong></span> 
     </span>
     <span class='ocr_line' id='line_1_15' title="bbox 337 1673 1921 1758; baseline -0.001 -18"><span class='ocrx_word' id='word_1_172' title='bbox 337 1678 412 1740; x_wconf 87' lang='lat' dir='ltr'><strong>alibi</strong></span> <span class='ocrx_word' id='word_1_173' title='bbox 434 1679 548 1758; x_wconf 87' lang='lat' dir='ltr'><strong>passim</strong></span> <span class='ocrx_word' id='word_1_174' title='bbox 569 1679 703 1758; x_wconf 90' lang='lat' dir='ltr'><strong>repetit:</strong></span> <span class='ocrx_word' id='word_1_175' title='bbox 720 1683 755 1738; x_wconf 91' lang='lat' dir='ltr'><strong>ut</strong></span> <span class='ocrx_word' id='word_1_176' title='bbox 776 1694 834 1738; x_wconf 92' lang='lat' dir='ltr'><strong>nos</strong></span> <span class='ocrx_word' id='word_1_177' title='bbox 856 1694 951 1755; x_wconf 86' lang='lat' dir='ltr'><strong>supra</strong></span> <span class='ocrx_word' id='word_1_178' title='bbox 976 1673 1106 1735; x_wconf 86' lang='lat' dir='ltr'><strong>demon·</strong></span> <span class='ocrx_word' id='word_1_179' title='bbox 1153 1674 1382 1752; x_wconf 77' lang='lat' dir='ltr'><strong>contritionem,</strong></span> <span class='ocrx_word' id='word_1_180' title='bbox 1398 1676 1452 1755; x_wconf 90' lang='lat' dir='ltr'><strong>qui</strong></span> <span class='ocrx_word' id='word_1_181' title='bbox 1478 1683 1525 1738; x_wconf 85' lang='lat' dir='ltr'><strong>est</strong></span> <span class='ocrx_word' id='word_1_182' title='bbox 1551 1675 1639 1737; x_wconf 92' lang='lat' dir='ltr'><strong>dolor</strong></span> <span class='ocrx_word' id='word_1_183' title='bbox 1660 1675 1700 1737; x_wconf 90' lang='lat' dir='ltr'><strong>ob</strong></span> <span class='ocrx_word' id='word_1_184' title='bbox 1719 1677 1921 1739; x_wconf 91' lang='lat' dir='ltr'><strong>commissum</strong></span> 
     </span>
     <span class='ocr_line' id='line_1_16' title="bbox 338 1767 1924 1848; baseline 0 -18"><span class='ocrx_word' id='word_1_185' title='bbox 338 1771 512 1831; x_wconf 87' lang='lat' dir='ltr'><strong>stravimus.</strong></span> <span class='ocrx_word' id='word_1_186' title='bbox 528 1770 661 1831; x_wconf 88' lang='lat' dir='ltr'><strong>Pessime</strong></span> <span class='ocrx_word' id='word_1_187' title='bbox 671 1769 768 1848; x_wconf 77' lang='lat' dir='ltr'><strong>igitur</strong></span> <span class='ocrx_word' id='word_1_188' title='bbox 776 1786 813 1830; x_wconf 83' lang='lat' dir='ltr'><strong>ex</strong></span> <span class='ocrx_word' id='word_1_189' title='bbox 821 1767 974 1829; x_wconf 91' lang='lat' dir='ltr'><strong>similibus</strong></span> <span class='ocrx_word' id='word_1_190' title='bbox 984 1769 1107 1845; x_wconf 76' lang='lat' dir='ltr'><strong>Augus-</strong></span> <span class='ocrx_word' id='word_1_191' title='bbox 1153 1772 1325 1845; x_wconf 88' lang='lat' dir='ltr'><strong>peceatum,</strong></span> <span class='ocrx_word' id='word_1_192' title='bbox 1342 1784 1381 1827; x_wconf 85' lang='lat' dir='ltr'><strong>ex</strong></span> <span class='ocrx_word' id='word_1_193' title='bbox 1393 1785 1485 1841; x_wconf 88' lang='lat' dir='ltr'><strong>vera,</strong></span> <span class='ocrx_word' id='word_1_194' title='bbox 1501 1768 1689 1847; x_wconf 82' lang='lat' dir='ltr'><strong>proprieque</strong></span> <span class='ocrx_word' id='word_1_195' title='bbox 1702 1767 1782 1830; x_wconf 90' lang='lat' dir='ltr'><strong>dicta</strong></span> <span class='ocrx_word' id='word_1_196' title='bbox 1796 1771 1924 1830; x_wconf 85' lang='lat' dir='ltr'><strong>caritate</strong></span> 
     </span>
     <span class='ocr_line' id='line_1_17' title="bbox 338 1856 1923 1941; baseline 0 -19"><span class='ocrx_word' id='word_1_197' title='bbox 338 1861 396 1923; x_wconf 90' lang='lat' dir='ltr'><strong>tini</strong></span> <span class='ocrx_word' id='word_1_198' title='bbox 428 1861 613 1923; x_wconf 87' lang='lat' dir='ltr'><strong>testimoniis</strong></span> <span class='ocrx_word' id='word_1_199' title='bbox 646 1865 904 1941; x_wconf 84' lang='lat' dir='ltr'><strong>argumentantur</strong></span> <span class='ocrx_word' id='word_1_200' title='bbox 928 1857 1104 1935; x_wconf 84' lang='lat' dir='ltr'><strong>Armacani,</strong></span> <span class='ocrx_word' id='word_1_201' title='bbox 1154 1856 1325 1936; x_wconf 84' lang='lat' dir='ltr'><strong>profectus,</strong></span> <span class='ocrx_word' id='word_1_202' title='bbox 1349 1859 1553 1921; x_wconf 84' lang='lat' dir='ltr'><strong>necessariam</strong></span> <span class='ocrx_word' id='word_1_203' title='bbox 1579 1877 1645 1921; x_wconf 89' lang='lat' dir='ltr'><strong>esse</strong></span> <span class='ocrx_word' id='word_1_204' title='bbox 1666 1862 1923 1940; x_wconf 73' lang='lat' dir='ltr'><strong>preparationem</strong></span> 
     </span>
     <span class='ocr_line' id='line_1_18' title="bbox 338 1950 1924 2035; baseline 0 -20"><span class='ocrx_word' id='word_1_205' title='bbox 338 1955 456 2034; x_wconf 88' lang='lat' dir='ltr'><strong>primos</strong></span> <span class='ocrx_word' id='word_1_206' title='bbox 469 1954 537 2014; x_wconf 91' lang='lat' dir='ltr'><strong>illos</strong></span> <span class='ocrx_word' id='word_1_207' title='bbox 546 1953 643 2014; x_wconf 89' lang='lat' dir='ltr'><strong>animi</strong></span> <span class='ocrx_word' id='word_1_208' title='bbox 651 1951 919 2033; x_wconf 82' lang='lat' dir='ltr'><strong>allectus,quando</strong></span> <span class='ocrx_word' id='word_1_209' title='bbox 928 1970 980 2028; x_wconf 90' lang='lat' dir='ltr'><strong>spe</strong></span> <span class='ocrx_word' id='word_1_210' title='bbox 993 1950 1106 2012; x_wconf 72' lang='lat' dir='ltr'><strong>divinis</strong></span> <span class='ocrx_word' id='word_1_211' title='bbox 1155 1950 1194 2010; x_wconf 87' lang='lat' dir='ltr'><strong>ad</strong></span> <span class='ocrx_word' id='word_1_212' title='bbox 1207 1951 1331 2011; x_wconf 87' lang='lat' dir='ltr'><strong>veniam</strong></span> <span class='ocrx_word' id='word_1_213' title='bbox 1345 1950 1527 2013; x_wconf 76' lang='lat' dir='ltr'><strong>delictorum</strong></span> <span class='ocrx_word' id='word_1_214' title='bbox 1537 1952 1717 2013; x_wconf 86' lang='lat' dir='ltr'><strong>sacerdotali</strong></span> <span class='ocrx_word' id='word_1_215' title='bbox 1729 1953 1924 2035; x_wconf 79' lang='lat' dir='ltr'><strong>absolutione</strong></span> 
     </span>
     <span class='ocr_line' id='line_1_19' title="bbox 338 2042 1925 2126; baseline -0.001 -19"><span class='ocrx_word' id='word_1_216' title='bbox 338 2046 486 2107; x_wconf 87' lang='lat' dir='ltr'><strong>bonitatis</strong></span> <span class='ocrx_word' id='word_1_217' title='bbox 499 2047 593 2108; x_wconf 88' lang='lat' dir='ltr'><strong>erecti</strong></span> <span class='ocrx_word' id='word_1_218' title='bbox 604 2092 612 2123; x_wconf 95' lang='lat'><strong>,</strong></span> <span class='ocrx_word' id='word_1_219' title='bbox 625 2046 676 2106; x_wconf 90' lang='lat' dir='ltr'><strong>vel</strong></span> <span class='ocrx_word' id='word_1_220' title='bbox 687 2052 775 2107; x_wconf 90' lang='lat' dir='ltr'><strong>metu</strong></span> <span class='ocrx_word' id='word_1_221' title='bbox 788 2045 984 2125; x_wconf 68' lang='lat' dir='ltr'><strong>sempiternae</strong></span> <span class='ocrx_word' id='word_1_222' title='bbox 998 2042 1107 2104; x_wconf 87' lang='lat' dir='ltr'><strong>mortis</strong></span> <span class='ocrx_word' id='word_1_223' title='bbox 1155 2042 1345 2120; x_wconf 87' lang='lat' dir='ltr'><strong>capiendam.</strong></span> <span class='ocrx_word' id='word_1_224' title='bbox 1361 2043 1437 2105; x_wconf 83' lang='lat' dir='ltr'><strong>Falli</strong></span> <span class='ocrx_word' id='word_1_225' title='bbox 1449 2061 1524 2105; x_wconf 87' lang='lat' dir='ltr'><strong>vcro</strong></span> <span class='ocrx_word' id='word_1_226' title='bbox 1548 2061 1666 2119; x_wconf 87' lang='lat' dir='ltr'><strong>omnes,</strong></span> <span class='ocrx_word' id='word_1_227' title='bbox 1683 2063 1719 2106; x_wconf 89' lang='lat' dir='ltr'><strong>ac</strong></span> <span class='ocrx_word' id='word_1_228' title='bbox 1738 2045 1850 2126; x_wconf 87' lang='lat' dir='ltr'><strong>decipi,</strong></span> <span class='ocrx_word' id='word_1_229' title='bbox 1871 2046 1925 2126; x_wconf 84' lang='lat' dir='ltr'><strong>qni</strong></span> 
     </span>
     <span class='ocr_line' id='line_1_20' title="bbox 338 2134 1925 2218; baseline -0.001 -18"><span class='ocrx_word' id='word_1_230' title='bbox 338 2138 474 2214; x_wconf 78' lang='lat' dir='ltr'><strong>excitati,</strong></span> <span class='ocrx_word' id='word_1_231' title='bbox 496 2158 515 2198; x_wconf 88' lang='lat' dir='ltr'><strong>a</strong></span> <span class='ocrx_word' id='word_1_232' title='bbox 528 2144 651 2218; x_wconf 84' lang='lat' dir='ltr'><strong>peccato</strong></span> <span class='ocrx_word' id='word_1_233' title='bbox 666 2139 888 2218; x_wconf 74' lang='lat' dir='ltr'><strong>resipiscimus,</strong></span> <span class='ocrx_word' id='word_1_234' title='bbox 905 2143 936 2198; x_wconf 93' lang='lat' dir='ltr'><strong>ct</strong></span> <span class='ocrx_word' id='word_1_235' title='bbox 955 2137 994 2197; x_wconf 92' lang='lat' dir='ltr'><strong>ad</strong></span> <span class='ocrx_word' id='word_1_236' title='bbox 1007 2138 1106 2197; x_wconf 88' lang='lat' dir='ltr'><strong>Deum</strong></span> <span class='ocrx_word' id='word_1_237' title='bbox 1155 2134 1346 2195; x_wconf 87' lang='lat' dir='ltr'><strong>attritionem</strong></span> <span class='ocrx_word' id='word_1_238' title='bbox 1359 2135 1553 2212; x_wconf 82' lang='lat' dir='ltr'><strong>existimant,</strong></span> <span class='ocrx_word' id='word_1_239' title='bbox 1569 2135 1645 2197; x_wconf 86' lang='lat' dir='ltr'><strong>citra</strong></span> <span class='ocrx_word' id='word_1_240' title='bbox 1658 2138 1843 2199; x_wconf 87' lang='lat' dir='ltr'><strong>sacramenti</strong></span> <span class='ocrx_word' id='word_1_241' title='bbox 1856 2139 1925 2218; x_wconf 89' lang='lat' dir='ltr'><strong>qui-</strong></span> 
     </span>
     <span class='ocr_line' id='line_1_21' title="bbox 338 2225 1925 2309; baseline 0.001 -19"><span class='ocrx_word' id='word_1_242' title='bbox 338 2230 458 2309; x_wconf 84' lang='lat' dir='ltr'><strong>abjecta</strong></span> <span class='ocrx_word' id='word_1_243' title='bbox 471 2230 620 2308; x_wconf 88' lang='lat' dir='ltr'><strong>peccandi</strong></span> <span class='ocrx_word' id='word_1_244' title='bbox 632 2230 792 2291; x_wconf 86' lang='lat' dir='ltr'><strong>voluntate</strong></span> <span class='ocrx_word' id='word_1_245' title='bbox 814 2229 1019 2304; x_wconf 88' lang='lat' dir='ltr'><strong>revertimur,</strong></span> <span class='ocrx_word' id='word_1_246' title='bbox 1041 2246 1107 2289; x_wconf 90' lang='lat' dir='ltr'><strong>non</strong></span> <span class='ocrx_word' id='word_1_247' title='bbox 1156 2225 1228 2288; x_wconf 87' lang='lat' dir='ltr'><strong>dem</strong></span> <span class='ocrx_word' id='word_1_248' title='bbox 1239 2227 1729 2306; x_wconf 87' lang='lat' dir='ltr'><strong>usurpationem,nonimpetrare</strong></span> <span class='ocrx_word' id='word_1_249' title='bbox 1739 2229 1925 2292; x_wconf 88' lang='lat' dir='ltr'><strong>delictorum</strong></span> 
     </span>
     <span class='ocr_line' id='line_1_22' title="bbox 338 2319 1925 2400; baseline 0.001 -17"><span class='ocrx_word' id='word_1_250' title='bbox 338 2340 403 2383; x_wconf 88' lang='lat' dir='ltr'><strong>esse</strong></span> <span class='ocrx_word' id='word_1_251' title='bbox 414 2322 594 2393; x_wconf 89' lang='lat' dir='ltr'><strong>honestatis,</strong></span> <span class='ocrx_word' id='word_1_252' title='bbox 607 2322 658 2383; x_wconf 85' lang='lat' dir='ltr'><strong>vel</strong></span> <span class='ocrx_word' id='word_1_253' title='bbox 668 2322 796 2400; x_wconf 84' lang='lat' dir='ltr'><strong>justitiae</strong></span> <span class='ocrx_word' id='word_1_254' title='bbox 806 2322 1014 2383; x_wconf 87' lang='lat' dir='ltr'><strong>dilectionem.</strong></span> <span class='ocrx_word' id='word_1_255' title='bbox 1027 2326 1107 2395; x_wconf 72' lang='lat' dir='ltr'><strong>Quo</strong></span> <span class='ocrx_word' id='word_1_256' title='bbox 1155 2319 1307 2396; x_wconf 81' lang='lat' dir='ltr'><strong>gratiam:</strong></span> <span class='ocrx_word' id='word_1_257' title='bbox 1324 2320 1357 2380; x_wconf 90' lang='lat' dir='ltr'><strong>in</strong></span> <span class='ocrx_word' id='word_1_258' title='bbox 1381 2325 1573 2381; x_wconf 88' lang='lat' dir='ltr'><strong>sacramento</strong></span> <span class='ocrx_word' id='word_1_259' title='bbox 1600 2337 1693 2397; x_wconf 86' lang='lat' dir='ltr'><strong>vero,</strong></span> <span class='ocrx_word' id='word_1_260' title='bbox 1715 2321 1755 2383; x_wconf 87' lang='lat' dir='ltr'><strong>ad</strong></span> <span class='ocrx_word' id='word_1_261' title='bbox 1781 2324 1925 2384; x_wconf 85' lang='lat' dir='ltr'><strong>eamdem</strong></span> 
     </span>
     <span class='ocr_line' id='line_1_23' title="bbox 338 2410 1925 2493; baseline 0.002 -19"><span class='ocrx_word' id='word_1_262' title='bbox 338 2413 425 2474; x_wconf 89' lang='lat' dir='ltr'><strong>niam</strong></span> <span class='ocrx_word' id='word_1_263' title='bbox 445 2412 591 2490; x_wconf 86' lang='lat' dir='ltr'><strong>haecipsa</strong></span> <span class='ocrx_word' id='word_1_264' title='bbox 612 2412 735 2473; x_wconf 89' lang='lat' dir='ltr'><strong>dilectio</strong></span> <span class='ocrx_word' id='word_1_265' title='bbox 749 2412 911 2491; x_wconf 90' lang='lat' dir='ltr'><strong>posterius,</strong></span> <span class='ocrx_word' id='word_1_266' title='bbox 928 2413 1015 2493; x_wconf 89' lang='lat' dir='ltr'><strong>qnasi</strong></span> <span class='ocrx_word' id='word_1_267' title='bbox 1028 2416 1107 2473; x_wconf 85' lang='lat' dir='ltr'><strong>truc·</strong></span> <span class='ocrx_word' id='word_1_268' title='bbox 1156 2410 1357 2471; x_wconf 85' lang='lat' dir='ltr'><strong>obtinendam</strong></span> <span class='ocrx_word' id='word_1_269' title='bbox 1388 2411 1540 2473; x_wconf 87' lang='lat' dir='ltr'><strong>sufficere.</strong></span> <span class='ocrx_word' id='word_1_270' title='bbox 1575 2412 1737 2492; x_wconf 87' lang='lat' dir='ltr'><strong>Siquidem</strong></span> <span class='ocrx_word' id='word_1_271' title='bbox 1758 2415 1925 2477; x_wconf 85' lang='lat' dir='ltr'><strong>attritionis</strong></span> 
     </span>
     <span class='ocr_line' id='line_1_24' title="bbox 338 2501 1925 2584; baseline 0.002 -19"><span class='ocrx_word' id='word_1_272' title='bbox 338 2511 400 2579; x_wconf 90' lang='lat' dir='ltr'><strong>tus,</strong></span> <span class='ocrx_word' id='word_1_273' title='bbox 414 2525 450 2565; x_wconf 90' lang='lat' dir='ltr'><strong>ac</strong></span> <span class='ocrx_word' id='word_1_274' title='bbox 466 2522 583 2565; x_wconf 87' lang='lat' dir='ltr'><strong>merces</strong></span> <span class='ocrx_word' id='word_1_275' title='bbox 596 2505 706 2581; x_wconf 88' lang='lat' dir='ltr'><strong>prioris</strong></span> <span class='ocrx_word' id='word_1_276' title='bbox 721 2504 804 2565; x_wconf 87' lang='lat' dir='ltr'><strong>illius</strong></span> <span class='ocrx_word' id='word_1_277' title='bbox 826 2504 974 2584; x_wconf 89' lang='lat' dir='ltr'><strong>propositi</strong></span> <span class='ocrx_word' id='word_1_278' title='bbox 997 2523 1107 2566; x_wconf 85' lang='lat' dir='ltr'><strong>conce·</strong></span> <span class='ocrx_word' id='word_1_279' title='bbox 1157 2501 1295 2579; x_wconf 88' lang='lat' dir='ltr'><strong>nomine,</strong></span> <span class='ocrx_word' id='word_1_280' title='bbox 1311 2502 1361 2563; x_wconf 88' lang='lat' dir='ltr'><strong>cui</strong></span> <span class='ocrx_word' id='word_1_281' title='bbox 1373 2507 1494 2563; x_wconf 85' lang='lat' dir='ltr'><strong>tantam</strong></span> <span class='ocrx_word' id='word_1_282' title='bbox 1507 2503 1572 2563; x_wconf 85' lang='lat' dir='ltr'><strong>vim</strong></span> <span class='ocrx_word' id='word_1_283' title='bbox 1592 2503 1743 2581; x_wconf 86' lang='lat' dir='ltr'><strong>tribuunt,</strong></span> <span class='ocrx_word' id='word_1_284' title='bbox 1758 2504 1837 2567; x_wconf 86' lang='lat' dir='ltr'><strong>falso</strong></span> <span class='ocrx_word' id='word_1_285' title='bbox 1852 2507 1925 2568; x_wconf 88' lang='lat' dir='ltr'><strong>istos</strong></span> 
     </span>
     <span class='ocr_line' id='line_1_25' title="bbox 339 2593 1925 2678; baseline 0.003 -22"><span class='ocrx_word' id='word_1_286' title='bbox 339 2597 432 2656; x_wconf 90' lang='lat' dir='ltr'><strong>ditur.</strong></span> <span class='ocrx_word' id='word_1_287' title='bbox 448 2598 513 2670; x_wconf 85' lang='lat' dir='ltr'><strong>Qua</strong></span> <span class='ocrx_word' id='word_1_288' title='bbox 534 2616 572 2657; x_wconf 86' lang='lat' dir='ltr'><strong>ex</strong></span> <span class='ocrx_word' id='word_1_289' title='bbox 591 2596 717 2657; x_wconf 92' lang='lat' dir='ltr'><strong>illorum</strong></span> <span class='ocrx_word' id='word_1_290' title='bbox 732 2596 966 2657; x_wconf 83' lang='lat' dir='ltr'><strong>ratiocinatione</strong></span> <span class='ocrx_word' id='word_1_291' title='bbox 981 2596 1108 2675; x_wconf 91' lang='lat' dir='ltr'><strong>perinde</strong></span> <span class='ocrx_word' id='word_1_292' title='bbox 1155 2593 1328 2672; x_wconf 79' lang='lat' dir='ltr'><strong>intelligere</strong></span> <span class='ocrx_word' id='word_1_293' title='bbox 1350 2600 1472 2655; x_wconf 88' lang='lat' dir='ltr'><strong>motum</strong></span> <span class='ocrx_word' id='word_1_294' title='bbox 1495 2594 1585 2655; x_wconf 91' lang='lat' dir='ltr'><strong>illum</strong></span> <span class='ocrx_word' id='word_1_295' title='bbox 1608 2595 1785 2673; x_wconf 79' lang='lat' dir='ltr'><strong>voluntatis,</strong></span> <span class='ocrx_word' id='word_1_296' title='bbox 1803 2617 1870 2678; x_wconf 87' lang='lat' dir='ltr'><strong>qno</strong></span> <span class='ocrx_word' id='word_1_297' title='bbox 1887 2618 1925 2661; x_wconf 85' lang='lat' dir='ltr'><strong>ex</strong></span> 
     </span>
     <span class='ocr_line' id='line_1_26' title="bbox 339 2685 1926 2771; baseline 0.002 -22"><span class='ocrx_word' id='word_1_298' title='bbox 339 2688 491 2767; x_wconf 86' lang='lat' dir='ltr'><strong>sequitur,</strong></span> <span class='ocrx_word' id='word_1_299' title='bbox 510 2688 604 2748; x_wconf 85' lang='lat' dir='ltr'><strong>tidem</strong></span> <span class='ocrx_word' id='word_1_300' title='bbox 627 2706 691 2748; x_wconf 90' lang='lat' dir='ltr'><strong>non</strong></span> <span class='ocrx_word' id='word_1_301' title='bbox 710 2706 750 2748; x_wconf 81' lang='lat' dir='ltr'><strong>ex</strong></span> <span class='ocrx_word' id='word_1_302' title='bbox 765 2687 875 2748; x_wconf 84' lang='lat' dir='ltr'><strong>Christi</strong></span> <span class='ocrx_word' id='word_1_303' title='bbox 896 2706 961 2749; x_wconf 87' lang='lat' dir='ltr'><strong>esse</strong></span> <span class='ocrx_word' id='word_1_304' title='bbox 984 2690 1105 2766; x_wconf 80' lang='lat' dir='ltr'><strong>gratia:</strong></span> <span class='ocrx_word' id='word_1_305' title='bbox 1156 2687 1268 2746; x_wconf 89' lang='lat' dir='ltr'><strong>timore</strong></span> <span class='ocrx_word' id='word_1_306' title='bbox 1281 2703 1382 2765; x_wconf 82' lang='lat' dir='ltr'><strong>poenae</strong></span> <span class='ocrx_word' id='word_1_307' title='bbox 1392 2685 1602 2764; x_wconf 85' lang='lat' dir='ltr'><strong>sempiternae,</strong></span> <span class='ocrx_word' id='word_1_308' title='bbox 1618 2687 1668 2748; x_wconf 81' lang='lat' dir='ltr'><strong>rel</strong></span> <span class='ocrx_word' id='word_1_309' title='bbox 1685 2688 1830 2750; x_wconf 86' lang='lat' dir='ltr'><strong>illecebra</strong></span> <span class='ocrx_word' id='word_1_310' title='bbox 1853 2710 1926 2771; x_wconf 86' lang='lat' dir='ltr'><strong>qna·</strong></span> 
     </span>
     <span class='ocr_line' id='line_1_27' title="bbox 339 2776 1925 2858; baseline 0.004 -19"><span class='ocrx_word' id='word_1_311' title='bbox 339 2780 590 2858; x_wconf 82' lang='lat' dir='ltr'><strong>quandoquidem</strong></span> <span class='ocrx_word' id='word_1_312' title='bbox 611 2779 772 2857; x_wconf 83' lang='lat' dir='ltr'><strong>perfidem</strong></span> <span class='ocrx_word' id='word_1_313' title='bbox 797 2779 956 2858; x_wconf 88' lang='lat' dir='ltr'><strong>impetrari</strong></span> <span class='ocrx_word' id='word_1_314' title='bbox 978 2779 1109 2858; x_wconf 77' lang='lat' dir='ltr'><strong>gratiam</strong></span> <span class='ocrx_word' id='word_1_315' title='bbox 1156 2778 1243 2858; x_wconf 88' lang='lat' dir='ltr'><strong>piam</strong></span> <span class='ocrx_word' id='word_1_316' title='bbox 1269 2776 1339 2852; x_wconf 88' lang='lat' dir='ltr'><strong>alia,</strong></span> <span class='ocrx_word' id='word_1_317' title='bbox 1364 2796 1434 2856; x_wconf 85' lang='lat' dir='ltr'><strong>quae</strong></span> <span class='ocrx_word' id='word_1_318' title='bbox 1460 2778 1587 2839; x_wconf 77' lang='lat' dir='ltr'><strong>sinceres</strong></span> <span class='ocrx_word' id='word_1_319' title='bbox 1612 2780 1759 2857; x_wconf 86' lang='lat' dir='ltr'><strong>caritatis,</strong></span> <span class='ocrx_word' id='word_1_320' title='bbox 1784 2800 1821 2841; x_wconf 88' lang='lat' dir='ltr'><strong>ac</strong></span> <span class='ocrx_word' id='word_1_321' title='bbox 1844 2801 1925 2845; x_wconf 80' lang='lat' dir='ltr'><strong>verae</strong></span> 
     </span>
     <span class='ocr_line' id='line_1_28' title="bbox 339 2867 1924 2952; baseline 0.003 -20"><span class='ocrx_word' id='word_1_322' title='bbox 339 2891 404 2932; x_wconf 91' lang='lat' dir='ltr'><strong>non</strong></span> <span class='ocrx_word' id='word_1_323' title='bbox 418 2872 522 2932; x_wconf 90' lang='lat' dir='ltr'><strong>minus</strong></span> <span class='ocrx_word' id='word_1_324' title='bbox 544 2872 697 2933; x_wconf 77' lang='lat' dir='ltr'><strong>affirmat:</strong></span> <span class='ocrx_word' id='word_1_325' title='bbox 713 2889 808 2951; x_wconf 89' lang='lat' dir='ltr'><strong>quam</strong></span> <span class='ocrx_word' id='word_1_326' title='bbox 822 2878 851 2932; x_wconf 88' lang='lat' dir='ltr'><strong>et</strong></span> <span class='ocrx_word' id='word_1_327' title='bbox 871 2871 1001 2951; x_wconf 86' lang='lat' dir='ltr'><strong>justitiae</strong></span> <span class='ocrx_word' id='word_1_328' title='bbox 1014 2871 1107 2934; x_wconf 90' lang='lat' dir='ltr'><strong>dilec-</strong></span> <span class='ocrx_word' id='word_1_329' title='bbox 1158 2867 1330 2930; x_wconf 88' lang='lat' dir='ltr'><strong>dilectionis</strong></span> <span class='ocrx_word' id='word_1_330' title='bbox 1354 2868 1409 2928; x_wconf 90' lang='lat' dir='ltr'><strong>Dei</strong></span> <span class='ocrx_word' id='word_1_331' title='bbox 1428 2875 1554 2949; x_wconf 88' lang='lat' dir='ltr'><strong>propter</strong></span> <span class='ocrx_word' id='word_1_332' title='bbox 1578 2888 1611 2931; x_wconf 90' lang='lat' dir='ltr'><strong>sc</strong></span> <span class='ocrx_word' id='word_1_333' title='bbox 1630 2871 1756 2950; x_wconf 89' lang='lat' dir='ltr'><strong>propria</strong></span> <span class='ocrx_word' id='word_1_334' title='bbox 1777 2891 1845 2934; x_wconf 91' lang='lat' dir='ltr'><strong>non</strong></span> <span class='ocrx_word' id='word_1_335' title='bbox 1869 2880 1924 2952; x_wconf 87' lang='lat' dir='ltr'><strong>est,</strong></span> 
     </span>
     <span class='ocr_line' id='line_1_29' title="bbox 340 2961 1926 3044; baseline 0.003 -21"><span class='ocrx_word' id='word_1_336' title='bbox 340 2965 457 3025; x_wconf 92' lang='lat' dir='ltr'><strong>tionem</strong></span> <span class='ocrx_word' id='word_1_337' title='bbox 471 2966 624 3025; x_wconf 86' lang='lat' dir='ltr'><strong>nominat.</strong></span> <span class='ocrx_word' id='word_1_338' title='bbox 1159 2965 1321 3040; x_wconf 89' lang='lat' dir='ltr'><strong>peccatum</strong></span> <span class='ocrx_word' id='word_1_339' title='bbox 1342 2966 1542 3037; x_wconf 85' lang='lat' dir='ltr'><strong>aversantur,</strong></span> <span class='ocrx_word' id='word_1_340' title='bbox 1569 2961 1669 3040; x_wconf 88' lang='lat' dir='ltr'><strong>deque</strong></span> <span class='ocrx_word' id='word_1_341' title='bbox 1692 2981 1729 3024; x_wconf 90' lang='lat' dir='ltr'><strong>eo</strong></span> <span class='ocrx_word' id='word_1_342' title='bbox 1749 2972 1926 3044; x_wconf 84' lang='lat' dir='ltr'><strong>perpetrato</strong></span> 
     </span>
     <span class='ocr_line' id='line_1_30' title="bbox 1160 3052 1927 3131; baseline 0.009 -19"><span class='ocrx_word' id='word_1_343' title='bbox 1160 3052 1299 3113; x_wconf 89' lang='lat' dir='ltr'><strong>dolorem</strong></span> <span class='ocrx_word' id='word_1_344' title='bbox 1309 3052 1447 3131; x_wconf 90' lang='lat' dir='ltr'><strong>capiunt.</strong></span> <span class='ocrx_word' id='word_1_345' title='bbox 1463 3053 1542 3113; x_wconf 91' lang='lat' dir='ltr'><strong>Nam</strong></span> <span class='ocrx_word' id='word_1_346' title='bbox 1551 3052 1643 3131; x_wconf 77' lang='lat' dir='ltr'><strong>longe</strong></span> <span class='ocrx_word' id='word_1_347' title='bbox 1656 3072 1743 3115; x_wconf 87' lang='lat' dir='ltr'><strong>secus</strong></span> <span class='ocrx_word' id='word_1_348' title='bbox 1756 3055 1927 3120; x_wconf 84' lang='lat' dir='ltr'><strong>decrevisse</strong></span> 
     </span>
     <span class='ocr_line' id='line_1_31' title="bbox 1160 3143 1925 3227; baseline 0.012 -23"><span class='ocrx_word' id='word_1_349' title='bbox 1160 3143 1513 3220; x_wconf 78' lang='lat' dir='ltr'><strong>conciliumaffirmant;</strong></span> <span class='ocrx_word' id='word_1_350' title='bbox 1535 3162 1571 3205; x_wconf 91' lang='lat' dir='ltr'><strong>ac</strong></span> <span class='ocrx_word' id='word_1_351' title='bbox 1593 3145 1705 3207; x_wconf 86' lang='lat' dir='ltr'><strong>diserte</strong></span> <span class='ocrx_word' id='word_1_352' title='bbox 1726 3147 1925 3227; x_wconf 79' lang='lat' dir='ltr'><strong>significasse,</strong></span> 
     </span>
     <span class='ocr_line' id='line_1_32' title="bbox 1159 3235 1925 3321; baseline 0.009 -25"><span class='ocrx_word' id='word_1_353' title='bbox 1159 3235 1257 3296; x_wconf 87' lang='lat' dir='ltr'><strong>solam</strong></span> <span class='ocrx_word' id='word_1_354' title='bbox 1269 3236 1497 3310; x_wconf 86' lang='lat' dir='ltr'><strong>contritionem,</strong></span> <span class='ocrx_word' id='word_1_355' title='bbox 1512 3254 1583 3314; x_wconf 74' lang='lat' dir='ltr'><strong>quse</strong></span> <span class='ocrx_word' id='word_1_356' title='bbox 1595 3253 1633 3297; x_wconf 81' lang='lat' dir='ltr'><strong>er</strong></span> <span class='ocrx_word' id='word_1_357' title='bbox 1644 3256 1751 3299; x_wconf 88' lang='lat' dir='ltr'><strong>amore</strong></span> <span class='ocrx_word' id='word_1_358' title='bbox 1765 3241 1820 3301; x_wconf 83' lang='lat' dir='ltr'><strong>Dei</strong></span> <span class='ocrx_word' id='word_1_359' title='bbox 1834 3260 1925 3321; x_wconf 92' lang='lat' dir='ltr'><strong>puro,</strong></span> 
     </span>
     <span class='ocr_line' id='line_1_33' title="bbox 559 3294 1927 3413; baseline 0.007 -27"><span class='ocrx_word' id='word_1_360' title='bbox 559 3294 760 3377; x_wconf 72' lang='lat' dir='ltr'>CAPUT</span> <span class='ocrx_word' id='word_1_361' title='bbox 800 3296 878 3376; x_wconf 76' lang='lat' dir='ltr'><strong>Xl·</strong></span> <span class='ocrx_word' id='word_1_362' title='bbox 1159 3344 1195 3387; x_wconf 91' lang='lat' dir='ltr'><strong>ac</strong></span> <span class='ocrx_word' id='word_1_363' title='bbox 1208 3346 1292 3402; x_wconf 90' lang='lat' dir='ltr'><strong>vero,</strong></span> <span class='ocrx_word' id='word_1_364' title='bbox 1310 3332 1341 3388; x_wconf 91' lang='lat' dir='ltr'><strong>et</strong></span> <span class='ocrx_word' id='word_1_365' title='bbox 1354 3327 1515 3407; x_wconf 90' lang='lat' dir='ltr'><strong>ipsiusmet</strong></span> <span class='ocrx_word' id='word_1_366' title='bbox 1527 3329 1639 3407; x_wconf 79' lang='lat' dir='ltr'><strong>gratia,</strong></span> <span class='ocrx_word' id='word_1_367' title='bbox 1654 3330 1720 3391; x_wconf 89' lang='lat' dir='ltr'><strong>sine</strong></span> <span class='ocrx_word' id='word_1_368' title='bbox 1732 3341 1875 3413; x_wconf 87' lang='lat' dir='ltr'><strong>respectu</strong></span> <span class='ocrx_word' id='word_1_369' title='bbox 1888 3334 1927 3395; x_wconf 86' lang='lat' dir='ltr'><strong>ad</strong></span> 
     </span>
     <span class='ocr_line' id='line_1_34' title="bbox 1158 3421 1925 3502; baseline 0.01 -24"><span class='ocrx_word' id='word_1_370' title='bbox 1158 3436 1226 3479; x_wconf 91' lang='lat' dir='ltr'><strong>rem</strong></span> <span class='ocrx_word' id='word_1_371' title='bbox 1240 3436 1468 3498; x_wconf 87' lang='lat' dir='ltr'><strong>quamcumque</strong></span> <span class='ocrx_word' id='word_1_372' title='bbox 1482 3425 1627 3497; x_wconf 87' lang='lat' dir='ltr'><strong>creatam,</strong></span> <span class='ocrx_word' id='word_1_373' title='bbox 1636 3421 1769 3502; x_wconf 91' lang='lat' dir='ltr'><strong>impulso</strong></span> <span class='ocrx_word' id='word_1_374' title='bbox 1778 3426 1925 3501; x_wconf 88' lang='lat' dir='ltr'><strong>nascitur,</strong></span> 
     </span>
     <span class='ocr_line' id='line_1_35' title="bbox 1158 3510 1927 3592; baseline 0.013 -23"><span class='ocrx_word' id='word_1_375' title='bbox 1158 3514 1226 3570; x_wconf 88' lang='lat' dir='ltr'><strong>tum</strong></span> <span class='ocrx_word' id='word_1_376' title='bbox 1254 3510 1294 3570; x_wconf 88' lang='lat' dir='ltr'><strong>ad</strong></span> <span class='ocrx_word' id='word_1_377' title='bbox 1314 3510 1504 3590; x_wconf 88' lang='lat' dir='ltr'><strong>baptismum</strong></span> <span class='ocrx_word' id='word_1_378' title='bbox 1527 3514 1761 3592; x_wconf 83' lang='lat' dir='ltr'><strong>capessendum,</strong></span> <span class='ocrx_word' id='word_1_379' title='bbox 1793 3521 1863 3578; x_wconf 91' lang='lat' dir='ltr'><strong>tum</strong></span> <span class='ocrx_word' id='word_1_380' title='bbox 1889 3518 1927 3579; x_wconf 89' lang='lat' dir='ltr'><strong>ad</strong></span> 
     </span>
     <span class='ocr_line' id='line_1_36' title="bbox 345 3597 1928 3679; baseline 0.006 -17"><span class='ocrx_word' id='word_1_381' title='bbox 345 3602 387 3662; x_wconf 81' lang='lat' dir='ltr'><strong>Ile</strong></span> <span class='ocrx_word' id='word_1_382' title='bbox 415 3598 583 3662; x_wconf 80' lang='lat' dir='ltr'><strong>Tridentini</strong></span> <span class='ocrx_word' id='word_1_383' title='bbox 610 3597 729 3659; x_wconf 79' lang='lat' dir='ltr'><strong>concilii</strong></span> <span class='ocrx_word' id='word_1_384' title='bbox 755 3601 912 3670; x_wconf 80' lang='lat' dir='ltr'><strong>sententia,</strong></span> <span class='ocrx_word' id='word_1_385' title='bbox 942 3606 969 3659; x_wconf 85' lang='lat' dir='ltr'><strong>et</strong></span> <span class='ocrx_word' id='word_1_386' title='bbox 996 3599 1110 3661; x_wconf 83' lang='lat' dir='ltr'><strong>decreto</strong></span> <span class='ocrx_word' id='word_1_387' title='bbox 1159 3603 1341 3663; x_wconf 88' lang='lat' dir='ltr'><strong>sacramenti</strong></span> <span class='ocrx_word' id='word_1_388' title='bbox 1357 3602 1546 3679; x_wconf 73' lang='lat' dir='ltr'><strong>poenitentia</strong></span> <span class='ocrx_word' id='word_1_389' title='bbox 1566 3603 1702 3666; x_wconf 89' lang='lat' dir='ltr'><strong>fructum</strong></span> <span class='ocrx_word' id='word_1_390' title='bbox 1723 3610 1928 3672; x_wconf 89' lang='lat' dir='ltr'><strong>emerendum</strong></span> 
     </span>
     <span class='ocr_line' id='line_1_37' title="bbox 381 3689 1593 3774; baseline 0.003 -21"><span class='ocrx_word' id='word_1_391' title='bbox 381 3689 1110 3774; x_wconf 70' lang='lat' dir='ltr'><strong>crepereontritione.hNooornmdopmatistarum</strong></span> <span class='ocrx_word' id='word_1_392' title='bbox 1160 3710 1289 3774; x_wconf 90' lang='lat' dir='ltr'><strong>prorsus</strong></span> <span class='ocrx_word' id='word_1_393' title='bbox 1300 3712 1366 3755; x_wconf 89' lang='lat' dir='ltr'><strong>esse</strong></span> <span class='ocrx_word' id='word_1_394' title='bbox 1379 3695 1593 3757; x_wconf 89' lang='lat' dir='ltr'><strong>necessariam.</strong></span> 
     </span>
     <span class='ocr_line' id='line_1_38' title="bbox 381 3780 1927 3866; baseline 0.006 -20"><span class='ocrx_word' id='word_1_395' title='bbox 381 3785 463 3865; x_wconf 81' lang='lat' dir='ltr'><strong>salso</strong></span> <span class='ocrx_word' id='word_1_396' title='bbox 486 3783 575 3844; x_wconf 81' lang='lat' dir='ltr'><strong>illius</strong></span> <span class='ocrx_word' id='word_1_397' title='bbox 597 3781 752 3862; x_wconf 75' lang='lat' dir='ltr'><strong>expositio.</strong></span> <span class='ocrx_word' id='word_1_398' title='bbox 767 3783 798 3841; x_wconf 71' lang='lat' dir='ltr'><strong>i.</strong></span> <span class='ocrx_word' id='word_1_399' title='bbox 818 3780 961 3843; x_wconf 82' lang='lat' dir='ltr'><strong>Contritio</strong></span> <span class='ocrx_word' id='word_1_400' title='bbox 980 3783 1112 3845; x_wconf 80' lang='lat' dir='ltr'><strong>aar‘oerse</strong></span> <span class='ocrx_word' id='word_1_401' title='bbox 1199 3786 1237 3845; x_wconf 90' lang='lat' dir='ltr'><strong>ll.</strong></span> <span class='ocrx_word' id='word_1_402' title='bbox 1254 3786 1327 3847; x_wconf 80' lang='lat' dir='ltr'><strong>Haec</strong></span> <span class='ocrx_word' id='word_1_403' title='bbox 1339 3804 1522 3866; x_wconf 78' lang='lat' dir='ltr'><strong>veroquam</strong></span> <span class='ocrx_word' id='word_1_404' title='bbox 1533 3787 1677 3865; x_wconf 86' lang='lat' dir='ltr'><strong>absurda,</strong></span> <span class='ocrx_word' id='word_1_405' title='bbox 1694 3795 1757 3851; x_wconf 90' lang='lat' dir='ltr'><strong>eta</strong></span> <span class='ocrx_word' id='word_1_406' title='bbox 1774 3792 1927 3856; x_wconf 88' lang='lat' dir='ltr'><strong>Tridenti-</strong></span> 
     </span>
     <span class='ocr_line' id='line_1_39' title="bbox 376 3873 1927 3961; baseline 0.006 -23"><span class='ocrx_word' id='word_1_407' title='bbox 376 3877 544 3959; x_wconf 82' lang='lat' dir='ltr'><strong>proposito,</strong></span> <span class='ocrx_word' id='word_1_408' title='bbox 558 3881 586 3935; x_wconf 87' lang='lat' dir='ltr'><strong>et</strong></span> <span class='ocrx_word' id='word_1_409' title='bbox 601 3873 728 3954; x_wconf 77' lang='lat' dir='ltr'><strong>definito</strong></span> <span class='ocrx_word' id='word_1_410' title='bbox 737 3873 870 3953; x_wconf 83' lang='lat' dir='ltr'><strong>primam</strong></span> <span class='ocrx_word' id='word_1_411' title='bbox 885 3874 1110 3955; x_wconf 64' lang='lat' dir='ltr'><strong>asyncretum</strong></span> <span class='ocrx_word' id='word_1_412' title='bbox 1159 3894 1273 3937; x_wconf 91' lang='lat' dir='ltr'><strong>norum</strong></span> <span class='ocrx_word' id='word_1_413' title='bbox 1288 3880 1414 3938; x_wconf 81' lang='lat' dir='ltr'><strong>Petrum</strong></span> <span class='ocrx_word' id='word_1_414' title='bbox 1427 3877 1529 3939; x_wconf 79' lang='lat' dir='ltr'><strong>aliena</strong></span> <span class='ocrx_word' id='word_1_415' title='bbox 1549 3885 1653 3941; x_wconf 87' lang='lat' dir='ltr'><strong>mente</strong></span> <span class='ocrx_word' id='word_1_416' title='bbox 1665 3883 1704 3942; x_wconf 87' lang='lat' dir='ltr'><strong>sit</strong></span> <span class='ocrx_word' id='word_1_417' title='bbox 1714 3882 1833 3961; x_wconf 91' lang='lat' dir='ltr'><strong>opinio,</strong></span> <span class='ocrx_word' id='word_1_418' title='bbox 1850 3886 1927 3948; x_wconf 92' lang='lat' dir='ltr'><strong>nihil</strong></span> 
     </span>
     <span class='ocr_line' id='line_1_40' title="bbox 383 3956 1928 4058; baseline 0.007 -29"><span class='ocrx_word' id='word_1_419' title='bbox 383 3969 414 4030; x_wconf 81' lang='lat' dir='ltr'><strong>in</strong></span> <span class='ocrx_word' id='word_1_420' title='bbox 427 3968 500 4029; x_wconf 81' lang='lat' dir='ltr'><strong>duas</strong></span> <span class='ocrx_word' id='word_1_421' title='bbox 519 3966 624 4046; x_wconf 83' lang='lat' dir='ltr'><strong>species</strong></span> <span class='ocrx_word' id='word_1_422' title='bbox 642 3963 747 4026; x_wconf 79' lang='lat' dir='ltr'><strong>diuiso.</strong></span> <span class='ocrx_word' id='word_1_423' title='bbox 764 3968 792 4025; x_wconf 88' lang='grc'><strong>3.</strong></span> <span class='ocrx_word' id='word_1_424' title='bbox 815 3964 1001 4027; x_wconf 75' lang='lat' dir='ltr'><strong>Describitur</strong></span> <span class='ocrx_word' id='word_1_425' title='bbox 1022 3976 1111 4049; x_wconf 84' lang='lat' dir='ltr'><strong>repat</strong></span> <span class='ocrx_word' id='word_1_426' title='bbox 1161 3973 1207 4030; x_wconf 91' lang='lat' dir='ltr'><strong>est</strong></span> <span class='ocrx_word' id='word_1_427' title='bbox 1217 3956 1410 4049; x_wconf 78' lang='lat' dir='ltr'><strong>argumentis</strong></span> <span class='ocrx_word' id='word_1_428' title='bbox 1423 3970 1556 4049; x_wconf 88' lang='lat' dir='ltr'><strong>probare</strong></span> <span class='ocrx_word' id='word_1_429' title='bbox 1571 3990 1704 4035; x_wconf 87' lang='lat' dir='ltr'><strong>necesse.</strong></span> <span class='ocrx_word' id='word_1_430' title='bbox 1728 3974 1800 4037; x_wconf 87' lang='lat' dir='ltr'><strong>Sola</strong></span> <span class='ocrx_word' id='word_1_431' title='bbox 1820 3978 1928 4058; x_wconf 84' lang='lat' dir='ltr'><strong>cepitis</strong></span> 
     </span>
     <span class='ocr_line' id='line_1_41' title="bbox 383 4055 1927 4145; baseline 0.008 -25"><span class='ocrx_word' id='word_1_432' title='bbox 383 4065 525 4141; x_wconf 83' lang='lat' dir='ltr'><strong>quartam</strong></span> <span class='ocrx_word' id='word_1_433' title='bbox 545 4056 743 4119; x_wconf 81' lang='lat' dir='ltr'><strong>sessionisxrv</strong></span> <span class='ocrx_word' id='word_1_434' title='bbox 756 4055 839 4116; x_wconf 82' lang='lat' dir='ltr'><strong>illius</strong></span> <span class='ocrx_word' id='word_1_435' title='bbox 852 4055 968 4137; x_wconf 74' lang='lat' dir='ltr'><strong>synodi.</strong></span> <span class='ocrx_word' id='word_1_436' title='bbox 985 4060 1014 4118; x_wconf 80' lang='lat' dir='ltr'><strong>l.</strong></span> <span class='ocrx_word' id='word_1_437' title='bbox 1036 4058 1109 4120; x_wconf 80' lang='lat' dir='ltr'><strong>Tam</strong></span> <span class='ocrx_word' id='word_1_438' title='bbox 1159 4060 1242 4122; x_wconf 90' lang='lat' dir='ltr'><strong>illius</strong></span> <span class='ocrx_word' id='word_1_439' title='bbox 1262 4062 1366 4141; x_wconf 86' lang='lat' dir='ltr'><strong>quarti</strong></span> <span class='ocrx_word' id='word_1_440' title='bbox 1386 4062 1531 4123; x_wconf 88' lang='lat' dir='ltr'><strong>sectionis</strong></span> <span class='ocrx_word' id='word_1_441' title='bbox 1550 4063 1817 4145; x_wconf 71' lang='lat' dir='ltr'><strong>decime-quartae</strong></span> <span class='ocrx_word' id='word_1_442' title='bbox 1838 4069 1927 4131; x_wconf 88' lang='lat' dir='ltr'><strong>lectio</strong></span> 
     </span>
     <span class='ocr_line' id='line_1_42' title="bbox 383 4145 1928 4242; baseline 0.008 -30"><span class='ocrx_word' id='word_1_443' title='bbox 383 4170 464 4212; x_wconf 77' lang='lat' dir='ltr'><strong>noete</strong></span> <span class='ocrx_word' id='word_1_444' title='bbox 476 4158 559 4210; x_wconf 82' lang='lat' dir='ltr'><strong>seetoe</strong></span> <span class='ocrx_word' id='word_1_445' title='bbox 572 4149 605 4209; x_wconf 83' lang='lat' dir='ltr'><strong>in</strong></span> <span class='ocrx_word' id='word_1_446' title='bbox 620 4167 652 4208; x_wconf 87' lang='lat' dir='ltr'><strong>eo</strong></span> <span class='ocrx_word' id='word_1_447' title='bbox 678 4145 854 4229; x_wconf 72' lang='lat' dir='ltr'><strong>explicando</strong></span> <span class='ocrx_word' id='word_1_448' title='bbox 866 4146 985 4229; x_wconf 65' lang='lat' dir='ltr'><strong>[tapeta</strong></span> <span class='ocrx_word' id='word_1_449' title='bbox 1005 4148 1111 4212; x_wconf 68' lang='lat' dir='ltr'><strong>desot-</strong></span> <span class='ocrx_word' id='word_1_450' title='bbox 1158 4154 1314 4214; x_wconf 85' lang='lat' dir='ltr'><strong>vacuisah</strong></span> <span class='ocrx_word' id='word_1_451' title='bbox 1328 4155 1427 4220; x_wconf 88' lang='lat' dir='ltr'><strong>livore</strong></span> <span class='ocrx_word' id='word_1_452' title='bbox 1447 4173 1483 4216; x_wconf 90' lang='lat' dir='ltr'><strong>ac</strong></span> <span class='ocrx_word' id='word_1_453' title='bbox 1501 4156 1683 4235; x_wconf 85' lang='lat' dir='ltr'><strong>pervicacia,</strong></span> <span class='ocrx_word' id='word_1_454' title='bbox 1705 4163 1736 4218; x_wconf 93' lang='lat' dir='ltr'><strong>et</strong></span> <span class='ocrx_word' id='word_1_455' title='bbox 1757 4164 1928 4242; x_wconf 85' lang='lat' dir='ltr'><strong>utcumque</strong></span> 
     </span>
     <span class='ocr_line' id='line_1_43' title="bbox 384 4239 1925 4332; baseline 0.007 -28"><span class='ocrx_word' id='word_1_456' title='bbox 384 4245 504 4304; x_wconf 84' lang='lat' dir='ltr'><strong>duntur.</strong></span> <span class='ocrx_word' id='word_1_457' title='bbox 523 4243 553 4301; x_wconf 81' lang='lat'><strong>5.</strong></span> <span class='ocrx_word' id='word_1_458' title='bbox 576 4240 648 4315; x_wconf 74' lang='lat' dir='ltr'><strong>(luce</strong></span> <span class='ocrx_word' id='word_1_459' title='bbox 662 4240 781 4320; x_wconf 73' lang='lat' dir='ltr'><strong>quiden</strong></span> <span class='ocrx_word' id='word_1_460' title='bbox 797 4239 1025 4319; x_wconf 62' lang='lat' dir='ltr'><strong>refelluntard.</strong></span> <span class='ocrx_word' id='word_1_461' title='bbox 1042 4243 1111 4305; x_wconf 87' lang='lat' dir='ltr'><strong>Ma·</strong></span> <span class='ocrx_word' id='word_1_462' title='bbox 1155 4244 1274 4323; x_wconf 85' lang='lat' dir='ltr'><strong>judicio</strong></span> <span class='ocrx_word' id='word_1_463' title='bbox 1283 4264 1318 4307; x_wconf 86' lang='lat' dir='ltr'><strong>ac</strong></span> <span class='ocrx_word' id='word_1_464' title='bbox 1327 4247 1612 4308; x_wconf 89' lang='lat' dir='ltr'><strong>rationeutentibus</strong></span> <span class='ocrx_word' id='word_1_465' title='bbox 1620 4250 1806 4327; x_wconf 86' lang='lat' dir='ltr'><strong>persuadere</strong></span> <span class='ocrx_word' id='word_1_466' title='bbox 1814 4259 1925 4332; x_wconf 86' lang='lat' dir='ltr'><strong>potest,</strong></span> 
     </span>
     <span class='ocr_line' id='line_1_44' title="bbox 383 4329 1928 4421; baseline 0.007 -26"><span class='ocrx_word' id='word_1_467' title='bbox 383 4335 463 4396; x_wconf 77' lang='lat' dir='ltr'><strong>rime</strong></span> <span class='ocrx_word' id='word_1_468' title='bbox 486 4331 661 4395; x_wconf 82' lang='lat' dir='ltr'><strong>auctoritate</strong></span> <span class='ocrx_word' id='word_1_469' title='bbox 677 4329 846 4407; x_wconf 84' lang='lat' dir='ltr'><strong>doctorum,</strong></span> <span class='ocrx_word' id='word_1_470' title='bbox 862 4331 916 4412; x_wconf 83' lang='lat' dir='ltr'><strong>qut&#39;</strong></span> <span class='ocrx_word' id='word_1_471' title='bbox 938 4330 1111 4416; x_wconf 74' lang='lat' dir='ltr'><strong>Tridentino</strong></span> <span class='ocrx_word' id='word_1_472' title='bbox 1158 4337 1218 4397; x_wconf 90' lang='lat' dir='ltr'><strong>alia</strong></span> <span class='ocrx_word' id='word_1_473' title='bbox 1243 4339 1348 4399; x_wconf 88' lang='lat' dir='ltr'><strong>omnia</strong></span> <span class='ocrx_word' id='word_1_474' title='bbox 1366 4340 1581 4418; x_wconf 89' lang='lat' dir='ltr'><strong>pronuntiasse</strong></span> <span class='ocrx_word' id='word_1_475' title='bbox 1598 4342 1754 4420; x_wconf 86' lang='lat' dir='ltr'><strong>synodum</strong></span> <span class='ocrx_word' id='word_1_476' title='bbox 1774 4342 1881 4421; x_wconf 90' lang='lat' dir='ltr'><strong>illam;</strong></span> <span class='ocrx_word' id='word_1_477' title='bbox 1897 4352 1928 4407; x_wconf 92' lang='lat' dir='ltr'><strong>et</strong></span> 
     </span>
     <span class='ocr_line' id='line_1_45' title="bbox 383 4422 1927 4503; baseline 0.008 -16"><span class='ocrx_word' id='word_1_478' title='bbox 383 4425 507 4488; x_wconf 80' lang='lat' dir='ltr'><strong>concilio</strong></span> <span class='ocrx_word' id='word_1_479' title='bbox 542 4422 763 4503; x_wconf 75' lang='lat' dir='ltr'><strong>r&#39;ntersneruat;</strong></span> <span class='ocrx_word' id='word_1_480' title='bbox 795 4429 829 4482; x_wconf 82' lang='lat' dir='ltr'><strong>ut</strong></span> <span class='ocrx_word' id='word_1_481' title='bbox 861 4422 1012 4485; x_wconf 78' lang='lat' dir='ltr'><strong>Domr&#39;nr&#39;ct</strong></span> <span class='ocrx_word' id='word_1_482' title='bbox 1033 4425 1107 4489; x_wconf 81' lang='lat' dir='ltr'><strong>Soti.</strong></span> <span class='ocrx_word' id='word_1_483' title='bbox 1159 4442 1195 4489; x_wconf 89' lang='lat' dir='ltr'><strong>ut</strong></span> <span class='ocrx_word' id='word_1_484' title='bbox 1208 4429 1396 4491; x_wconf 88' lang='lat' dir='ltr'><strong>inveteratus</strong></span> <span class='ocrx_word' id='word_1_485' title='bbox 1410 4436 1456 4492; x_wconf 90' lang='lat' dir='ltr'><strong>est</strong></span> <span class='ocrx_word' id='word_1_486' title='bbox 1469 4431 1503 4491; x_wconf 93' lang='lat' dir='ltr'><strong>in</strong></span> <span class='ocrx_word' id='word_1_487' title='bbox 1525 4431 1658 4493; x_wconf 86' lang='lat' dir='ltr'><strong>Ecclesia</strong></span> <span class='ocrx_word' id='word_1_488' title='bbox 1680 4434 1831 4497; x_wconf 87' lang='lat' dir='ltr'><strong>catholica</strong></span> <span class='ocrx_word' id='word_1_489' title='bbox 1847 4437 1927 4500; x_wconf 88' lang='lat' dir='ltr'><strong>lide-</strong></span> 
     </span>
     <span class='ocr_line' id='line_1_46' title="bbox 385 4512 1928 4605; baseline 0.008 -27"><span class='ocrx_word' id='word_1_490' title='bbox 385 4520 413 4578; x_wconf 80' lang='lat'><strong>7.</strong></span> <span class='ocrx_word' id='word_1_491' title='bbox 430 4517 504 4578; x_wconf 82' lang='lat' dir='ltr'><strong>Tem</strong></span> <span class='ocrx_word' id='word_1_492' title='bbox 518 4513 645 4576; x_wconf 74' lang='lat' dir='ltr'><strong>Andreae</strong></span> <span class='ocrx_word' id='word_1_493' title='bbox 663 4514 757 4593; x_wconf 78' lang='lat' dir='ltr'><strong>Vepoe.</strong></span> <span class='ocrx_word' id='word_1_494' title='bbox 768 4516 799 4575; x_wconf 84' lang='lat'><strong>8.</strong></span> <span class='ocrx_word' id='word_1_495' title='bbox 816 4512 937 4575; x_wconf 80' lang='lat' dir='ltr'><strong>Necnon</strong></span> <span class='ocrx_word' id='word_1_496' title='bbox 950 4516 1089 4579; x_wconf 82' lang='lat' dir='ltr'><strong>aliorum.</strong></span> <span class='ocrx_word' id='word_1_497' title='bbox 1158 4519 1236 4581; x_wconf 92' lang='lat' dir='ltr'><strong>lium</strong></span> <span class='ocrx_word' id='word_1_498' title='bbox 1244 4541 1363 4596; x_wconf 89' lang='lat' dir='ltr'><strong>sensus,</strong></span> <span class='ocrx_word' id='word_1_499' title='bbox 1372 4523 1567 4585; x_wconf 88' lang='lat' dir='ltr'><strong>contritionis</strong></span> <span class='ocrx_word' id='word_1_500' title='bbox 1573 4539 1682 4602; x_wconf 81' lang='lat' dir='ltr'><strong>genus,</strong></span> <span class='ocrx_word' id='word_1_501' title='bbox 1692 4526 1777 4605; x_wconf 89' lang='lat' dir='ltr'><strong>quod</strong></span> <span class='ocrx_word' id='word_1_502' title='bbox 1786 4528 1928 4591; x_wconf 86' lang='lat' dir='ltr'><strong>universe</strong></span> 
     </span>
     <span class='ocr_line' id='line_1_47' title="bbox 1159 4615 1926 4694; baseline 0.01 -19"><span class='ocrx_word' id='word_1_503' title='bbox 1159 4616 1247 4694; x_wconf 92' lang='lat' dir='ltr'><strong>pium</strong></span> <span class='ocrx_word' id='word_1_504' title='bbox 1272 4632 1410 4690; x_wconf 89' lang='lat' dir='ltr'><strong>omnem,</strong></span> <span class='ocrx_word' id='word_1_505' title='bbox 1434 4620 1465 4675; x_wconf 91' lang='lat' dir='ltr'><strong>et</strong></span> <span class='ocrx_word' id='word_1_506' title='bbox 1490 4615 1701 4677; x_wconf 84' lang='lat' dir='ltr'><strong>Christianum</strong></span> <span class='ocrx_word' id='word_1_507' title='bbox 1724 4618 1865 4681; x_wconf 90' lang='lat' dir='ltr'><strong>dolorem</strong></span> <span class='ocrx_word' id='word_1_508' title='bbox 1887 4622 1926 4683; x_wconf 90' lang='lat' dir='ltr'><strong>oh</strong></span> 
     </span>
     <span class='ocr_line' id='line_1_48' title="bbox 386 4697 1927 4781; baseline 0.006 -20"><span class='ocrx_word' id='word_1_509' title='bbox 386 4702 409 4761; x_wconf 91' lang='lat' dir='ltr'><strong>l.</strong></span> <span class='ocrx_word' id='word_1_510' title='bbox 433 4697 696 4774; x_wconf 77' lang='lat' dir='ltr'><strong>RevocandaJam</strong></span> <span class='ocrx_word' id='word_1_511' title='bbox 710 4703 815 4758; x_wconf 86' lang='lat' dir='ltr'><strong>nostra</strong></span> <span class='ocrx_word' id='word_1_512' title='bbox 832 4697 996 4778; x_wconf 87' lang='lat' dir='ltr'><strong>disputatio</strong></span> <span class='ocrx_word' id='word_1_513' title='bbox 1014 4703 1112 4763; x_wconf 85' lang='lat' dir='ltr'><strong>estad</strong></span> <span class='ocrx_word' id='word_1_514' title='bbox 1159 4706 1323 4767; x_wconf 87' lang='lat' dir='ltr'><strong>commissa</strong></span> <span class='ocrx_word' id='word_1_515' title='bbox 1355 4704 1467 4767; x_wconf 82' lang='lat' dir='ltr'><strong>delicta</strong></span> <span class='ocrx_word' id='word_1_516' title='bbox 1499 4707 1654 4781; x_wconf 84' lang='lat' dir='ltr'><strong>continet,</strong></span> <span class='ocrx_word' id='word_1_517' title='bbox 1691 4708 1755 4770; x_wconf 91' lang='lat' dir='ltr'><strong>illic</strong></span> <span class='ocrx_word' id='word_1_518' title='bbox 1785 4709 1927 4774; x_wconf 83' lang='lat' dir='ltr'><strong>bilariam</strong></span> 
     </span>
     <span class='ocr_line' id='line_1_49' title="bbox 345 4788 2028 4871; baseline 0.005 -18"><span class='ocrx_word' id='word_1_519' title='bbox 345 4791 479 4871; x_wconf 86' lang='lat' dir='ltr'><strong>id,quod</strong></span> <span class='ocrx_word' id='word_1_520' title='bbox 488 4789 677 4868; x_wconf 87' lang='lat' dir='ltr'><strong>nonicapitis</strong></span> <span class='ocrx_word' id='word_1_521' title='bbox 687 4788 774 4848; x_wconf 90' lang='lat' dir='ltr'><strong>initio</strong></span> <span class='ocrx_word' id='word_1_522' title='bbox 784 4789 934 4869; x_wconf 83' lang='lat' dir='ltr'><strong>explicare</strong></span> <span class='ocrx_word' id='word_1_523' title='bbox 943 4810 1109 4871; x_wconf 63' lang='lat' dir='ltr'><strong>creperum</strong></span> <span class='ocrx_word' id='word_1_524' title='bbox 1159 4793 1257 4855; x_wconf 87' lang='lat' dir='ltr'><strong>dividi</strong></span> <span class='ocrx_word' id='word_1_525' title='bbox 1273 4814 1281 4871; x_wconf 90' lang='lat'>;</span> <span class='ocrx_word' id='word_1_526' title='bbox 1295 4799 1332 4854; x_wconf 92' lang='lat' dir='ltr'><strong>ut</strong></span> <span class='ocrx_word' id='word_1_527' title='bbox 1350 4795 1390 4855; x_wconf 92' lang='lat' dir='ltr'><strong>sit</strong></span> <span class='ocrx_word' id='word_1_528' title='bbox 1401 4794 1462 4855; x_wconf 88' lang='lat' dir='ltr'><strong>alia</strong></span> <span class='ocrx_word' id='word_1_529' title='bbox 1482 4794 1625 4856; x_wconf 87' lang='lat' dir='ltr'><strong>contritio</strong></span> <span class='ocrx_word' id='word_1_530' title='bbox 1644 4797 1785 4859; x_wconf 91' lang='lat' dir='ltr'><strong>nondum</strong></span> <span class='ocrx_word' id='word_1_531' title='bbox 1803 4801 1926 4864; x_wconf 76' lang='lat' dir='ltr'><strong>cantate</strong></span> <span class='ocrx_word' id='word_1_532' title='bbox 1947 4800 2028 4852; x_wconf 67' lang='lat' dir='ltr'><strong>caan</strong></span> 
     </span>
     <span class='ocr_line' id='line_1_50' title="bbox 345 4852 2028 4969; baseline 0.004 -25"><span class='ocrx_word' id='word_1_533' title='bbox 345 4902 439 4962; x_wconf 89' lang='lat' dir='ltr'><strong>aquo</strong></span> <span class='ocrx_word' id='word_1_534' title='bbox 463 4880 640 4943; x_wconf 87' lang='lat' dir='ltr'><strong>necessariis</strong></span> <span class='ocrx_word' id='word_1_535' title='bbox 663 4880 818 4942; x_wconf 89' lang='lat' dir='ltr'><strong>decausis</strong></span> <span class='ocrx_word' id='word_1_536' title='bbox 838 4882 1002 4961; x_wconf 85' lang='lat' dir='ltr'><strong>paululum</strong></span> <span class='ocrx_word' id='word_1_537' title='bbox 1025 4903 1110 4946; x_wconf 91' lang='lat' dir='ltr'><strong>eram</strong></span> <span class='ocrx_word' id='word_1_538' title='bbox 1159 4885 1303 4968; x_wconf 87' lang='lat' dir='ltr'><strong>perlecta,</strong></span> <span class='ocrx_word' id='word_1_539' title='bbox 1322 4904 1417 4966; x_wconf 77' lang='lat' dir='ltr'><strong>«quar</strong></span> <span class='ocrx_word' id='word_1_540' title='bbox 1430 4888 1598 4968; x_wconf 80' lang='lat' dir='ltr'><strong>cxperceti</strong></span> <span class='ocrx_word' id='word_1_541' title='bbox 1612 4887 1816 4969; x_wconf 88' lang='lat' dir='ltr'><strong>turpitudine,</strong></span> <span class='ocrx_word' id='word_1_542' title='bbox 1831 4892 1927 4955; x_wconf 82' lang='lat' dir='ltr'><strong>velex</strong></span> <span class='ocrx_word' id='word_1_543' title='bbox 1967 4852 2028 4958; x_wconf 59' lang='lat' dir='ltr'><strong>iffi</strong></span> 
     </span>
     <span class='ocr_line' id='line_1_51' title="bbox 346 4960 2028 5060; baseline 0.007 -25"><span class='ocrx_word' id='word_1_544' title='bbox 346 4975 510 5053; x_wconf 82' lang='lat' dir='ltr'><strong>digressus,</strong></span> <span class='ocrx_word' id='word_1_545' title='bbox 525 4978 561 5034; x_wconf 88' lang='lat' dir='ltr'><strong>ut</strong></span> <span class='ocrx_word' id='word_1_546' title='bbox 583 4971 735 5033; x_wconf 88' lang='lat' dir='ltr'><strong>nonnulla</strong></span> <span class='ocrx_word' id='word_1_547' title='bbox 760 4973 950 5051; x_wconf 78' lang='lat' dir='ltr'><strong>premolirer</strong></span> <span class='ocrx_word' id='word_1_548' title='bbox 968 4993 1004 5036; x_wconf 90' lang='lat' dir='ltr'><strong>ac</strong></span> <span class='ocrx_word' id='word_1_549' title='bbox 1026 4995 1109 5055; x_wconf 87' lang='lat' dir='ltr'><strong>prae-</strong></span> <span class='ocrx_word' id='word_1_550' title='bbox 1159 4979 1326 5059; x_wconf 81' lang='lat' dir='ltr'><strong>gehennae,</strong></span> <span class='ocrx_word' id='word_1_551' title='bbox 1352 4985 1383 5041; x_wconf 90' lang='lat' dir='ltr'><strong>et</strong></span> <span class='ocrx_word' id='word_1_552' title='bbox 1408 4997 1574 5060; x_wconf 89' lang='lat' dir='ltr'><strong>poenarum</strong></span> <span class='ocrx_word' id='word_1_553' title='bbox 1601 4987 1688 5041; x_wconf 88' lang='lat' dir='ltr'><strong>motu</strong></span> <span class='ocrx_word' id='word_1_554' title='bbox 1720 4985 1927 5048; x_wconf 85' lang='lat' dir='ltr'><strong>communiter</strong></span> <span class='ocrx_word' id='word_1_555' title='bbox 1975 4960 2028 5010; x_wconf 61' lang='lat'><strong>‘&#39;⁸¹&#39;&#39;</strong></span> 
     </span>
     <span class='ocr_line' id='line_1_52' title="bbox 345 5062 1928 5152; baseline 0.007 -25"><span class='ocrx_word' id='word_1_556' title='bbox 345 5072 508 5137; x_wconf 89' lang='lat' dir='ltr'><strong>struerem,</strong></span> <span class='ocrx_word' id='word_1_557' title='bbox 523 5082 594 5145; x_wconf 86' lang='lat' dir='ltr'><strong>quae</strong></span> <span class='ocrx_word' id='word_1_558' title='bbox 608 5062 682 5124; x_wconf 85' lang='lat' dir='ltr'><strong>novi</strong></span> <span class='ocrx_word' id='word_1_559' title='bbox 693 5064 845 5142; x_wconf 80' lang='lat' dir='ltr'><strong>dogmatis</strong></span> <span class='ocrx_word' id='word_1_560' title='bbox 853 5083 966 5126; x_wconf 87' lang='lat' dir='ltr'><strong>arcana</strong></span> <span class='ocrx_word' id='word_1_561' title='bbox 974 5073 1112 5128; x_wconf 88' lang='lat' dir='ltr'><strong>scrutan-</strong></span> <span class='ocrx_word' id='word_1_562' title='bbox 1159 5071 1344 5150; x_wconf 87' lang='lat' dir='ltr'><strong>concipitur,</strong></span> <span class='ocrx_word' id='word_1_563' title='bbox 1360 5089 1430 5150; x_wconf 73' lang='lat' dir='ltr'><strong>quar</strong></span> <span class='ocrx_word' id='word_1_564' title='bbox 1445 5071 1570 5132; x_wconf 77' lang='lat' dir='ltr'><strong>Attritio</strong></span> <span class='ocrx_word' id='word_1_565' title='bbox 1581 5072 1676 5152; x_wconf 80' lang='lat' dir='ltr'><strong>vulgo</strong></span> <span class='ocrx_word' id='word_1_566' title='bbox 1689 5073 1802 5136; x_wconf 87' lang='lat' dir='ltr'><strong>dicitur</strong></span> <span class='ocrx_word' id='word_1_567' title='bbox 1817 5097 1850 5137; x_wconf 84' lang='lat' dir='ltr'><strong>:r</strong></span> <span class='ocrx_word' id='word_1_568' title='bbox 1867 5078 1928 5139; x_wconf 87' lang='lat' dir='ltr'><strong>alia</strong></span> 
     </span>
     <span class='ocr_line' id='line_1_53' title="bbox 345 5154 1927 5248; baseline 0.006 -29"><span class='ocrx_word' id='word_1_569' title='bbox 345 5158 428 5219; x_wconf 88' lang='lat' dir='ltr'><strong>tibus</strong></span> <span class='ocrx_word' id='word_1_570' title='bbox 441 5156 576 5217; x_wconf 88' lang='lat' dir='ltr'><strong>multum</strong></span> <span class='ocrx_word' id='word_1_571' title='bbox 588 5155 665 5215; x_wconf 88' lang='lat' dir='ltr'><strong>lucis</strong></span> <span class='ocrx_word' id='word_1_572' title='bbox 678 5154 809 5216; x_wconf 88' lang='lat' dir='ltr'><strong>allatura</strong></span> <span class='ocrx_word' id='word_1_573' title='bbox 821 5155 1015 5219; x_wconf 77' lang='lat' dir='ltr'><strong>ridebantur.</strong></span> <span class='ocrx_word' id='word_1_574' title='bbox 1036 5160 1110 5232; x_wconf 85' lang='lat' dir='ltr'><strong>Qui·</strong></span> <span class='ocrx_word' id='word_1_575' title='bbox 1160 5163 1200 5223; x_wconf 91' lang='lat' dir='ltr'><strong>sit</strong></span> <span class='ocrx_word' id='word_1_576' title='bbox 1217 5163 1343 5223; x_wconf 72' lang='lat' dir='ltr'><strong>caritme</strong></span> <span class='ocrx_word' id='word_1_577' title='bbox 1362 5162 1509 5243; x_wconf 85' lang='lat' dir='ltr'><strong>perlecta,</strong></span> <span class='ocrx_word' id='word_1_578' title='bbox 1533 5181 1604 5243; x_wconf 81' lang='lat' dir='ltr'><strong>quae</strong></span> <span class='ocrx_word' id='word_1_579' title='bbox 1620 5181 1786 5243; x_wconf 77' lang='lat' dir='ltr'><strong>commune</strong></span> <span class='ocrx_word' id='word_1_580' title='bbox 1805 5168 1927 5248; x_wconf 83' lang='lat' dir='ltr'><strong>generis</strong></span> 
     </span>
     <span class='ocr_line' id='line_1_54' title="bbox 347 5246 1928 5335; baseline 0.006 -23"><span class='ocrx_word' id='word_1_581' title='bbox 347 5252 405 5313; x_wconf 91' lang='lat' dir='ltr'><strong>bus</strong></span> <span class='ocrx_word' id='word_1_582' title='bbox 418 5247 563 5329; x_wconf 82' lang='lat' dir='ltr'><strong>expositis</strong></span> <span class='ocrx_word' id='word_1_583' title='bbox 576 5246 742 5327; x_wconf 88' lang='lat' dir='ltr'><strong>repetenda</strong></span> <span class='ocrx_word' id='word_1_584' title='bbox 755 5252 828 5308; x_wconf 87' lang='lat' dir='ltr'><strong>sunt</strong></span> <span class='ocrx_word' id='word_1_585' title='bbox 846 5248 900 5309; x_wconf 88' lang='lat' dir='ltr'><strong>illa</strong></span> <span class='ocrx_word' id='word_1_586' title='bbox 913 5250 1026 5328; x_wconf 93' lang='lat' dir='ltr'><strong>modo,</strong></span> <span class='ocrx_word' id='word_1_587' title='bbox 1040 5269 1110 5329; x_wconf 83' lang='lat' dir='ltr'><strong>quae</strong></span> <span class='ocrx_word' id='word_1_588' title='bbox 1160 5270 1276 5315; x_wconf 90' lang='lat' dir='ltr'><strong>nomen</strong></span> <span class='ocrx_word' id='word_1_589' title='bbox 1290 5254 1452 5335; x_wconf 89' lang='lat' dir='ltr'><strong>proprium</strong></span> <span class='ocrx_word' id='word_1_590' title='bbox 1465 5253 1524 5315; x_wconf 90' lang='lat' dir='ltr'><strong>sihi</strong></span> <span class='ocrx_word' id='word_1_591' title='bbox 1536 5254 1619 5332; x_wconf 85' lang='lat' dir='ltr'><strong>facit,</strong></span> <span class='ocrx_word' id='word_1_592' title='bbox 1633 5261 1665 5317; x_wconf 90' lang='lat' dir='ltr'><strong>et</strong></span> <span class='ocrx_word' id='word_1_593' title='bbox 1677 5256 1821 5320; x_wconf 83' lang='lat' dir='ltr'><strong>contritio</strong></span> <span class='ocrx_word' id='word_1_594' title='bbox 1831 5259 1928 5321; x_wconf 89' lang='lat' dir='ltr'><strong>nomi·</strong></span> 
     </span>
    </p>
   </div>
   <div class='ocr_carea' id='block_1_3' title="bbox 372 5449 1065 5512">
    <p class='ocr_par' dir='ltr' id='par_1_3' title="bbox 372 5449 1065 5512">
     <span class='ocr_line' id='line_1_55' title="bbox 372 5449 1065 5512; baseline 0.003 -13"><span class='ocrx_word' id='word_1_595' title='bbox 372 5455 381 5499; x_wconf 82' lang='lat' dir='ltr'><strong>t</strong></span> <span class='ocrx_word' id='word_1_596' title='bbox 397 5454 455 5510; x_wconf 72' lang='lat' dir='ltr'><strong>sug.</strong></span> <span class='ocrx_word' id='word_1_597' title='bbox 467 5452 559 5507; x_wconf 73' lang='lat' dir='ltr'><strong>despir.</strong></span> <span class='ocrx_word' id='word_1_598' title='bbox 571 5454 592 5496; x_wconf 78' lang='lat' dir='ltr'><strong>et</strong></span> <span class='ocrx_word' id='word_1_599' title='bbox 601 5450 635 5497; x_wconf 81' lang='lat' dir='ltr'><strong>m.</strong></span> <span class='ocrx_word' id='word_1_600' title='bbox 647 5462 667 5495; x_wconf 87' lang='lat' dir='ltr'><strong>c.</strong></span> <span class='ocrx_word' id='word_1_601' title='bbox 680 5449 789 5494; x_wconf 71' lang='lat' dir='ltr'><strong>urs-t</strong></span> <span class='ocrx_word' id='word_1_602' title='bbox 803 5449 850 5495; x_wconf 87' lang='lat' dir='ltr'><strong>Lib.</strong></span> <span class='ocrx_word' id='word_1_603' title='bbox 865 5449 875 5494; x_wconf 90' lang='lat'>1</span> <span class='ocrx_word' id='word_1_604' title='bbox 886 5451 989 5509; x_wconf 68' lang='lat' dir='ltr'><strong>mstmp.</strong></span> <span class='ocrx_word' id='word_1_605' title='bbox 1000 5466 1038 5512; x_wconf 84' lang='lat' dir='ltr'><strong>qu.</strong></span> <span class='ocrx_word' id='word_1_606' title='bbox 1050 5466 1065 5500; x_wconf 90' lang='lat' dir='ltr'><strong>n</strong></span> 
     </span>
    </p>
   </div>
   <div class='ocr_carea' id='block_1_4' title="bbox 0 0 2053 6164">
    <p class='ocr_par' dir='ltr' id='par_1_4' title="bbox 0 0 2053 6164">
     <span class='ocr_line' id='line_1_56' title="bbox 0 0 2053 6164; baseline 0 0"><span class='ocrx_word' id='word_1_607' title='bbox 0 0 2053 6164; x_wconf 95' lang='lat' dir='ltr'><strong> </strong></span> 
     </span>
    </p>
   </div>
  </div>
 </body>
</html>
