3994 6164
316 257 378 321 tte
818 254 1144 322 theotonicum
1164 255 1385 322 beaulieu

318 421 395 483 dues
407 435 553 500 personas
566 420 700 498 Christo,
719 429 751 481 et
763 436 860 482 unam
874 421 1085 503 operationem
1132 441 1169 485 ac
1187 425 1313 486 Petrum
1337 422 1484 504 deinceps
1510 420 1700 485 aumoritate
1726 417 1894 485 hereticum

318 512 478 592 affingere,
506 512 658 574 nimirum
684 521 810 596 σχετικὴν,
839 513 899 576 hoe
924 521 971 576 ast
993 515 1085 576 solies
1133 513 1223 578 illum
1247 516 1368 578 refellit.
1391 517 1509 577 Verum
1530 515 1589 577 etsi
1614 514 1712 586 elam,
1741 518 1773 574 et
1791 512 1895 576 inemo

320 602 449 681 muita,
459 610 488 665 et
505 604 641 685 affectam
656 606 779 683 qualem
796 615 893 681 evaei,
910 604 942 667 ld
956 611 1002 667 est
1014 606 1084 667 uui·
1132 608 1348 671 Monotheletee
1362 627 1500 670 errorem
1512 608 1610 669 istum
1634 605 1766 683 alerent,
1781 623 1816 667 ae
1826 606 1895 668 iore·

321 695 428 757 tionem
440 695 629 758 naturarum
637 697 777 776 istarum,
788 697 853 759 imo
869 715 1083 776 personarum,
1133 706 1214 775 rent,
1240 719 1305 763 non
1318 706 1424 763 tamen
1436 699 1539 781 palam
1556 716 1627 780 pree
1641 715 1677 759 se
1702 697 1848 758 ferebant.
1862 700 1895 759 Et

153 883 299 932 ueneratus-
322 789 591 956 miliiegirldiiica
606 882 886 945 Monotheleterom
903 900 990 945 error
1010 902 1085 945 oon·
1132 788 1895 967 {gzpamgoslplztrffssgfflgfflfigffifflffihffi

153 950 293 1051 appiiiieu·
323 972 487 1036 sectarium
500 975 657 1055 quoddam
670 975 741 1052 fuit,
757 983 789 1037 et
808 976 1011 1058 appendicula
1021 978 1085 1039 hee·
1135 980 1251 1053 amerit,
1280 997 1346 1040 non
1371 978 1574 1059 proprietates
1603 975 1701 1057 ipsas,
1731 973 1785 1036 sed
1803 992 1894 1051 mom,

153 1047 301 1158 Wffifl'm,
324 1065 400 1127 rasis
412 1067 627 1147 Eutychianae,
652 1069 716 1130 sive
735 1069 1036 1149 Apollinaristarnm,
1056 1075 1088 1131 et
1135 1071 1340 1152 effectumque
1363 1070 1588 1150 proprietatum
1616 1065 1826 1129 intellexerit:
1845 1068 1896 1129 hoc

167 1154 288 1262 EQ..
323 1158 417 1220 unius
438 1158 568 1221 omnino
582 1163 704 1221 nature
722 1161 939 1223 defensorum:
965 1162 1088 1223 tametsi
1136 1169 1197 1240 est,
1227 1169 1263 1224 ut
1288 1162 1543 1244 philosophorum
1573 1159 1695 1223 scholae
1722 1158 1894 1240 loquuntur,

188 1259 264 1305 nenu.
323 1252 400 1312 duaa
426 1257 547 1332 aperte,
575 1271 612 1314 ac
633 1252 745 1314 disemo
768 1261 895 1315 naturas
913 1253 946 1315 in
969 1253 1088 1315 Christo
1135 1264 1232 1318 actum
1245 1253 1411 1333 seeundum,
1425 1252 1729 1336 umectantemque
1743 1268 1896 1314 sensunen

323 1343 564 1423 profitebantur3
597 1352 634 1406 ut
659 1362 697 1407 ex
737 1345 883 1408 omnibus
913 1346 1088 1425 antesigna·
1137 1355 1201 1410 tam
1215 1346 1391 1410 damnanda
1405 1365 1467 1409 vox
1479 1344 1640 1408 illaioret.

323 1436 833 1507 norumilliussecteiormuliaac
846 1438 1090 1500 confessionibus
1177 1440 1233 1501 IV.
1256 1440 1297 1501 Ut
1314 1440 1395 1501 hane
1419 1438 1458 1502 de
1482 1438 1771 1501 Monotheletarum
1799 1432 1895 1498 heresi
1920 1451 1958 1498 el

323 1528 407 1606 fidei,
436 1528 566 1609 aliisque
592 1530 713 1610 scriptis
738 1531 933 1608 intelligitur,
960 1549 1030 1611 qua
1055 1530 1089 1591 in
1138 1530 1377 1611 disputationem
1390 1529 1514 1608 finiam,
1531 1530 1596 1592 duo
1611 1529 1720 1591 adbuc
1733 1526 1895 1607 explicanda
1931 1507 1958 1604 {i

324 1626 409 1682 mita
435 1622 555 1702 synodo
579 1621 682 1697 citata,
699 1627 730 1683 et
743 1622 937 1684 antecedenti
959 1642 978 1685 a
999 1623 1089 1684 nobis
1138 1627 1271 1685 restant:
1288 1640 1400 1701 unum,
1430 1622 1468 1685 de
1490 1622 1647 1685 ambobus
1662 1621 1771 1683 edictis
1783 1619 1896 1681 totidem
1913 1614 1958 1657 ω

162 1823 290 1881 „aaa
324 1715 1091 1870 tetthen?tuttilttlttt
1138 1714 1895 1890 stitit’ittutlttffttltsst

194 1889 253 1923 aaa
324 1898 541 1977 synodiillins.
1139 1900 1277 1962 Honon'o
1307 1918 1403 1981 papa,
1437 1901 1525 1981 capiis
1553 1898 1682 1962 nomini
1711 1896 1837 1959 conflata
1859 1896 1896 1956 est

364 1991 550 2071 Qrianquam
571 1992 722 2055 Martinus
744 1995 829 2071 Papa
842 1992 876 2054 in
891 1989 1091 2054 Latereuensi
1139 1992 1255 2056 invidia
1270 1999 1397 2073 propter
1410 1992 1548 2072 ejusdem
1561 1991 1681 2055 erroris
1695 1987 1895 2071 suspicionem.

324 2084 456 2163 synodo,
470 2085 604 2147 recitatis
616 2086 771 2147 Theodori
790 2085 975 2161 Pharanitae,
1003 2084 1090 2165 prin·
1140 2086 1260 2147 Horum
1270 2084 1355 2166 prius
1369 2084 1483 2147 idoneo
1496 2085 1673 2167 propriam,
1691 2087 1722 2145 et
1735 2080 1895 2159 diligentem

324 2175 400 2256 cipis
413 2176 494 2237 illius
514 2177 642 2239 heresis
654 2178 775 2252 uerbis,
791 2177 938 2240 eumdem
957 2180 1091 2251 accusat,
1141 2177 1440 2240 animadversionem
1449 2174 1591 2258 requirit,
1602 2177 1691 2258 quod
1700 2175 1771 2237 due
1782 2172 1837 2233 ille
1848 2170 1897 2231 lor·

324 2267 462 2348 adeoque
475 2275 591 2330 sectam
604 2270 792 2346 universam,
807 2273 959 2350 tanquam
971 2286 1092 2347 veram,
1142 2271 1235 2332 mula
1248 2270 1325 2333 adeo
1340 2270 1502 2351 perplexis,
1519 2274 1549 2332 et
1558 2268 1703 2333 obscuris
1716 2264 1825 2339 verbis,
1838 2280 1895 2324 sen·

324 2378 361 2421 ae
370 2360 500 2422 solidam
506 2380 644 2439 carnem,
654 2364 831 2443 molemque
844 2362 981 2443 eorporis
994 2362 1092 2423 incar·
1141 2362 1308 2443 tentiisqne
1318 2370 1473 2444 concepte
1487 2367 1570 2438 sunt,
1583 2367 1621 2423 ut
1636 2360 1712 2443 quid
1723 2360 1860 2427 statuant,
1872 2357 1897 2413 et

323 2451 440 2514 catoni
456 2452 663 2531 detraxerint;
683 2456 750 2516 sola
769 2456 836 2533 ejus
858 2454 965 2517 relicta
977 2457 1090 2535 specie,
1142 2461 1294 2536 quatenus
1308 2455 1441 2517 invicem
1454 2455 1579 2523 distent,
1592 2462 1651 2517 aut
1663 2453 1894 2532 congruentiori

322 2544 390 2618 vel,
432 2550 468 2606 ut
508 2547 659 2608 Martinus
684 2547 840 2627 loquitur,
864 2547 1090 2627 phantasmate.
1142 2548 1182 2609 ait
1194 2546 1281 2609 facile
1295 2547 1480 2626 discernere,
1495 2548 1549 2610 sed
1562 2567 1625 2610 nec
1639 2545 1715 2609 satis
1727 2562 1763 2605 ea
1775 2543 1896 2602 constare

323 2637 423 2698 Verba
435 2636 619 2706 Pharanite,
629 2656 699 2718 que
709 2641 813 2700 Graeee
825 2640 858 2699 in
873 2644 959 2700 sexte
972 2639 1092 2719 synodo
1141 2638 1300 2713 videntur,
1316 2659 1386 2719 quae
1400 2645 1540 2701 ueterum
1554 2638 1657 2719 aliqui
1668 2638 1709 2699 de
1721 2634 1782 2697 illis
1793 2646 1894 2693 meme·

321 2729 544 2803 recitatasunt,
558 2731 601 2792 sic
614 2730 854 2793 habentuNam
869 2731 974 2792 anima
987 2736 1092 2792 nostra
1142 2732 1196 2793 ria
1218 2732 1430 2811 prodiderunt.
1447 2730 1599 2794 Ecclesiae
1622 2731 1664 2792 ab
1686 2724 1896 2802 Heracliopm·

323 2840 387 2882 non
401 2827 520 2884 antam
540 2842 558 2884 a
579 2830 692 2885 natura
713 2824 777 2885 rim
804 2824 909 2900 habet,
922 2830 959 2885 ut
971 2824 1092 2885 nativas
1143 2823 1314 2904 mulgatam
1340 2840 1437 2885 unam
1460 2823 1494 2884 in
1517 2824 1643 2884 Christo
1666 2815 1897 2886 voluntatemet

322 2915 459 2995 corperis
473 2914 678 2996 proprietates
706 2916 747 2978 ab
773 2917 851 2993 hoe,
877 2916 927 2977 vel
953 2916 1092 2996 aeeipsa
1143 2916 1354 2995 operationem
1373 2915 1542 2977 decrevisse
1559 2914 1716 2976 Martinus
1727 2908 1839 2992 primus
1849 2904 1894 2965 de

322 3007 595 3086 possitexpellere:
612 3027 669 3070 neo
682 3009 758 3070 adeo
773 3008 806 3068 in
819 3013 968 3088 potestate
981 3026 1091 3088 corpus
1142 3007 1206 3068 cuit
1218 3007 1252 3068 in
1266 3007 1450 3069 allocutione
1468 3009 1508 3069 ad
1523 3006 1630 3069 Patres
1654 3002 1766 3086 synodi
1785 3002 1893 3061 Latera·

323 3116 417 3159 suum
441 3098 601 3161 rationalis
628 3099 746 3161 obtinet
766 3102 882 3178 anima,
907 3106 942 3161 ut
961 3119 1031 3180 que
1046 3100 1092 3161 illi
1142 3100 1248 3162 nensis
1256 3100 1372 3176 habite,
1386 3100 1435 3161 his
1449 3098 1581 3162 verbie':
1600 3101 1665 3160 «Et
1678 3098 1776 3177 Cyrus
1788 3089 1893 3173 quidem

322 3189 415 3251 insita
428 3195 551 3265 suntet
562 3191 725 3267 naturalia,
740 3191 825 3253 velut
836 3191 963 3262 molem,
980 3192 1092 3256 fluxio·
1142 3198 1215 3253 ante
1227 3192 1284 3253 hos
1299 3189 1406 3252 decem
1425 3198 1457 3253 et
1469 3197 1537 3271 octo
1550 3209 1665 3265 annos,
1691 3202 1786 3248 unam
1804 3197 1894 3263 opere·

323 3300 408 3358 nun,
427 3288 458 3344 et
473 3283 620 3360 colorem,
635 3283 814 3364 pervincere
826 3284 932 3364 possit,
948 3289 1041 3365 atque
1054 3286 1092 3346 iis
1142 3282 1260 3345 tionem
1273 3283 1307 3344 in
1321 3282 1442 3345 Christo
1456 3282 1490 3345 in
1504 3284 1614 3345 eadem
1628 3274 1818 3344 Alexandria
1829 3268 1894 3334 urbe

325 3374 428 3454 ipsum
456 3375 625 3455 aliquande
647 3375 790 3438 liberare.
814 3377 889 3451 Quae
926 3377 1032 3437 omnia
1058 3376 1093 3437 in
1143 3375 1295 3437 definiens
1309 3375 1476 3437 divinitatis
1499 3375 1576 3454 ejus,
1597 3381 1630 3437 et
1649 3359 1895 3435 humanitatem

325 3473 465 3548 auuupta
478 3474 591 3530 natura
606 3469 967 3531 Salvatorienostrilesu
982 3468 1093 3530 Christi
1144 3467 1379 3529 similitudinem
1423 3467 1655 3547 hcepbalorum
1700 3459 1894 3526 hereticorum

324 3564 502 3634 uniantur,
518 3566 548 3621 et
558 3560 638 3621 iacta
652 3561 771 3622 suntin
785 3561 902 3637 divino,
918 3578 953 3622 ac
970 3561 1092 3622 vivifice
1144 3560 1315 3621 ordinando
1325 3558 1457 3638 capitula
1466 3576 1600 3622 numero
1612 3574 1729 3621 novem
1742 3547 1893 3615 inamhone

324 3670 464 3730 corpore.
493 3653 572 3713 Nam
594 3652 648 3713 illa
673 3655 749 3715 citra
776 3652 903 3730 molem,
926 3658 974 3726 et,
990 3659 1025 3713 ut
1051 3653 1094 3713 ite
1143 3651 1325 3731 predicans,
1342 3671 1414 3714 eum
1427 3652 1626 3714 anathemate
1641 3647 1894 3732 quisienonsape

323 3743 443 3825 loquer,
458 3745 692 3824 incorporaliter
703 3744 818 3824 absque
832 3744 1095 3825 diremtionepro·
1143 3748 1206 3821 ret,
1223 3743 1320 3824 impie
1331 3744 1551 3825 promulgavit.
1581 3746 1710 3825 sergius
1732 3743 1829 3801 autem
1848 3742 1893 3809 per

325 3836 443 3899 cassita
455 3837 565 3914 viilva,
585 3841 616 3898 et
631 3837 787 3917 sepulcro,
804 3855 840 3897 ac
855 3854 909 3915 per
922 3837 1021 3912 lores3
1035 3857 1094 3899 nec
1143 3835 1315 3916 epistolem,
1326 3839 1484 3917 propriam
1495 3837 1535 3898 ad
1546 3836 1781 3899 denominatum
1794 3826 1894 3905 Cyrum

326 3948 390 3991 non
415 3936 566 4010 tanquam
586 3947 680 4010 supra
702 3928 815 4005 solum,
831 3928 875 3989 ita
888 3947 982 4009 supra
1008 3948 1095 3991 mure
1143 3927 1311 4009 scriptam,
1343 3931 1485 3991 eamdem
1512 3929 1655 3992 similiter
1683 3940 1778 3988 unam
1803 3929 1892 3995 opert·

325 4022 456 4101 pedibus
482 4020 690 4083 ambulabatl.
716 4043 731 4079 ο
756 4020 873 4094 Quibus
886 4039 926 4082 ex
940 4021 1095 4083 Theodori
1143 4024 1263 4083 tionem
1277 4021 1455 4102 suscipiens,
1472 4039 1545 4083 cum
1564 4040 1600 4084 eo
1617 4009 1815 4083 irrationabili
1827 4020 1891 4086 prti-

324 4115 427 4176 verbis
450 4114 602 4175 Martinus
628 4131 727 4194 papa,
750 4112 839 4173 illum
866 4113 974 4175 asserit
988 4124 1095 4175 veram
1145 4113 1322 4194 sumptione
1332 4130 1425 4175 ausus
1435 4111 1802 4181 esteoiiflrmare,Etnon
1810 4097 1893 4163 solum

325 4224 453 4285 negasse
477 4206 589 4280 carnis,
620 4205 816 4285 hominisque
836 4206 1041 4267 substantiam
1061 4207 1095 4268 iu
1145 4204 1216 4282 hoo,
1245 4206 1298 4266 sed
1326 4206 1502 4287 etiampost
1516 4205 1639 4286 aliquot
1659 4216 1756 4267 annos
1775 4189 1893 4274 ejusdem

326 4300 458 4361 Christo.
480 4299 588 4360 «Nam
602 4298 628 4359 si
644 4297 906 4377 absquetnmore,
921 4302 953 4359 et
988 4298 1094 4359 incer·
1146 4297 1220 4377 Cyri
1233 4316 1323 4359 novae
1338 4298 1575 4373 adinventionis,
1599 4299 1660 4360 hoc
1684 4302 1730 4357 est
1748 4292 1893 4372 pernupet

325 4391 471 4470 penaliter
483 4409 522 4453 ex
536 4396 625 4452 utero
640 4390 798 4470 processit,
815 4395 845 4451 et
858 4408 952 4469 anper
967 4388 1096 4451 domum
1146 4390 1363 4452 duodecimam
1373 4391 1572 4452 indictionem
1581 4390 1729 4470 elapsam,
1739 4374 1891 4475 humiliem

326 4483 421 4543 maria
431 4482 651 4559 deambulavit,
664 4482 724 4544 hoc
736 4483 838 4562 ipsum
849 4483 934 4562 quod
946 4482 1096 4543 deambu·
1146 4480 1256 4561 etipse
1266 4482 1464 4544 conscribens
1473 4481 1621 4544 ecthesim
1630 4479 1715 4555 fidei,
1724 4472 1893 4538 amioum

283 4564 289 4573 ’
327 4570 455 4653 labat,et
468 4574 663 4655 procedebat,
677 4592 751 4655 ergo
765 4576 948 4655 phantasma
961 4580 1026 4636 erat
1040 4572 1092 4636 ἰ»
1146 4580 1223 4635 tune
1252 4574 1434 4654 imperantis
1455 4574 1606 4650 Heraclii;
1636 4585 1732 4635 unam
1752 4565 1783 4625 in
1802 4554 1891 4621 eadem

365 4771 386 4812 ο
405 4757 508 4815 urite.
523 4755 570 4810 nu
596 4756 643 4830 ,aa
656 4756 801 4828 umine,
814 4755 859 4809 uo
876 4756 997 4828 epam
1009 4755 1100 4828 uqa,
1150 4752 1227 4828 aaa,
1243 4753 1329 4827 eeu,
1343 4753 1385 4808 ai
1398 4754 1465 4827 tota
1477 4755 1517 4808 ei
1536 4752 1670 4828 papae,
1688 4744 1839 4820 eurum
1857 4724 1889 4783 ²²¹

331 4839 389 4911 μίαν
402 4839 542 4913 despertiri
559 4838 693 4912 ἓνὶργιιαν.
1150 4837 1198 4901 iios
1211 4839 1305 4892 τοῦτοον
1328 4836 1389 4891 eici
1408 4838 1560 4906 amaricat
1582 4856 1650 4893 ποτε.
1666 4838 1725 4904 ὅπερ
1738 4804 1890 4921 mam&

367 4923 385 4979 b
402 4924 508 4980 Tuaen.
522 4922 606 4980 Pura.
622 4922 652 4979 in
665 4928 723 4978 aet.
736 4936 796 4988 niu,
811 4938 876 4994 syn.
891 4939 930 4978 ri.
949 4918 985 4975 ‘ll
998 4919 1042 4994 plo
1054 4919 1103 4995 γὰρ
1150 4921 1197 4990 τὴν
1207 4919 1350 4995 οἰκονομίαν
1362 4925 1408 4976 τοῦ
1427 4924 1537 4995 σωτῆρος
1557 4919 1630 4994 ἡμῶν
1655 4917 1738 4987 'lucei
1751 4910 1841 4981 xpm
1856 4890 1888 4947 ’ὠ

331 5006 439 5080 ἡμετέρα
450 5006 516 5080 ψυχὴ
530 5005 559 5060 οὗ
583 5007 676 5078 cipum
693 5006 806 5074 τοιαύτης
825 5000 1035 5079 duodecennium.
1058 5007 1102 5058 ise
1150 5005 1289 5079 ἱστόρηται,
1312 5006 1353 5058 aci
1380 5006 1508 5079 γιγίοηται
1531 5004 1555 5060 iu
1578 5011 1614 5079 τῷ
1635 5002 1708 5076 cup,
1734 4994 1772 5049 καῖ
1793 4979 1888 5052 (immi

332 5089 376 5152 τὰς
389 5090 489 5162 φυσικὰς
498 5095 543 5144 τοῦ
557 5090 672 5162 σώματος
686 5089 808 5158 ἰδιότητας
822 5088 845 5151 ἐξ
859 5089 933 5143 αὐτοῦ
948 5108 984 5153 τε,
994 5089 1036 5142 καὶ
1046 5087 1102 5142 ἑαυ-
1150 5090 1258 5162 minna
1268 5088 1287 5157 ἧ
1299 5089 1346 5162 γὰρ
1362 5088 1467 5162 discut,
1481 5090 1522 5142 uel
1538 5082 1592 5144 otu
1607 5086 1690 5159 almis,
1703 5075 1826 5151 dantem
1843 5062 1888 5114 Μ

334 5176 376 5241 ἧς
390 5172 523 5247 ἅπελαῦνῃ.
534 5172 591 5227 ἀλλ’
601 5170 657 5227 etet
670 5172 741 5245 κυρία
754 5177 871 5226 τοσοῦτον
882 5171 950 5242 ὤφθη
958 5171 1045 5244 loqui
1058 5175 1102 5225 τοῦ
1150 5172 1282 5240 διαστολῆς
1291 5173 1414 5244 προῆλθεν
1427 5169 1566 5245 inurimur,
1581 5171 1621 5226 aul
1631 5171 1756 5245 μνήμαῖῠίι
1766 5152 1803 5212 ⁸²¹
1813 5147 1885 5219 ψ’

335 5253 397 5310 leion
411 5258 537 5330 σώματος,
549 5256 614 5311 ὥστε
630 5256 734 5310 καὶτῶν
748 5254 803 5310 κατ’
825 5252 897 5322 αὐτὸ,
921 5255 962 5308 καὶ
984 5261 1101 5328 σομφυῶν
1150 5256 1192 5309 acl
1205 5255 1238 5319 ὣς
1252 5252 1291 5310 tu’
1302 5254 1411 5328 ἐδάφους,
1425 5259 1469 5324 τῆς
1483 5257 1605 5325 θαλάσσης
1617 5253 1718 5319 atteias.

363 5420 374 5462 l
390 5420 416 5464 ln
426 5420 497 5467 letor.
509 5422 562 5477 Syn.
575 5419 635 5467 secr.
651 5430 669 5464 ιι
681 5423 702 5465 at
711 5418 736 5465 iu
747 5430 782 5475 ep.
797 5419 935 5467 addam-¹·
947 5417 962 5462 i
974 5419 1033 5465 seer.
1046 5427 1063 5463 1.
