4122 6248
574 312 624 374 ΒΕ
644 310 947 388 INGARNATIONE,
968 312 1038 372 LlB.
1061 313 1099 385 V,
1127 311 1210 372 GAP.
1234 312 1271 372 ll.
1532 393 1535 399 1
1654 313 1714 373 6άῦ

137 484 215 540 tetur
222 497 234 555 3
247 477 299 539 sed
314 477 346 538 in
362 476 483 556 irrupta
495 492 565 537 cam
580 478 642 537 Deo
655 475 759 537 Verbo
772 476 897 556 copula·
949 476 1038 537 Patre
1051 475 1222 554 collectam,
1237 477 1304 557 ejus
1320 476 1432 550 verbis,
1446 477 1595 557 quoniam
1608 484 1716 539 auctor

138 570 217 631 tione.
250 570 373 649 cognita
402 570 465 629 sit:
487 569 564 629 adeo
598 583 634 629 ιιι
667 586 732 630 non
766 567 899 648 amplius
947 567 998 629 ille
1022 569 1125 629 Graece
1140 570 1281 631 nondum
1303 574 1417 642 exstat,
1441 587 1635 650 proponam:
1656 570 1716 632 «Si

137 669 271 742 separata
283 662 349 742 ipsa
363 666 524 736 cernatur;
536 660 686 721 neovelut
696 660 898 722 consubstan-
947 663 1020 735 tres,
1036 660 1148 740 inquit,
1160 667 1262 722 essent
1274 678 1370 722 aeneae
1382 665 1643 755 statpae,quarum
1653 680 1717 722 una

139 754 216 815 tialis
228 753 296 834 pari
316 754 409 815 modo
428 757 670 814 connumeretur
679 762 705 813 ι.
721 774 736 811 ιι
754 752 812 814 Ηίο
825 770 899 814 vera
948 770 1037 828 auro,
1050 770 1157 814 cerave
1171 758 1236 814 tota
1249 752 1458 828 obtineretur,
1475 770 1553 813 num
1568 753 1636 814 hoec
1649 754 1717 832 ipsa

137 846 213 907 ratio
231 844 374 917 traditur,
396 851 523 925 propter
541 863 636 924 quam
655 863 737 921 caro,
757 845 821 905 sive
841 846 898 905 hu·
948 844 1083 924 propriae
1097 844 1276 906 substantiae
1294 845 1514 907 detrimentum
1530 845 1655 924 aliquod
1669 865 1718 907 ac·

137 956 227 999 mana
245 937 357 998 Christi
377 942 499 1014 natura,
518 955 686 999 numerum
702 936 736 997 in
749 936 900 998 Trinitate
949 936 1083 1015 ciperet;
1112 955 1154 997 an
1175 938 1278 1016 potius
1303 943 1429 998 naturas
1448 937 1525 998 duas
1552 936 1715 1016 integras,

137 1048 198 1091 non
212 1034 342 1109 augeat:
358 1047 414 1090 nee
432 1029 472 1090 ad
486 1029 725 1108 quaternitatem
739 1028 898 1108 perducat.
949 1026 1172 1106 inviolatasque
1185 1034 1332 1102 servaret,
1351 1034 1415 1090 tam
1431 1047 1530 1105 suam,
1550 1046 1644 1107 quarn
1658 1029 1718 1090 sibi

136 1121 287 1182 Nimirum
301 1121 385 1200 quod
398 1139 436 1182 ea
449 1139 520 1182 cum
531 1121 636 1182 Verbo
650 1120 824 1199 oonjrmota,
837 1138 900 1181 una
949 1118 1070 1193 illitam,
1094 1125 1124 1180 et
1145 1119 1322 1197 obductam,
1342 1121 1418 1182 adeo
1442 1127 1560 1184 utnon
1584 1126 1718 1201 quatuor

136 1231 205 1275 cum
218 1231 255 1274 eo
269 1231 402 1294 persona
415 1214 472 1290 sit3
489 1231 547 1274 nec
559 1231 699 1275 seorsum
716 1211 756 1272 ab
769 1212 848 1292 ipso,
864 1230 900 1272 ac
949 1210 1019 1271 ideo
1031 1216 1140 1272 statuae
1150 1214 1414 1274 numerarentur?
1425 1214 1534 1292 Igitur,
1547 1215 1718 1275 secundum

64 1355 66 1360 .
103 1303 108 1315 '
136 1313 271 1383 separata
285 1304 442 1366 consistat.
949 1302 1009 1363 hoc
1032 1303 1220 1382 exemplum,
1245 1310 1280 1364 ut
1303 1323 1341 1366 ex
1364 1307 1466 1385 parvis
1489 1305 1666 1384 conjectura
1679 1306 1718 1367 de

173 1398 253 1459 Xllt.
277 1396 411 1469 Etenim,
425 1402 461 1456 ut
478 1396 624 1457 adversus
638 1397 788 1457 Severum
800 1394 900 1456 haere·
950 1393 1120 1472 majoribus
1133 1395 1282 1476 capiatur,
1298 1401 1391 1475 utque
1406 1402 1440 1457 at
1453 1396 1488 1457 in
1502 1396 1639 1459 obscuris
1652 1397 1719 1477 qui-

136 1490 229 1550 ticum
246 1489 339 1550 nnius
359 1495 480 1550 naturae
500 1488 666 1562 vindicem,
689 1492 719 1548 et
738 1487 901 1566 quaterni·
950 1484 1081 1547 busdam
1106 1486 1294 1565 imaginibus
1320 1488 1479 1550 veritatem
1505 1489 1717 1569 speculemur,

136 1580 203 1641 tatis
226 1580 498 1660 exprobratorem,
527 1585 609 1642 recte
635 1580 771 1659 disputat
796 1578 901 1639 Theo·
951 1577 1028 1638 duas
1045 1578 1078 1637 in
1099 1577 1218 1639 Christo
1238 1586 1365 1640 naturas
1382 1580 1520 1660 intellige
1531 1600 1540 1656 ;
1556 1581 1609 1642 sed
1622 1600 1720 1642 unam

135 1672 250 1749 rianus,
270 1672 458 1733 «Trinitatis
476 1690 592 1733 nomen
612 1690 677 1732 non
696 1677 829 1747 naturae,
849 1669 903 1731 sed
952 1668 1166 1748 hypostasim:
1189 1689 1289 1750 neque
1312 1678 1440 1752 propter
1457 1679 1645 1753 assumptam
1667 1673 1721 1733 ho·

136 1765 314 1845 quantitatis
350 1766 556 1845 hypostaseon
592 1763 802 1843 significanda
838 1763 904 1823 uim
954 1760 1046 1821 minis
1068 1767 1211 1824 naturam
1232 1763 1297 1824 ulla
1323 1764 1440 1825 fiatad
1465 1766 1646 1826 Trinitatem
1670 1785 1720 1827 ac·

136 1856 228 1918 babet
237 1855 287 1916 ὓ.»
307 1856 402 1935 Atqui
410 1874 474 1917 uon
486 1874 566 1917 noua
577 1856 720 1936 quaedam
730 1853 904 1935 hypostasis
954 1852 1061 1914 cessio.
1072 1853 1151 1914 Nam
1160 1858 1191 1916 et
1201 1854 1318 1935 alioqui
1331 1861 1455 1932 natura,
1471 1874 1535 1917 nou
1548 1856 1722 1936 hypostasis

137 1948 175 2009 ad
195 1948 317 2009 divinas
335 1953 398 2009 tres
413 1948 585 2009 accessione
598 1947 699 2008 carnis
711 1945 902 2025 adjungitur,
954 1950 1000 2005 est
1018 1952 1194 2026 assumpta:
1211 1952 1327 2008 etcum
1341 1947 1568 2028 hypostaseon,
1584 1968 1648 2010 non
1669 1967 1722 2010 na·

137 2041 186 2102 sed
214 2046 332 2101 naturus
355 2041 506 2101 duntaxat
526 2040 566 2101 ad
585 2036 778 2119 hypostasim
798 2036 901 2099 Verbi.
954 2041 1107 2111 turarum,
1122 2039 1255 2103 Trinitas
1268 2040 1308 2100 sit
1319 2058 1383 2100 una
1400 2039 1508 2113 deitas,
1531 2059 1639 2101 rursus
1653 2049 1723 2120 post

139 2134 302 2212 Perperam
316 2131 411 2211 igitur
429 2131 598 2194 insultabat
618 2134 760 2207 Severus,
781 2134 812 2191 et
835 2132 906 2192 dee·
956 2129 1129 2191 unitionem
1151 2131 1244 2193 etiam
1268 2132 1473 2209 perseveravit
1491 2151 1555 2194 esse
1575 2133 1722 2213 hyposta-

137 2224 220 2304 pbali
230 2224 342 2303 reliqui
352 2223 517 2285 Catholicae
527 2224 608 2304 parti
620 2243 628 2299 ;
640 2230 788 2303 tanquam
801 2231 906 2302 τετράδα
954 2237 1029 2282 seon
1042 2222 1175 2284 Trinitas
1184 2234 1206 2283 ι.
1221 2245 1237 2281 ιι

138 2335 192 2396 pro
203 2327 297 2397 τριάδι,
315 2321 442 2397 quatuor
450 2334 598 2397 personas,
620 2334 678 2395 pro
702 2315 797 2375 tribus
817 2314 907 2374 indu·
998 2314 1158 2376 Postremo
1179 2316 1361 2379 Theodorus
1383 2318 1617 2397 Mopsuestenus
1640 2318 1724 2398 apud

138 2417 231 2470 cerat.
256 2409 302 2468 lta
323 2407 534 2482 Theorianus;
557 2406 612 2487 qui
639 2412 670 2467 et
696 2405 907 2467 accommoda·
957 2406 1172 2483 Facundum¹,
1194 2410 1434 2488 quaternitatem
1453 2410 1540 2470 illam
1558 2410 1654 2471 solide
1674 2430 1724 2473 re·

139 2499 256 2562 tissima
273 2500 475 2562 similitudine
492 2516 561 2561 rem
578 2500 622 2560 ita
641 2498 787 2560 declarat.
810 2498 862 2559 Uti
881 2497 908 2558 si
955 2498 1033 2559 fallit
1052 2499 1160 2561 eadem
1186 2499 1262 2577 iera,
1291 2519 1387 2581 quam
1410 2501 1558 2562 hactenus
1584 2505 1721 2582 exposui,

138 2598 264 2672 ιτιρτορα
279 2592 338 2652 tria
356 2598 523 2671 ponantur,
548 2590 607 2651 hoc
626 2595 672 2651 ast
690 2593 775 2652 acrei
793 2588 909 2649 numini
956 2590 1076 2651 ratione
1102 2591 1209 2653 fretus.
1229 2614 1245 2650 ιι
1272 2594 1432 2667 Quomodo
1457 2594 1560 2671 itaque
1580 2595 1724 2674 possibile

37 2743 55 2754 „
139 2690 193 2745 trra
207 2682 305 2766 (male
325 2683 486 2764 interpres,
508 2683 569 2743 triu
585 2681 905 2763 r‘pnepotioruvertit:
957 2687 1013 2756 est,
1039 2682 1158 2762 inquit,
1187 2691 1331 2764 quartam
1356 2703 1522 2766 personam
1549 2705 1641 2766 super
1670 2688 1738 2749 has·

99 2768 111 2782 '
138 2793 211 2837 cum
229 2783 258 2837 rb
271 2782 407 2855 οτιριτιρσι
434 2774 598 2854 postremis
617 2773 741 2853 imperii
759 2773 908 2833 Constan-
957 2774 1081 2851 addere,
1098 2775 1195 2851 illam,
1216 2796 1287 2857 quar
1310 2784 1468 2858 assumpta
1486 2783 1543 2855 est,
1566 2779 1646 2840 serni
1666 2779 1726 2841 for-

141 2865 336 2948 tinopolitani
347 2866 539 2945 temporibus
553 2883 666 2926 aureus
679 2882 829 2925 nummus
841 2864 908 2925 lue·
959 2865 1069 2926 mam?
1082 2885 1178 2946 quam
1187 2887 1288 2949 neque
1302 2869 1440 2947 ejusdem
1454 2870 1634 2931 substantia
1648 2870 1727 2931 arbi-

138 2958 196 3039 rit)
223 2958 277 3020 sed
295 2963 330 3018 ut
345 2956 372 3017 si
394 2959 481 3019 aurei
503 2962 566 3018 tres
589 2957 682 3018 unius
701 2963 820 3017 naturae
835 2956 907 3033 sint,
958 2960 1078 3018 hamur
1105 2978 1190 3033 esse;
1218 2962 1268 3020 cui
1295 2978 1396 3041 neque
1419 2967 1546 3042 propter
1570 2980 1602 3024 se
1627 2964 1728 3024 cultus

138 3067 254 3130 nempe
279 3067 318 3111 ex
340 3067 429 3122 auro,
454 3054 548 3127 atquc
570 3049 685 3109 borum
705 3047 815 3128 aliquis
837 3047 909 3124 igne
959 3049 1100 3125 debetur,
1126 3070 1228 3131 noque
1251 3058 1378 3133 propter
1394 3054 1550 3134 propriam
1564 3056 1728 3116 essentiam

139 3150 285 3205 excoctus
296 3141 505 3217 candefiet;is
516 3141 644 3203 omnino
656 3140 777 3201 duabus
791 3139 910 3200 naturis
960 3141 1072 3201 debere
1099 3143 1252 3222 suscipere
1278 3146 1490 3207 adorationem
1510 3147 1725 3224 agnoscimus3

139 3235 294 3296 constabit
307 3252 383 3295 auro
396 3239 427 3294 et
440 3233 513 3313 igne
527 3253 534 3293 :
549 3251 606 3294 nec
619 3238 725 3293 tamen
739 3234 766 3293 si
779 3231 819 3292 ad
832 3232 910 3293 duos
959 3251 1061 3312 neque
1075 3233 1173 3312 ipsam
1187 3236 1285 3296 solam
1298 3238 1382 3316 apud
1395 3256 1427 3298 sc
1445 3237 1543 3299 divise
1556 3240 1590 3300 in
1604 3239 1729 3319 propria

139 3327 277 3408 reliquos
312 3326 523 3405 adjungatur;
551 3325 656 3405 plures
682 3331 775 3385 erunt
801 3324 910 3402 aurei,
960 3342 1092 3405 persona
1105 3326 1313 3389 adoramus.»

140 3436 239 3498 quam
252 3425 324 3479 tres.
341 3418 463 3478 Itanon
478 3422 524 3478 est
537 3420 646 3477 auctus
660 3433 862 3497 personarum
878 3416 912 3476 in

139 3510 291 3572 Trinitate
304 3526 470 3585 numerus,
488 3508 628 3589 quamvis
641 3508 736 3569 altera
757 3506 796 3568 sit
810 3506 911 3568 Verbo

140 3602 259 3664 sociata
272 3608 395 3663 natura.

182 3694 301 3755 Similis
318 3694 370 3754 illa
389 3699 435 3755 est
450 3692 535 3773 apud
548 3690 754 3772 Euthymium
767 3709 840 3751 cum
854 3696 913 3751 sta·

139 3786 203 3848 tuis
229 3786 328 3847 tribus
356 3784 567 3866 comparatio,
597 3801 694 3864 qaam
721 3801 760 3845 ex
785 3782 913 3862 antiquo

175 3999 198 4040 α
218 3981 323 4039 'taron
331 3979 360 4035 El
374 3979 417 4054 pb
431 3979 478 4052 γὰρ
493 3977 609 4052 ἐλέγομεν
620 3975 803 4045 meaiolani
811 3975 912 4047 πατρὸς,
999 3978 1117 4035 οΕοτο.
1143 3984 1217 4037 Ροιι.
1241 3981 1283 4038 rit.
1306 3982 1363 4039 vlt.
1383 3982 1415 4037 Et
1432 3988 1497 4055 τρεῖς
1518 3982 1580 4053 ἦσαν
1594 3985 1732 4059 ἀνδριάντες

139 4066 182 4120 καὶ
196 4059 242 4121 τοῦ
259 4065 321 4129 clod,
338 4064 379 4117 καὶ
397 4069 441 4118 τοῦ
457 4062 528 4135 bylon
542 4061 678 4133 πνεύματος
691 4054 753 4114 εἶναι
766 4058 811 4126 τὴν
825 4059 912 4130 σάρκα,
963 4061 1065 4134 χαλκοῖ,
1077 4063 1171 4118 τούτων
1188 4063 1214 4117 δὲ
1230 4057 1265 4125 εἶς
1280 4061 1410 4138 άπεχρίσθη
1421 4069 1542 4140 ypram
1557 4075 1624 4140 κηρῷ
1638 4070 1731 4125 διόλου·

139 4150 225 4211 καλῶς
235 4149 339 4221 τετράδι
348 4146 531 4218 &stratonico
543 4139 790 4212 τάιαῦτῆιοῦσῐαιέν
800 4142 914 4212 τέτταρσι
963 4146 1067 4217 πότερον
1082 4144 1172 4215 taam
1184 4146 1238 4219 περὶ
1252 4147 1295 4215 την
1314 4146 1375 4200 ἴδιαι
1385 4148 1468 4202 cocto
1483 4143 1562 4216 οὗτος,
1576 4154 1592 4218 η
1605 4153 1679 4214 σώζει
1691 4151 1734 4214 τὰς

140 4233 284 4304 προσώποις
309 4230 482 4302 θεωρουμένης·
512 4225 543 4281 Εἴ
563 4225 590 4280 δῖ
613 4226 729 4298 λέγομεν,
757 4225 816 4296 ὅπερ
838 4222 913 4286 ἔστὶν,
964 4228 1007 4281 δύο
1023 4228 1103 4299 ριίσεις
1118 4227 1240 4302 tarpeiae,
1255 4229 1295 4282 nal
1309 4229 1459 4299 άλωὸήτοιις,
1472 4234 1566 4302 scirbit
1581 4232 1679 4299 ἑαυτοῦ,
1693 4236 1734 4288 καὶ

141 4314 276 4387 ὗμῡῡῦῦῐῡῖ
306 4311 348 4385 μὲν
374 4316 410 4365 τῶ
434 4310 508 4383 πατρὶ
528 4310 571 4364 tlt
593 4309 659 4372 ”llts
683 4307 815 4379 ὅμωῦσῑῦν
838 4305 864 4359 δὲ
886 4305 915 4358 τό
964 4309 1008 4378 τὴν
1032 4309 1210 4385 άπιχρισθιῖσοιν
1239 4311 1321 4377 αὑτῶ,
1349 4315 1389 4367 καὶ
1417 4313 1473 4368 olet
1499 4316 1613 4389 τέσσαρες
1637 4319 1735 4379 πάντως

140 4402 240 4469 πνεῦμα
254 4396 283 4450 τὸ
296 4397 375 4467 ἅγιον·
393 4392 515 4464 supera
528 4392 554 4447 bl
567 4391 611 4461 τὴν
622 4392 701 4463 σάρκα
714 4389 746 4453 εἰς
764 4388 914 4461 ἐκπλήρωσιν
965 4393 1104 4466 ἀνδριάντες
1113 4395 1178 4468 παρὰ
1191 4399 1265 4450 τοῦτο
1276 4398 1408 4468 pydnam
1424 4396 1511 4453 οὖιιοῦν
1526 4405 1562 4472 τῷ
1575 4399 1642 4472 σάτῷ
1656 4419 1735 4473 παρα·

141 4479 293 4553 champlite,
308 4476 351 4532 οὒκ
364 4476 397 4539 εἰς
411 4475 509 4545 αὔξησιν
524 4475 617 4538 οὐσίας,
628 4481 680 4536 πῶς
696 4471 797 4545 ἀριθμοῦ
810 4471 915 4544 spoctat-
965 4477 1086 4549 δείγματι,
1098 4478 1132 4542 ὡς
1146 4476 1172 4531 ἐκ
1183 4484 1233 4533 τῶν
1244 4484 1336 4551 μικρῶν
1351 4479 1381 4532 τη
1397 4481 1492 4553 puppa
1501 4483 1678 4554 σσσχσσσσθσσ,
1693 4484 1735 4537 my

140 4583 186 4631 tut
202 4561 345 4634 ἕργᾶζῡνῐαῑ
365 4564 409 4628 τῆς
422 4560 510 4631 σαρκῦς
530 4558 574 4627 τὴν
588 4559 669 4628 φύσιν,
688 4559 806 4611 τοιοῦτον
820 4554 915 4626 ²²⁰an-
966 4558 1083 4632 άμιιδραῖς
1106 4580 1167 4615 τισιν
1191 4560 1275 4625 εἰκάσι,
1288 4562 1330 4630 τὴν
1346 4560 1459 4629 ἀλήθειαν
1475 4562 1670 4638 ἐνοπτρίσασθαι,
1685 4568 1735 4621 νάει

140 4646 279 4718 λσγμάνην,
294 4644 328 4706 ὣς
340 4645 423 4714 impos
435 4644 567 4715 πρόσωπον
583 4640 752 4712 ἐπεισάγοντες
766 4638 914 4710 tmolum
965 4644 1004 4696 καὶ
1025 4641 1064 4696 ἐπὶ
1078 4648 1121 4697 τοῦ
1145 4645 1253 4717 Χριστοῦ
1267 4644 1310 4698 blo
1325 4643 1372 4717 μὲν
1395 4645 1437 4708 τάς
1460 4647 1557 4717 pleriq,
1580 4649 1636 4720 μίαν
1650 4648 1677 4702 δὲ
1691 4647 1734 4716 σὴρ

140 4729 184 4781 “l
204 4733 279 4781 τοῦτο
299 4724 327 4780 0¹l
340 4726 394 4779 καθ’
418 4723 503 4792 lwflt
518 4722 593 4791 αὖῖῆί
616 4722 791 4794 ⁰⁸⁰’i0t’t23l’tt'
808 4718 865 4772 ἀλλ’
891 4715 915 4771 lt
965 4723 1109 4794 ὓπάστασιν,
1123 4725 1229 4780 mittat
1243 4727 1367 4799 προσθήκη
1381 4732 1412 4800 τῇ
1425 4729 1505 4801 τριάδι
1519 4728 1685 4801 άπιητνησιται
1695 4729 1736 4785 διά

142 4810 277 4883 άχιιρίστιρ
292 4806 407 4879 σοισριίᾳ
426 4808 488 4880 πρὸς
501 4807 544 4862 τὸν
563 4806 615 4860 θεὸν
635 4806 712 4877 λάρον
724 4800 913 4875 γνωριζομάνης’
966 4806 1010 4874 τὴν
1023 4809 1220 4881 πρωληράτῖσιιν
1232 4809 1302 4882 poco
1316 4815 1359 4877 τῆς
1382 4809 1579 4884 άνθριιπότητος.
1598 4813 1639 4866 καὶ
1655 4813 1737 4876 ἄλλοις

142 4894 180 4956 dre
198 4911 224 4946 τι
239 4891 325 4964 ρηιιάτι
346 4889 529 4964 ιιιχωρισμάνην
553 4886 628 4955 olvit
655 4886 774 4959 ὁρᾶσθαι,
799 4885 860 4956 tuit·
883 4881 917 4945 ὣς
966 4890 1014 4963 γὰρ
1028 4891 1107 4964 ριἰσις,
1133 4890 1182 4964 οὐχ
1201 4891 1333 4954 ὑπόστασις
1353 4894 1519 4967 προσεληράη,
1533 4894 1574 4948 καὶ
1596 4894 1663 4967 τριάς
1676 4888 1737 4948 οὖσα

143 4974 278 5047 διονύσιον
294 4970 387 5046 qap
398 4972 482 5044 νόον
497 4969 702 5042 arneberto·
966 4970 1135 5039 broccum,
1150 4972 1208 5047 οὐχι
1224 4973 1345 5045 φύσεσιν
1360 4976 1405 5048 pte
1416 4977 1508 5045 ιιιτης,
1518 4977 1591 5031 τοι
1606 4976 1685 5049 span
1696 4976 1737 5030 su

181 5057 198 5113 b
216 5057 369 5114 Tuscana.
390 5057 423 5110 tn
441 5057 544 5125 Lepet.
563 5051 606 5108 cd
626 5056 711 5107 Αινπ.
729 5056 795 5106 tom.
813 5049 835 5105 u
852 5047 915 5104 ato.
968 5055 1083 5126 μετιςησ
1097 5056 1194 5122 trouv,
1209 5056 1458 5137 rprtrbrroetdaeuv,

143 5138 202 5195 Ὅτι
215 5139 245 5194 rb
262 5138 331 5211 τριάς
343 5139 476 5210 πρόσρηρα
497 5135 607 5201 οὐκέστι
628 5138 671 5203 τῆς
692 5134 786 5204 φύσεως
799 5150 918 5203 appann-

143 5223 197 5287 ιιὸν,
208 5222 274 5276 ἀλλὰ
287 5225 331 5275 τοῦ
343 5214 421 5275 rocol
429 5227 479 5275 τῶν
490 5219 658 5274 temneat.

179 5391 186 5435 ι
207 5389 254 5434 ιιι.
271 5389 311 5434 ιιι.

309 5467 393 5529 Τοιι.
408 5466 448 5528 V.
