4078 6168
595 354 800 417 VINCENTII
821 355 947 434 LENIS,
970 357 1054 418 GAP.
1076 357 1191 418 XXIX.
1629 365 1688 422 143

109 515 287 588 alterocca
309 517 420 595 siquis
440 519 478 579 ad
498 519 576 581 illud
596 521 718 597 rederet,
738 524 821 603 quod
835 524 869 584 in
921 524 1018 583 nismi
1032 523 1121 603 copia
1143 523 1366 602 repetendum:
1391 524 1444 585 sed
1468 525 1628 604 ejusmodi,
1655 538 1690 586 ut

110 606 263 686 utriusque
276 607 349 668 libri
360 611 541 689 praefatione
554 621 663 693 sponte
677 633 733 676 sua
747 615 868 677 denun-
920 617 1000 677 solos
1013 616 1127 695 lingua
1141 616 1228 676 istius
1240 616 1356 678 tirones
1365 616 1543 678 absterreat.
1556 620 1600 678 Ac
1611 617 1688 677 ridi-

108 698 196 773 tiarit,
219 718 252 760 se
266 699 383 780 absque
398 704 555 781 conviciis,
581 710 612 766 et
629 706 794 769 acerbitate
808 727 871 769 res
920 709 1026 769 culum
1040 726 1165 788 prorsus
1179 709 1303 787 utrique
1317 709 1377 768 hoc
1390 709 1436 769 illi
1450 709 1588 788 contigit,
1605 711 1688 770 Ano·

108 807 272 869 ponsurum
299 792 359 853 illis
376 794 528 857 ambobus
550 815 633 874 esse3
658 817 723 860 non
743 799 867 879 poterit,
919 818 1016 879 nymo
1044 801 1186 879 scriptori
1218 799 1436 879 Apolopeticce,
1473 808 1503 861 et
1540 801 1566 862 Τ
1564 799 1690 862 ieriucoe

108 884 176 962 quin
198 891 230 945 et
256 889 379 945 tantam
406 887 505 950 rideat
538 889 695 952 levitatem
720 892 867 967 hominis,
919 893 1096 953 Vincentio.
1113 892 1212 953 Ambo
1227 892 1373 952 istavoee
1387 893 1505 971 perculi
1519 911 1592 953 cum
1606 894 1644 954 de
1658 893 1690 952 vi

107 980 188 1054 atquc
197 976 446 1056 esuisoogitatis,
459 981 652 1062 decretisque
665 984 866 1045 discordiam:
921 984 987 1062 ejus
1000 991 1031 1045 ct
1045 983 1231 1064 proprietate
1244 985 1351 1045 Lexica
1366 1002 1422 1045 sua
1435 985 1687 1060 consuluisssent,

108 1073 134 1127 cl
144 1086 175 1128 os
192 1067 276 1129 illius
289 1070 433 1147 miretur,
452 1074 616 1154 quiquam
635 1077 669 1137 in
688 1077 871 1138 adversariis
921 1077 999 1137 nihil
1009 1084 1217 1157 preterquam
1231 1077 1314 1156 quod
1326 1076 1404 1137 inibi
1417 1077 1567 1150 exstabat,
1584 1096 1692 1157 expro

109 1161 370 1240 suisrcprchendit
378 1166 586 1244 asperitatem,
596 1174 626 1229 et
639 1170 867 1249 impotentiam,
922 1187 1007 1231 mere
1025 1170 1063 1231 dc
1077 1170 1130 1230 illa
1148 1187 1225 1230 voce
1246 1175 1426 1248 potuerunt.
1448 1170 1486 1229 Et
1504 1170 1606 1230 nescio
1628 1189 1690 1248 quo

107 1251 177 1313 benc
200 1252 235 1314 in
257 1256 371 1316 eodem
385 1255 463 1337 ipso,
489 1259 543 1320 ubi
562 1261 772 1340 reprehendit,
790 1262 869 1323 libro
923 1262 1129 1338 casuaceidit,
1144 1271 1179 1323 ut
1192 1262 1415 1322 vocabulorum
1428 1267 1582 1336 auctores,
1598 1262 1691 1322 etiem

108 1362 164 1404 nou
181 1345 325 1407 imitatus
346 1348 440 1409 modo
462 1350 577 1426 fuerit„
601 1354 655 1414 sed
669 1354 763 1414 etiam
776 1354 869 1432 longo
922 1353 1055 1415 accurati
1071 1360 1102 1415 et
1116 1355 1242 1429 eruditi,
1258 1355 1343 1415 velut
1367 1353 1509 1414 Thamari
1528 1353 1691 1434 locupletis-

108 1436 434 1519 intervallosuperarit.
921 1446 993 1506 a'mi
1019 1446 1150 1525 scriptor
1170 1446 1359 1525 Stephanus,
1387 1464 1437 1505 eas
1457 1445 1537 1506 solas
1551 1447 1693 1507 notiones

140 1531 200 1609 Age
212 1532 302 1592 enim
316 1533 393 1612 quid
416 1540 460 1596 est
481 1536 515 1596 in
537 1537 675 1609 Ricardi‚
701 1544 733 1600 et
749 1539 870 1599 Patavii
921 1538 1074 1617 persecuti
1088 1538 1160 1613 sint,
1180 1556 1257 1618 ques
1275 1538 1320 1597 illi
1334 1537 1414 1597 solas
1427 1538 1606 1616 attigerunt.
1630 1539 1691 1599 Ve-

107 1620 192 1692 libris,
208 1642 271 1704 quo
299 1643 343 1703 se,
369 1644 502 1707 suosque
519 1630 655 1691 maxime
677 1630 817 1704 violabis,
840 1636 871 1692 et
921 1648 993 1690 rum
1019 1638 1132 1710 praeter
1154 1629 1221 1704 hos,
1248 1631 1342 1691 ctiam
1368 1639 1506 1710 φθονεροὺς,
1521 1637 1563 1690 καὶ
1576 1639 1693 1711 poppae<

107 1714 227 1776 mensos
250 1720 405 1798 conqueri
427 1721 533 1800 possit,
562 1722 647 1800 quod
674 1740 738 1782 non
761 1723 795 1784 in
818 1742 870 1784 eos
921 1723 1087 1801 significari
1109 1728 1216 1782 auctor
1241 1729 1286 1783 est
1314 1722 1502 1798 Eustathius,
1522 1722 1561 1782 ad
1583 1720 1693 1783 Iliadis

108 1806 495 1892 acerbius,iracundiusque
507 1813 867 1890 retorserit‘lEsttamen,
920 1814 1036 1876 librum
1055 1832 1177 1875 nonum
1195 1832 1269 1893 pag.
1290 1816 1348 1874 '172
1372 1815 1431 1873 hoc
1452 1822 1498 1874 est
1522 1812 1650 1889 inuidos,
1666 1822 1694 1876 et

108 1897 208 1980 inquit,
222 1921 330 1964 unum
344 1910 433 1965 atrox
447 1905 530 1967 inter
543 1912 664 1983 caetera,
682 1915 712 1967 et
723 1908 869 1969 intolera-
920 1903 1203 1967 obtrectatores.Hoc
1213 1923 1305 1965 sensu
1314 1913 1379 1965 tum
1389 1905 1422 1965 in
1433 1904 1573 1965 oratione
1582 1911 1693 1984 quarta

108 1991 160 2053 bile
181 1994 398 2073 maledictum,
423 1999 507 2077 quod
519 1999 686 2060 Armacani
707 2005 871 2061 sectatores
921 1998 1109 2059 Themistius
1127 2018 1133 2058 :
1149 2006 1215 2058 tum
1236 1998 1383 2077 Synesius
1398 1996 1525 2076 epistola
1539 2014 1618 2072 cuv,
1633 2015 1691 2058 no·

13 2080 15 2105 ⁵
109 2085 204 2146 draco
224 2087 381 2150 vocabulo
402 2098 518 2171 τελχῖνας
544 2092 687 2152 Patavius
709 2092 868 2172 appellet:
921 2108 992 2151 meu
1014 2091 1091 2151 illud
1109 2097 1322 2170 usurparunt:
1347 2097 1501 2150 eteorum
1513 2107 1571 2150 nos
1589 2090 1691 2151 imita-

109 2177 182 2256 quod
193 2179 242 2240 ille
254 2180 338 2241 malo
351 2181 479 2261 spiritus
498 2181 618 2262 allicior
638 2183 867 2264 iuterpretatur.
920 2182 1006 2244 tione
1019 2193 1132 2262 τελχῖνας
1145 2183 1228 2243 haud
1240 2183 1348 2242 inscite
1361 2181 1541 2242 vocavimus
1550 2181 1692 2245 homines

108 2268 357 2334 Offenditeadem
370 2273 497 2335 illavox
510 2280 541 2335 et
556 2276 720 2337 Armaeani
734 2275 873 2337 deleuso-
921 2273 1009 2349 illos;
1034 2293 1168 2355 quorum
1200 2280 1325 2346 sectam,
1346 2293 1382 2334 ac
1410 2274 1603 2354 disciplinam
1627 2294 1692 2335 non

109 2380 170 2423 rem
182 2370 353 2426 nostratem
366 2366 592 2448 iuApolopetico
605 2368 794 2443 secundo;in
808 2387 870 2448 quo
921 2366 1045 2428 aliunde
1059 2367 1161 2427 sciunt
1174 2385 1292 2439 omnes,
1307 2384 1401 2445 quam
1412 2384 1451 2426 ex
1465 2366 1536 2426 odio
1554 2371 1585 2428 et
1598 2367 1693 2428 insec-

109 2460 299 2533 proterrere
314 2475 428 2537 parum
441 2459 593 2537 pudenter
606 2459 731 2521 indoct.
754 2459 870 2521 Haber-
923 2459 1037 2520 tatione
1049 2458 1246 2519 dissimilium
1262 2459 1320 2536 sui,
1337 2464 1377 2537 „et
1391 2458 1507 2519 invidia
1537 2477 1602 2519 esse
1616 2477 1690 2519 con·

110 2550 169 2608 lum
181 2548 325 2610 invectus
343 2555 400 2626 est,
423 2555 499 2612 tunc
527 2551 708 2613 cathedralis
729 2552 872 2615 Ecclesiae
922 2550 1037 2613 flatum.

110 2638 281 2703 lundensis
294 2641 781 2721 theologumnuncvabrensem
795 2645 874 2725 epis·
962 2644 1041 2704 Satis
1068 2643 1204 2704 arbitror
1227 2662 1284 2723 pro
1305 2644 1462 2705 Catholico
1485 2642 1630 2722 dogmate
1650 2643 1690 2704 ad

108 2735 341 2813 oopumvirum
354 2735 467 2814 pietate
483 2755 519 2797 ac
532 2736 777 2816 doctrinalonge
791 2755 872 2817 prae-
921 2736 1015 2814 hujus
1048 2736 1305 2815 oppugnatricem
1339 2735 1493 2796 Vincentii
1520 2735 1689 2796 theriacam

109 2827 335 2887 daudmimum.
346 2828 385 2888 In
400 2827 454 2888 illo
463 2828 543 2888 libro
553 2828 710 2910 ἀετελχῖνος
720 2829 873 2890 vocabulo
923 2844 988 2888 esse
1007 2846 1201 2907 responsum.
1227 2828 1315 2900 Quod
1328 2827 1355 2887 si
1374 2828 1426 2888 cui
1443 2827 1579 2899 brevius,
1596 2846 1691 2905 quam

110 2921 209 2996 μαίνεται
219 2926 307 2983 ουκέτ’
319 2919 496 2995 merendae
510 2920 680 3000 veneficum,
694 2927 750 2981 aut
765 2921 873 2983 danto·
921 2919 972 2980 vel
984 2938 1041 2999 pro
1050 2920 1227 2997 argumenti
1242 2919 1339 2999 copia,
1355 2920 1405 2980 rel
1419 2937 1475 2998 pro
1490 2918 1571 2980 mole
1585 2918 1693 2978 adver·

109 3027 163 3069 cerr
176 3012 411 3092 iuterpretatur.
428 3013 468 3072 Et
481 3030 521 3072 cx
539 3014 653 3073 Graecae
673 3012 788 3089 linguae
801 3016 874 3073 scri-
922 3011 995 3072 sarii
1008 3012 1109 3091 operis
1133 3011 1238 3072 fecisse
1264 3011 1387 3087 videor3
1410 3011 1504 3071 velim
1521 3009 1614 3071 ambo
1634 3009 1694 3071 ista

109 3101 160 3163 uiis
171 3103 415 3165 reconditiorem
431 3122 539 3165 rocem
561 3104 692 3184 petitam
706 3124 725 3165 a
743 3123 874 3166 measse
922 3103 1015 3181 legat,
1041 3103 1121 3166 inter
1142 3122 1235 3183 seque
1249 3110 1415 3184 componat
1431 3123 1438 3163 :
1454 3110 1522 3164 tum
1534 3103 1608 3164 sciet
1620 3121 1691 3182 pro-

109 3193 186 3267 dicit,
214 3201 250 3256 ut
277 3196 398 3275 duplex
421 3195 498 3256 illud
526 3195 700 3257 convicium
727 3196 785 3257 sub
809 3215 873 3257 uno
923 3196 1013 3271 lecto,
1028 3195 1054 3256 si
1074 3215 1123 3257 res
1145 3215 1184 3256 ex
1196 3197 1396 3259 vincentiani
1408 3196 1481 3256 libri
1493 3196 1604 3256 merito
1619 3213 1693 3275 pon-

110 3287 223 3348 nomine
234 3289 271 3348 iu
293 3289 505 3350 Armecauum
518 3287 666 3367 jacerem.
690 3289 787 3369 Atqui
809 3307 874 3350 non
923 3289 1058 3355 deretur,
1072 3288 1150 3348 nihil
1164 3288 1301 3349 adhunc
1315 3288 1513 3349 relutendum
1533 3286 1690 3367 pluribus;

111 3382 165 3439 iam
188 3398 352 3456 arcanum,
380 3387 437 3443 aut
469 3380 657 3461 exquisitum
687 3381 874 3443 vocabulum
924 3398 1011 3441 acne
1024 3380 1138 3441 nostris
1151 3379 1278 3459 quidem
1290 3380 1490 3441 illisfortesse
1503 3381 1694 3459 paucisopus

110 3468 181 3533 istud
193 3477 249 3547 cst,
265 3490 327 3535 nce
337 3478 425 3534 tauto
439 3475 540 3535 studio
562 3493 602 3537 ex
620 3473 767 3535 interiore
781 3472 874 3534 helle
923 3472 1027 3534 irrisae.

135 3656 211 3712 ειμι.
223 3659 239 3702 1.
255 3659 286 3714 u,
299 3671 319 3704 ο.
331 3670 354 3704 ν.
