<?xml version="1.0" encoding="UTF-8"?>
<!DOCTYPE html PUBLIC "-//W3C//DTD XHTML 1.0 Transitional//EN"
    "http://www.w3.org/TR/xhtml1/DTD/xhtml1-transitional.dtd">
<html xmlns="http://www.w3.org/1999/xhtml" xml:lang="en" lang="en">
 <head>
  <title>
</title>
<meta http-equiv="Content-Type" content="text/html;charset=utf-8" />
  <meta name='ocr-system' content='tesseract 3.04.00' />
  <meta name='ocr-capabilities' content='ocr_page ocr_carea ocr_par ocr_line ocrx_word'/>
</head>
<body>
  <div class='ocr_page' id='page_1' title='image "./dogmatatheologi00unkngoog_0675.png"; bbox 0 0 4122 6248; ppageno 0'>
   <div class='ocr_carea' id='block_1_1' title="bbox 322 298 1400 363">
    <p class='ocr_par' dir='ltr' id='par_1_1' title="bbox 322 298 1400 363">
     <span class='ocr_line' id='line_1_1' title="bbox 322 298 1400 363; baseline -0.001 -3"><span class='ocrx_word' id='word_1_1' title='bbox 322 303 382 363; x_wconf 79' lang='lat'><strong>640</strong></span> <span class='ocrx_word' id='word_1_2' title='bbox 828 298 1159 363; x_wconf 84' lang='lat' dir='ltr'><strong>THEOLOGICORUM</strong></span> <span class='ocrx_word' id='word_1_3' title='bbox 1180 298 1400 361; x_wconf 73' lang='lat' dir='ltr'><strong>DOGMATUM</strong></span> 
     </span>
    </p>
   </div>
   <div class='ocr_carea' id='block_1_2' title="bbox 278 460 1919 5053">
    <p class='ocr_par' dir='ltr' id='par_1_2' title="bbox 278 460 1919 5053">
     <span class='ocr_line' id='line_1_2' title="bbox 325 460 1913 544; baseline -0.001 -18"><span class='ocrx_word' id='word_1_4' title='bbox 325 482 453 533; x_wconf 75' lang='lat' dir='ltr'><strong>cerne.»</strong></span> <span class='ocrx_word' id='word_1_5' title='bbox 471 465 632 527; x_wconf 79' lang='lat' dir='ltr'><strong>manifeste</strong></span> <span class='ocrx_word' id='word_1_6' title='bbox 653 465 752 542; x_wconf 86' lang='lat' dir='ltr'><strong>docet,</strong></span> <span class='ocrx_word' id='word_1_7' title='bbox 767 467 894 544; x_wconf 81' lang='lat' dir='ltr'>perinde</span> <span class='ocrx_word' id='word_1_8' title='bbox 918 484 956 527; x_wconf 86' lang='lat' dir='ltr'><strong>ex</strong></span> <span class='ocrx_word' id='word_1_9' title='bbox 978 465 1089 541; x_wconf 89' lang='lat' dir='ltr'><strong>tribus,</strong></span> <span class='ocrx_word' id='word_1_10' title='bbox 1139 480 1199 524; x_wconf 92' lang='lat' dir='ltr'><strong>nus</strong></span> <span class='ocrx_word' id='word_1_11' title='bbox 1213 462 1352 543; x_wconf 86' lang='lat' dir='ltr'><strong>pontifex</strong></span> <span class='ocrx_word' id='word_1_12' title='bbox 1362 462 1485 524; x_wconf 87' lang='lat' dir='ltr'><strong>incaute</strong></span> <span class='ocrx_word' id='word_1_13' title='bbox 1501 462 1618 523; x_wconf 87' lang='lat' dir='ltr'><strong>dietum</strong></span> <span class='ocrx_word' id='word_1_14' title='bbox 1633 460 1730 522; x_wconf 81' lang='lat' dir='ltr'><strong>videri</strong></span> <span class='ocrx_word' id='word_1_15' title='bbox 1742 461 1802 521; x_wconf 90' lang='lat' dir='ltr'><strong>sibi</strong></span> <span class='ocrx_word' id='word_1_16' title='bbox 1813 462 1913 541; x_wconf 83' lang='lat' dir='ltr'><strong>signi-</strong></span> 
     </span>
     <span class='ocr_line' id='line_1_3' title="bbox 325 552 1912 635; baseline -0.001 -19"><span class='ocrx_word' id='word_1_17' title='bbox 325 561 418 635; x_wconf 86' lang='lat' dir='ltr'><strong>utque</strong></span> <span class='ocrx_word' id='word_1_18' title='bbox 432 574 471 617; x_wconf 85' lang='lat' dir='ltr'><strong>ex</strong></span> <span class='ocrx_word' id='word_1_19' title='bbox 484 557 605 618; x_wconf 83' lang='lat' dir='ltr'><strong>duabus</strong></span> <span class='ocrx_word' id='word_1_20' title='bbox 623 557 812 632; x_wconf 71' lang='lat' dir='ltr'><strong>substantiis,</strong></span> <span class='ocrx_word' id='word_1_21' title='bbox 828 576 929 619; x_wconf 89' lang='lat' dir='ltr'><strong>unum</strong></span> <span class='ocrx_word' id='word_1_22' title='bbox 952 563 1091 619; x_wconf 81' lang='lat' dir='ltr'><strong>constare</strong></span> <span class='ocrx_word' id='word_1_23' title='bbox 1139 556 1270 630; x_wconf 86' lang='lat' dir='ltr'><strong>ficusset,</strong></span> <span class='ocrx_word' id='word_1_24' title='bbox 1282 560 1351 634; x_wconf 93' lang='lat' dir='ltr'><strong>post</strong></span> <span class='ocrx_word' id='word_1_25' title='bbox 1364 554 1525 617; x_wconf 81' lang='lat' dir='ltr'><strong>biennium</strong></span> <span class='ocrx_word' id='word_1_26' title='bbox 1537 552 1635 614; x_wconf 90' lang='lat' dir='ltr'><strong>Toleti</strong></span> <span class='ocrx_word' id='word_1_27' title='bbox 1650 553 1747 614; x_wconf 83' lang='lat' dir='ltr'><strong>eoacti</strong></span> <span class='ocrx_word' id='word_1_28' title='bbox 1761 552 1912 635; x_wconf 76' lang='lat' dir='ltr'><strong>episcopi,</strong></span> 
     </span>
     <span class='ocr_line' id='line_1_4' title="bbox 327 645 1916 729; baseline -0.001 -22"><span class='ocrx_word' id='word_1_29' title='bbox 327 648 495 709; x_wconf 80' lang='lat' dir='ltr'><strong>Christum.</strong></span> <span class='ocrx_word' id='word_1_30' title='bbox 533 650 571 709; x_wconf 91' lang='lat' dir='ltr'><strong>Et</strong></span> <span class='ocrx_word' id='word_1_31' title='bbox 600 649 635 709; x_wconf 91' lang='lat' dir='ltr'><strong>in</strong></span> <span class='ocrx_word' id='word_1_32' title='bbox 668 648 847 711; x_wconf 76' lang='lat' dir='ltr'><strong>Erudiridio</strong></span> <span class='ocrx_word' id='word_1_33' title='bbox 881 651 979 729; x_wconf 85' lang='lat' dir='ltr'><strong>capite</strong></span> <span class='ocrx_word' id='word_1_34' title='bbox 1001 666 1089 711; x_wconf 81' lang='lat' dir='ltr'><strong>xxxv.</strong></span> <span class='ocrx_word' id='word_1_35' title='bbox 1140 647 1247 725; x_wconf 68' lang='lat' dir='ltr'><strong>Sergio</strong></span> <span class='ocrx_word' id='word_1_36' title='bbox 1262 648 1406 708; x_wconf 79' lang='lat' dir='ltr'><strong>Romano</strong></span> <span class='ocrx_word' id='word_1_37' title='bbox 1425 645 1580 726; x_wconf 87' lang='lat' dir='ltr'><strong>pontifice,</strong></span> <span class='ocrx_word' id='word_1_38' title='bbox 1595 663 1661 706; x_wconf 86' lang='lat' dir='ltr'><strong>sese</strong></span> <span class='ocrx_word' id='word_1_39' title='bbox 1672 651 1916 725; x_wconf 76' lang='lat' dir='ltr'><strong>purgaruntzet</strong></span> 
     </span>
     <span class='ocr_line' id='line_1_5' title="bbox 329 737 1915 820; baseline 0 -23"><span class='ocrx_word' id='word_1_40' title='bbox 329 760 344 797; x_wconf 82' lang='lat' dir='ltr'><strong>n</strong></span> <span class='ocrx_word' id='word_1_41' title='bbox 359 740 471 811; x_wconf 88' lang='lat' dir='ltr'><strong>Homo,</strong></span> <span class='ocrx_word' id='word_1_42' title='bbox 487 740 600 820; x_wconf 90' lang='lat' dir='ltr'><strong>inquit,</strong></span> <span class='ocrx_word' id='word_1_43' title='bbox 617 741 754 802; x_wconf 88' lang='lat' dir='ltr'><strong>Christus</strong></span> <span class='ocrx_word' id='word_1_44' title='bbox 767 748 824 814; x_wconf 90' lang='lat' dir='ltr'><strong>est,</strong></span> <span class='ocrx_word' id='word_1_45' title='bbox 846 743 919 819; x_wconf 88' lang='lat' dir='ltr'><strong>quia</strong></span> <span class='ocrx_word' id='word_1_46' title='bbox 931 742 965 802; x_wconf 86' lang='lat' dir='ltr'><strong>in</strong></span> <span class='ocrx_word' id='word_1_47' title='bbox 987 741 1090 802; x_wconf 91' lang='lat' dir='ltr'><strong>unita·</strong></span> <span class='ocrx_word' id='word_1_48' title='bbox 1140 738 1301 817; x_wconf 89' lang='lat' dir='ltr'><strong>utriusque</strong></span> <span class='ocrx_word' id='word_1_49' title='bbox 1310 739 1464 800; x_wconf 90' lang='lat' dir='ltr'><strong>rationem</strong></span> <span class='ocrx_word' id='word_1_50' title='bbox 1475 737 1687 810; x_wconf 88' lang='lat' dir='ltr'><strong>reddiderunt,</strong></span> <span class='ocrx_word' id='word_1_51' title='bbox 1699 743 1764 797; x_wconf 80' lang='lat' dir='ltr'><strong>tem</strong></span> <span class='ocrx_word' id='word_1_52' title='bbox 1774 738 1915 798; x_wconf 89' lang='lat' dir='ltr'><strong>duarum</strong></span> 
     </span>
     <span class='ocr_line' id='line_1_6' title="bbox 326 829 1913 911; baseline -0.002 -19"><span class='ocrx_word' id='word_1_53' title='bbox 326 837 390 892; x_wconf 82' lang='lat' dir='ltr'><strong>tem</strong></span> <span class='ocrx_word' id='word_1_54' title='bbox 401 849 541 911; x_wconf 76' lang='lat' dir='ltr'><strong>personae</strong></span> <span class='ocrx_word' id='word_1_55' title='bbox 555 834 680 894; x_wconf 83' lang='lat' dir='ltr'><strong>accessit</strong></span> <span class='ocrx_word' id='word_1_56' title='bbox 693 834 794 895; x_wconf 90' lang='lat' dir='ltr'><strong>Verbo</strong></span> <span class='ocrx_word' id='word_1_57' title='bbox 809 836 913 894; x_wconf 83' lang='lat' dir='ltr'><strong>enims</strong></span> <span class='ocrx_word' id='word_1_58' title='bbox 933 833 1091 894; x_wconf 86' lang='lat' dir='ltr'><strong>rationalis</strong></span> <span class='ocrx_word' id='word_1_59' title='bbox 1140 830 1253 891; x_wconf 85' lang='lat' dir='ltr'><strong>scilieet</strong></span> <span class='ocrx_word' id='word_1_60' title='bbox 1261 831 1295 891; x_wconf 90' lang='lat' dir='ltr'><strong>in</strong></span> <span class='ocrx_word' id='word_1_61' title='bbox 1305 831 1426 892; x_wconf 88' lang='lat' dir='ltr'><strong>Christo</strong></span> <span class='ocrx_word' id='word_1_62' title='bbox 1435 829 1791 909; x_wconf 84' lang='lat' dir='ltr'><strong>substantiarum,quum</strong></span> <span class='ocrx_word' id='word_1_63' title='bbox 1799 829 1913 890; x_wconf 87' lang='lat' dir='ltr'><strong>trium.</strong></span> 
     </span>
     <span class='ocr_line' id='line_1_7' title="bbox 325 922 1918 1006; baseline -0.001 -23"><span class='ocrx_word' id='word_1_64' title='bbox 325 928 357 983; x_wconf 90' lang='lat' dir='ltr'><strong>et</strong></span> <span class='ocrx_word' id='word_1_65' title='bbox 379 941 462 984; x_wconf 85' lang='lat' dir='ltr'><strong>cero.</strong></span> <span class='ocrx_word' id='word_1_66' title='bbox 474 945 489 982; x_wconf 79' lang='lat' dir='ltr'><strong>o</strong></span> <span class='ocrx_word' id='word_1_67' title='bbox 505 925 565 986; x_wconf 89' lang='lat' dir='ltr'><strong>Leo</strong></span> <span class='ocrx_word' id='word_1_68' title='bbox 587 924 663 986; x_wconf 87' lang='lat' dir='ltr'><strong>item</strong></span> <span class='ocrx_word' id='word_1_69' title='bbox 683 926 764 1005; x_wconf 84' lang='lat' dir='ltr'><strong>Pepe</strong></span> <span class='ocrx_word' id='word_1_70' title='bbox 784 926 912 1006; x_wconf 90' lang='lat' dir='ltr'><strong>epistola</strong></span> <span class='ocrx_word' id='word_1_71' title='bbox 926 945 972 987; x_wconf 76' lang='lat' dir='ltr'><strong>rr.</strong></span> <span class='ocrx_word' id='word_1_72' title='bbox 990 927 1090 986; x_wconf 89' lang='lat' dir='ltr'><strong>«Ver-</strong></span> <span class='ocrx_word' id='word_1_73' title='bbox 1140 922 1184 982; x_wconf 83' lang='grc' dir='ltr'><strong>Αο</strong></span> <span class='ocrx_word' id='word_1_74' title='bbox 1199 923 1335 1001; x_wconf 90' lang='lat' dir='ltr'><strong>priorem</strong></span> <span class='ocrx_word' id='word_1_75' title='bbox 1353 923 1502 1003; x_wconf 87' lang='lat' dir='ltr'><strong>loquendi</strong></span> <span class='ocrx_word' id='word_1_76' title='bbox 1520 923 1649 983; x_wconf 91' lang='lat' dir='ltr'><strong>modum</strong></span> <span class='ocrx_word' id='word_1_77' title='bbox 1667 922 1825 1001; x_wconf 85' lang='lat' dir='ltr'><strong>tropicum</strong></span> <span class='ocrx_word' id='word_1_78' title='bbox 1847 940 1918 982; x_wconf 88' lang='lat' dir='ltr'><strong>esse</strong></span> 
     </span>
     <span class='ocr_line' id='line_1_8' title="bbox 328 1013 1917 1098; baseline 0 -23"><span class='ocrx_word' id='word_1_79' title='bbox 328 1013 414 1090; x_wconf 92' lang='lat' dir='ltr'><strong>bum,</strong></span> <span class='ocrx_word' id='word_1_80' title='bbox 430 1016 483 1088; x_wconf 84' lang='lat' dir='ltr'><strong>uit,</strong></span> <span class='ocrx_word' id='word_1_81' title='bbox 504 1022 535 1077; x_wconf 87' lang='lat' dir='ltr'><strong>et</strong></span> <span class='ocrx_word' id='word_1_82' title='bbox 557 1035 638 1093; x_wconf 88' lang='lat' dir='ltr'><strong>euro,</strong></span> <span class='ocrx_word' id='word_1_83' title='bbox 661 1025 754 1098; x_wconf 83' lang='lat' dir='ltr'><strong>atque</strong></span> <span class='ocrx_word' id='word_1_84' title='bbox 777 1021 880 1079; x_wconf 87' lang='lat' dir='ltr'><strong>anima</strong></span> <span class='ocrx_word' id='word_1_85' title='bbox 899 1037 982 1079; x_wconf 90' lang='lat' dir='ltr'><strong>unus</strong></span> <span class='ocrx_word' id='word_1_86' title='bbox 1004 1019 1092 1081; x_wconf 80' lang='lat' dir='ltr'><strong>iesus</strong></span> <span class='ocrx_word' id='word_1_87' title='bbox 1140 1013 1326 1093; x_wconf 79' lang='lat' dir='ltr'><strong>docuerunt,</strong></span> <span class='ocrx_word' id='word_1_88' title='bbox 1346 1016 1380 1075; x_wconf 92' lang='lat' dir='ltr'><strong>in</strong></span> <span class='ocrx_word' id='word_1_89' title='bbox 1400 1034 1463 1095; x_wconf 90' lang='lat' dir='ltr'><strong>quo</strong></span> <span class='ocrx_word' id='word_1_90' title='bbox 1481 1015 1532 1076; x_wconf 90' lang='lat' dir='ltr'><strong>vel</strong></span> <span class='ocrx_word' id='word_1_91' title='bbox 1551 1015 1654 1075; x_wconf 83' lang='lat' dir='ltr'><strong>anima</strong></span> <span class='ocrx_word' id='word_1_92' title='bbox 1673 1014 1748 1088; x_wconf 84' lang='lat' dir='ltr'><strong>sola,</strong></span> <span class='ocrx_word' id='word_1_93' title='bbox 1769 1014 1822 1075; x_wconf 81' lang='lat' dir='ltr'><strong>rel</strong></span> <span class='ocrx_word' id='word_1_94' title='bbox 1841 1033 1917 1075; x_wconf 89' lang='lat' dir='ltr'><strong>earo</strong></span> 
     </span>
     <span class='ocr_line' id='line_1_9' title="bbox 325 1106 1916 1190; baseline -0.001 -23"><span class='ocrx_word' id='word_1_95' title='bbox 325 1106 473 1184; x_wconf 88' lang='lat' dir='ltr'><strong>Christus,</strong></span> <span class='ocrx_word' id='word_1_96' title='bbox 489 1113 520 1169; x_wconf 90' lang='lat' dir='ltr'><strong>et</strong></span> <span class='ocrx_word' id='word_1_97' title='bbox 534 1128 616 1170; x_wconf 90' lang='lat' dir='ltr'><strong>unus</strong></span> <span class='ocrx_word' id='word_1_98' title='bbox 629 1110 684 1171; x_wconf 87' lang='lat' dir='ltr'><strong>Dei</strong></span> <span class='ocrx_word' id='word_1_99' title='bbox 693 1108 889 1190; x_wconf 86' lang='lat' dir='ltr'><strong>hominisque</strong></span> <span class='ocrx_word' id='word_1_100' title='bbox 903 1110 996 1171; x_wconf 85' lang='lat' dir='ltr'><strong>filius.</strong></span> <span class='ocrx_word' id='word_1_101' title='bbox 1012 1131 1028 1168; x_wconf 83' lang='grc' dir='ltr'><strong>ο</strong></span> <span class='ocrx_word' id='word_1_102' title='bbox 1141 1106 1321 1186; x_wconf 82' lang='lat' dir='ltr'><strong>adjungitur</strong></span> <span class='ocrx_word' id='word_1_103' title='bbox 1333 1107 1447 1175; x_wconf 89' lang='lat' dir='ltr'><strong>Verbo,</strong></span> <span class='ocrx_word' id='word_1_104' title='bbox 1459 1112 1490 1168; x_wconf 89' lang='lat' dir='ltr'><strong>et</strong></span> <span class='ocrx_word' id='word_1_105' title='bbox 1504 1111 1639 1187; x_wconf 91' lang='lat' dir='ltr'><strong>prototo</strong></span> <span class='ocrx_word' id='word_1_106' title='bbox 1648 1124 1720 1186; x_wconf 83' lang='lat' dir='ltr'><strong>pars</strong></span> <span class='ocrx_word' id='word_1_107' title='bbox 1729 1112 1916 1186; x_wconf 85' lang='lat' dir='ltr'><strong>usurpatur,</strong></span> 
     </span>
     <span class='ocr_line' id='line_1_10' title="bbox 365 1198 1917 1281; baseline 0 -23"><span class='ocrx_word' id='word_1_108' title='bbox 365 1199 538 1262; x_wconf 87' lang='lat' dir='ltr'><strong>Ferrandus</strong></span> <span class='ocrx_word' id='word_1_109' title='bbox 555 1220 679 1281; x_wconf 84' lang='lat' dir='ltr'><strong>quoque</strong></span> <span class='ocrx_word' id='word_1_110' title='bbox 693 1202 842 1263; x_wconf 82' lang='lat' dir='ltr'><strong>diaconus</strong></span> <span class='ocrx_word' id='word_1_111' title='bbox 857 1202 1010 1281; x_wconf 82' lang='lat' dir='ltr'><strong>Fulgentii</strong></span> <span class='ocrx_word' id='word_1_112' title='bbox 1030 1201 1091 1263; x_wconf 89' lang='lat' dir='ltr'><strong>dis·</strong></span> <span class='ocrx_word' id='word_1_113' title='bbox 1140 1215 1211 1276; x_wconf 81' lang='lat' dir='ltr'><strong>quae</strong></span> <span class='ocrx_word' id='word_1_114' title='bbox 1226 1205 1273 1260; x_wconf 90' lang='lat' dir='ltr'><strong>est</strong></span> <span class='ocrx_word' id='word_1_115' title='bbox 1292 1199 1483 1279; x_wconf 78' lang='lat' dir='ltr'><strong>synecdoche</strong></span> <span class='ocrx_word' id='word_1_116' title='bbox 1495 1219 1503 1259; x_wconf 76' lang='lat' dir='ltr'><em>z</em></span> <span class='ocrx_word' id='word_1_117' title='bbox 1516 1200 1557 1260; x_wconf 90' lang='lat' dir='ltr'><strong>Ut</strong></span> <span class='ocrx_word' id='word_1_118' title='bbox 1569 1217 1641 1259; x_wconf 91' lang='lat' dir='ltr'><strong>cum</strong></span> <span class='ocrx_word' id='word_1_119' title='bbox 1655 1198 1817 1277; x_wconf 78' lang='lat' dir='ltr'><strong>Scriptura</strong></span> <span class='ocrx_word' id='word_1_120' title='bbox 1827 1198 1917 1276; x_wconf 80' lang='lat' dir='ltr'><strong>dicit,</strong></span> 
     </span>
     <span class='ocr_line' id='line_1_11' title="bbox 324 1289 1919 1373; baseline -0.001 -21"><span class='ocrx_word' id='word_1_121' title='bbox 324 1290 445 1370; x_wconf 83' lang='lat' dir='ltr'><strong>cipulus</strong></span> <span class='ocrx_word' id='word_1_122' title='bbox 469 1292 502 1353; x_wconf 92' lang='lat' dir='ltr'><strong>in</strong></span> <span class='ocrx_word' id='word_1_123' title='bbox 523 1294 652 1373; x_wconf 84' lang='lat' dir='ltr'><strong>epistola</strong></span> <span class='ocrx_word' id='word_1_124' title='bbox 672 1292 712 1357; x_wconf 84' lang='lat' dir='ltr'><strong>ud</strong></span> <span class='ocrx_word' id='word_1_125' title='bbox 722 1296 860 1356; x_wconf 80' lang='lat' dir='ltr'><strong>Seuerum</strong></span> <span class='ocrx_word' id='word_1_126' title='bbox 872 1294 894 1371; x_wconf 90' lang='lat'><strong>¹,</strong></span> <span class='ocrx_word' id='word_1_127' title='bbox 914 1296 995 1355; x_wconf 76' lang='lat' dir='ltr'><strong>uilio</strong></span> <span class='ocrx_word' id='word_1_128' title='bbox 1017 1313 1092 1355; x_wconf 88' lang='lat' dir='ltr'><strong>vero</strong></span> <span class='ocrx_word' id='word_1_129' title='bbox 1150 1289 1270 1350; x_wconf 82' lang='lat' dir='ltr'><strong>Verbum</strong></span> <span class='ocrx_word' id='word_1_130' title='bbox 1286 1310 1353 1352; x_wconf 86' lang='lat' dir='ltr'><strong>earo</strong></span> <span class='ocrx_word' id='word_1_131' title='bbox 1370 1291 1550 1370; x_wconf 72' lang='lat' dir='ltr'><strong>factumest.</strong></span> <span class='ocrx_word' id='word_1_132' title='bbox 1570 1290 1681 1351; x_wconf 80' lang='lat' dir='ltr'><strong>Statim</strong></span> <span class='ocrx_word' id='word_1_133' title='bbox 1705 1292 1793 1351; x_wconf 88' lang='lat' dir='ltr'><strong>enim</strong></span> <span class='ocrx_word' id='word_1_134' title='bbox 1815 1290 1919 1351; x_wconf 80' lang='lat' dir='ltr'><strong>altera</strong></span> 
     </span>
     <span class='ocr_line' id='line_1_12' title="bbox 324 1378 1918 1465; baseline 0.004 -22"><span class='ocrx_word' id='word_1_135' title='bbox 324 1382 350 1443; x_wconf 91' lang='lat' dir='ltr'><strong>si</strong></span> <span class='ocrx_word' id='word_1_136' title='bbox 363 1385 512 1463; x_wconf 81' lang='lat' dir='ltr'><strong>requires,</strong></span> <span class='ocrx_word' id='word_1_137' title='bbox 527 1389 581 1461; x_wconf 89' lang='lat' dir='ltr'><strong>ait,</strong></span> <span class='ocrx_word' id='word_1_138' title='bbox 597 1387 672 1465; x_wconf 89' lang='lat' dir='ltr'><strong>quid</strong></span> <span class='ocrx_word' id='word_1_139' title='bbox 686 1392 731 1448; x_wconf 89' lang='lat' dir='ltr'><strong>est</strong></span> <span class='ocrx_word' id='word_1_140' title='bbox 742 1392 844 1448; x_wconf 90' lang='lat' dir='ltr'><strong>totum</strong></span> <span class='ocrx_word' id='word_1_141' title='bbox 860 1387 1017 1459; x_wconf 89' lang='lat' dir='ltr'><strong>Christus;</strong></span> <span class='ocrx_word' id='word_1_142' title='bbox 1032 1405 1094 1448; x_wconf 89' lang='lat' dir='ltr'><strong>res·</strong></span> <span class='ocrx_word' id='word_1_143' title='bbox 1141 1398 1212 1440; x_wconf 74' lang='lat' dir='ltr'><strong>cum</strong></span> <span class='ocrx_word' id='word_1_144' title='bbox 1227 1397 1273 1447; x_wconf 78' lang='lat' dir='ltr'><strong>ss.</strong></span> <span class='ocrx_word' id='word_1_145' title='bbox 1288 1399 1358 1460; x_wconf 77' lang='lat' dir='ltr'><strong>quoe</strong></span> <span class='ocrx_word' id='word_1_146' title='bbox 1372 1388 1417 1442; x_wconf 74' lang='lat' dir='ltr'><strong>ssi</strong></span> <span class='ocrx_word' id='word_1_147' title='bbox 1431 1398 1584 1461; x_wconf 66' lang='lat' dir='ltr'><strong>exprssss.</strong></span> <span class='ocrx_word' id='word_1_148' title='bbox 1599 1381 1692 1440; x_wconf 70' lang='lat' dir='ltr'><strong>idssiifl</strong></span> <span class='ocrx_word' id='word_1_149' title='bbox 1710 1398 1784 1459; x_wconf 71' lang='lat' dir='ltr'><strong>psts</strong></span> <span class='ocrx_word' id='word_1_150' title='bbox 1796 1378 1918 1441; x_wconf 71' lang='lat' dir='ltr'><strong>inlelli-</strong></span> 
     </span>
     <span class='ocr_line' id='line_1_13' title="bbox 324 1472 1917 1555; baseline -0.001 -21"><span class='ocrx_word' id='word_1_151' title='bbox 324 1476 455 1554; x_wconf 87' lang='lat' dir='ltr'><strong>pondeo,</strong></span> <span class='ocrx_word' id='word_1_152' title='bbox 481 1477 622 1538; x_wconf 89' lang='lat' dir='ltr'><strong>Verbum</strong></span> <span class='ocrx_word' id='word_1_153' title='bbox 647 1478 712 1551; x_wconf 86' lang='lat' dir='ltr'><strong>Dei,</strong></span> <span class='ocrx_word' id='word_1_154' title='bbox 739 1480 843 1540; x_wconf 82' lang='lat' dir='ltr'><strong>enims</strong></span> <span class='ocrx_word' id='word_1_155' title='bbox 866 1479 1037 1555; x_wconf 84' lang='lat' dir='ltr'><strong>rationalis,</strong></span> <span class='ocrx_word' id='word_1_156' title='bbox 1062 1485 1093 1540; x_wconf 88' lang='lat' dir='ltr'><strong>et</strong></span> <span class='ocrx_word' id='word_1_157' title='bbox 1142 1473 1238 1547; x_wconf 76' lang='lat' dir='ltr'><strong>gitur.</strong></span> <span class='ocrx_word' id='word_1_158' title='bbox 1254 1474 1332 1534; x_wconf 90' lang='lat' dir='ltr'><strong>Cum</strong></span> <span class='ocrx_word' id='word_1_159' title='bbox 1345 1478 1451 1534; x_wconf 88' lang='lat' dir='ltr'><strong>sutem</strong></span> <span class='ocrx_word' id='word_1_160' title='bbox 1469 1491 1563 1532; x_wconf 80' lang='lat' dir='ltr'><strong>«non</strong></span> <span class='ocrx_word' id='word_1_161' title='bbox 1574 1472 1705 1552; x_wconf 87' lang='lat' dir='ltr'><strong>tropice,</strong></span> <span class='ocrx_word' id='word_1_162' title='bbox 1718 1473 1773 1533; x_wconf 90' lang='lat' dir='ltr'><strong>sed</strong></span> <span class='ocrx_word' id='word_1_163' title='bbox 1784 1473 1917 1552; x_wconf 87' lang='lat' dir='ltr'><strong>proprie</strong></span> 
     </span>
     <span class='ocr_line' id='line_1_14' title="bbox 324 1565 1917 1644; baseline -0.002 -17"><span class='ocrx_word' id='word_1_164' title='bbox 324 1584 406 1626; x_wconf 83' lang='lat' dir='ltr'><strong>cero.</strong></span> <span class='ocrx_word' id='word_1_165' title='bbox 437 1566 509 1629; x_wconf 84' lang='lat' dir='ltr'><strong>Sive</strong></span> <span class='ocrx_word' id='word_1_166' title='bbox 532 1570 616 1630; x_wconf 88' lang='lat' dir='ltr'><strong>enim</strong></span> <span class='ocrx_word' id='word_1_167' title='bbox 642 1570 782 1631; x_wconf 85' lang='lat' dir='ltr'><strong>Verbum</strong></span> <span class='ocrx_word' id='word_1_168' title='bbox 810 1570 904 1642; x_wconf 79' lang='lat' dir='ltr'><strong>dieas,</strong></span> <span class='ocrx_word' id='word_1_169' title='bbox 933 1576 1017 1632; x_wconf 82' lang='lat' dir='ltr'><strong>totus</strong></span> <span class='ocrx_word' id='word_1_170' title='bbox 1044 1578 1092 1633; x_wconf 75' lang='lat' dir='ltr'><strong>est</strong></span> <span class='ocrx_word' id='word_1_171' title='bbox 1141 1566 1250 1626; x_wconf 87' lang='lat' dir='ltr'><strong>Patres</strong></span> <span class='ocrx_word' id='word_1_172' title='bbox 1263 1565 1423 1626; x_wconf 90' lang='lat' dir='ltr'><strong>hominem</strong></span> <span class='ocrx_word' id='word_1_173' title='bbox 1444 1570 1547 1626; x_wconf 92' lang='lat' dir='ltr'><strong>totum</strong></span> <span class='ocrx_word' id='word_1_174' title='bbox 1560 1584 1579 1625; x_wconf 83' lang='lat' dir='ltr'>a</span> <span class='ocrx_word' id='word_1_175' title='bbox 1593 1565 1711 1625; x_wconf 85' lang='lat' dir='ltr'><strong>Christo</strong></span> <span class='ocrx_word' id='word_1_176' title='bbox 1732 1570 1917 1644; x_wconf 88' lang='lat' dir='ltr'><strong>susceptum</strong></span> 
     </span>
     <span class='ocr_line' id='line_1_15' title="bbox 325 1656 1918 1737; baseline 0.001 -20"><span class='ocrx_word' id='word_1_177' title='bbox 325 1657 480 1735; x_wconf 88' lang='lat' dir='ltr'><strong>Christus;</strong></span> <span class='ocrx_word' id='word_1_178' title='bbox 498 1661 630 1721; x_wconf 86' lang='lat' dir='ltr'><strong>sednon</strong></span> <span class='ocrx_word' id='word_1_179' title='bbox 652 1666 764 1737; x_wconf 87' lang='lat' dir='ltr'><strong>totum,</strong></span> <span class='ocrx_word' id='word_1_180' title='bbox 786 1663 846 1722; x_wconf 91' lang='lat' dir='ltr'><strong>nisi</strong></span> <span class='ocrx_word' id='word_1_181' title='bbox 864 1663 1010 1725; x_wconf 86' lang='lat' dir='ltr'><strong>adhibeas</strong></span> <span class='ocrx_word' id='word_1_182' title='bbox 1024 1660 1092 1724; x_wconf 86' lang='lat' dir='ltr'><strong>ani·</strong></span> <span class='ocrx_word' id='word_1_183' title='bbox 1141 1674 1206 1718; x_wconf 85' lang='lat' dir='ltr'><strong>esse</strong></span> <span class='ocrx_word' id='word_1_184' title='bbox 1239 1656 1385 1726; x_wconf 86' lang='lat' dir='ltr'><strong>fetentur,</strong></span> <span class='ocrx_word' id='word_1_185' title='bbox 1402 1679 1418 1715; x_wconf 79' lang='grc' dir='ltr'><strong>ο</strong></span> <span class='ocrx_word' id='word_1_186' title='bbox 1442 1663 1609 1736; x_wconf 88' lang='lat' dir='ltr'><strong>utramque</strong></span> <span class='ocrx_word' id='word_1_187' title='bbox 1643 1663 1765 1736; x_wconf 82' lang='lat' dir='ltr'><strong>purtem</strong></span> <span class='ocrx_word' id='word_1_188' title='bbox 1799 1656 1918 1718; x_wconf 85' lang='lat' dir='ltr'><strong>diserte</strong></span> 
     </span>
     <span class='ocr_line' id='line_1_16' title="bbox 324 1748 1918 1835; baseline 0.003 -26"><span class='ocrx_word' id='word_1_189' title='bbox 324 1767 409 1811; x_wconf 89' lang='lat' dir='ltr'><strong>mam</strong></span> <span class='ocrx_word' id='word_1_190' title='bbox 429 1752 623 1829; x_wconf 85' lang='lat' dir='ltr'><strong>rationalem,</strong></span> <span class='ocrx_word' id='word_1_191' title='bbox 653 1760 684 1814; x_wconf 88' lang='lat' dir='ltr'><strong>et</strong></span> <span class='ocrx_word' id='word_1_192' title='bbox 707 1771 829 1835; x_wconf 83' lang='lat' dir='ltr'><strong>eorpus.</strong></span> <span class='ocrx_word' id='word_1_193' title='bbox 855 1755 927 1816; x_wconf 84' lang='lat' dir='ltr'><strong>Sive</strong></span> <span class='ocrx_word' id='word_1_194' title='bbox 953 1757 1092 1817; x_wconf 81' lang='lat' dir='ltr'><strong>animem</strong></span> <span class='ocrx_word' id='word_1_195' title='bbox 1142 1749 1305 1810; x_wconf 86' lang='lat' dir='ltr'><strong>nominare</strong></span> <span class='ocrx_word' id='word_1_196' title='bbox 1327 1754 1478 1810; x_wconf 61' lang='lat' dir='ltr'><strong>merent</strong></span> <span class='ocrx_word' id='word_1_197' title='bbox 1506 1749 1647 1828; x_wconf 72' lang='lat' dir='ltr'><strong>lienique</strong></span> <span class='ocrx_word' id='word_1_198' title='bbox 1667 1766 1705 1810; x_wconf 82' lang='lat' dir='ltr'><strong>ex</strong></span> <span class='ocrx_word' id='word_1_199' title='bbox 1728 1748 1855 1809; x_wconf 85' lang='lat' dir='ltr'><strong>duobus</strong></span> <span class='ocrx_word' id='word_1_200' title='bbox 1878 1748 1918 1810; x_wconf 89' lang='lat' dir='ltr'><strong>iis</strong></span> 
     </span>
     <span class='ocr_line' id='line_1_17' title="bbox 323 1840 1915 1921; baseline 0.008 -20"><span class='ocrx_word' id='word_1_201' title='bbox 323 1842 507 1905; x_wconf 81' lang='lat' dir='ltr'><strong>rationalem</strong></span> <span class='ocrx_word' id='word_1_202' title='bbox 522 1845 615 1920; x_wconf 78' lang='lat' dir='ltr'><strong>dices,</strong></span> <span class='ocrx_word' id='word_1_203' title='bbox 630 1850 715 1906; x_wconf 87' lang='lat' dir='ltr'><strong>totus</strong></span> <span class='ocrx_word' id='word_1_204' title='bbox 729 1852 775 1907; x_wconf 91' lang='lat' dir='ltr'><strong>est</strong></span> <span class='ocrx_word' id='word_1_205' title='bbox 793 1846 943 1921; x_wconf 87' lang='lat' dir='ltr'><strong>Christus,</strong></span> <span class='ocrx_word' id='word_1_206' title='bbox 960 1850 1092 1910; x_wconf 89' lang='lat' dir='ltr'><strong>sednon</strong></span> <span class='ocrx_word' id='word_1_207' title='bbox 1141 1840 1288 1921; x_wconf 79' lang='lat' dir='ltr'><strong>lsqtlsssdi</strong></span> <span class='ocrx_word' id='word_1_208' title='bbox 1306 1841 1417 1914; x_wconf 69' lang='lat' dir='ltr'><strong>msdis</strong></span> <span class='ocrx_word' id='word_1_209' title='bbox 1432 1842 1503 1902; x_wconf 67' lang='lat' dir='ltr'><strong>lissi</strong></span> <span class='ocrx_word' id='word_1_210' title='bbox 1521 1847 1631 1902; x_wconf 69' lang='lat' dir='ltr'><strong>ssslliffl&#39;</strong></span> <span class='ocrx_word' id='word_1_211' title='bbox 1649 1841 1767 1921; x_wconf 62' lang='lat' dir='ltr'><strong>culpati</strong></span> <span class='ocrx_word' id='word_1_212' title='bbox 1786 1840 1915 1916; x_wconf 67' lang='lat' dir='ltr'><strong>debeat.</strong></span> 
     </span>
     <span class='ocr_line' id='line_1_18' title="bbox 323 1933 1915 2013; baseline -0.001 -19"><span class='ocrx_word' id='word_1_213' title='bbox 323 1937 437 2011; x_wconf 91' lang='lat' dir='ltr'><strong>totum,</strong></span> <span class='ocrx_word' id='word_1_214' title='bbox 461 1936 520 1996; x_wconf 90' lang='lat' dir='ltr'><strong>nisi</strong></span> <span class='ocrx_word' id='word_1_215' title='bbox 548 1937 695 1999; x_wconf 78' lang='lat' dir='ltr'><strong>adhibeas</strong></span> <span class='ocrx_word' id='word_1_216' title='bbox 720 1938 868 2013; x_wconf 84' lang='lat' dir='ltr'><strong>Verbum,</strong></span> <span class='ocrx_word' id='word_1_217' title='bbox 894 1947 924 2001; x_wconf 89' lang='lat' dir='ltr'><strong>et</strong></span> <span class='ocrx_word' id='word_1_218' title='bbox 952 1960 1088 2004; x_wconf 80' lang='lat' dir='ltr'><strong>carnem.</strong></span> <span class='ocrx_word' id='word_1_219' title='bbox 1141 1933 1342 2013; x_wconf 78' lang='lat' dir='ltr'><strong>posteriorem</strong></span> <span class='ocrx_word' id='word_1_220' title='bbox 1381 1933 1611 2013; x_wconf 74' lang='lat' dir='ltr'><strong>preferendum</strong></span> <span class='ocrx_word' id='word_1_221' title='bbox 1649 1951 1714 1995; x_wconf 87' lang='lat' dir='ltr'><strong>esse</strong></span> <span class='ocrx_word' id='word_1_222' title='bbox 1757 1933 1915 1993; x_wconf 76' lang='lat' dir='ltr'><strong>sentiunt</strong></span> 
     </span>
     <span class='ocr_line' id='line_1_19' title="bbox 325 2025 1916 2106; baseline 0 -20"><span class='ocrx_word' id='word_1_223' title='bbox 325 2025 397 2088; x_wconf 82' lang='lat' dir='ltr'><strong>Sive</strong></span> <span class='ocrx_word' id='word_1_224' title='bbox 410 2045 536 2089; x_wconf 87' lang='lat' dir='ltr'><strong>carnem</strong></span> <span class='ocrx_word' id='word_1_225' title='bbox 549 2029 734 2106; x_wconf 81' lang='lat' dir='ltr'><strong>dioes,totus</strong></span> <span class='ocrx_word' id='word_1_226' title='bbox 748 2036 794 2092; x_wconf 86' lang='lat' dir='ltr'><strong>est</strong></span> <span class='ocrx_word' id='word_1_227' title='bbox 807 2031 953 2101; x_wconf 89' lang='lat' dir='ltr'><strong>Christus,</strong></span> <span class='ocrx_word' id='word_1_228' title='bbox 966 2033 1092 2095; x_wconf 86' lang='lat' dir='ltr'><strong>sednon</strong></span> <span class='ocrx_word' id='word_1_229' title='bbox 1142 2025 1244 2086; x_wconf 79' lang='lat' dir='ltr'><strong>Potest</strong></span> <span class='ocrx_word' id='word_1_230' title='bbox 1256 2026 1340 2087; x_wconf 88' lang='lat' dir='ltr'><strong>euim</strong></span> <span class='ocrx_word' id='word_1_231' title='bbox 1354 2026 1525 2106; x_wconf 86' lang='lat' dir='ltr'><strong>subpriore</strong></span> <span class='ocrx_word' id='word_1_232' title='bbox 1536 2026 1631 2088; x_wconf 85' lang='lat' dir='ltr'><strong>latere</strong></span> <span class='ocrx_word' id='word_1_233' title='bbox 1645 2025 1734 2086; x_wconf 90' lang='lat' dir='ltr'><strong>dolus</strong></span> <span class='ocrx_word' id='word_1_234' title='bbox 1747 2025 1916 2104; x_wconf 76' lang='lat' dir='ltr'><strong>Apollina-</strong></span> 
     </span>
     <span class='ocr_line' id='line_1_20' title="bbox 323 2117 1917 2198; baseline 0.006 -20"><span class='ocrx_word' id='word_1_235' title='bbox 323 2121 438 2195; x_wconf 88' lang='lat' dir='ltr'><strong>totum,</strong></span> <span class='ocrx_word' id='word_1_236' title='bbox 465 2120 524 2181; x_wconf 80' lang='lat' dir='ltr'><strong>nisi</strong></span> <span class='ocrx_word' id='word_1_237' title='bbox 551 2121 698 2183; x_wconf 80' lang='lat' dir='ltr'><strong>adhibeas</strong></span> <span class='ocrx_word' id='word_1_238' title='bbox 720 2122 873 2198; x_wconf 80' lang='lat' dir='ltr'><strong>Verbum,</strong></span> <span class='ocrx_word' id='word_1_239' title='bbox 898 2130 930 2186; x_wconf 84' lang='lat' dir='ltr'><strong>et</strong></span> <span class='ocrx_word' id='word_1_240' title='bbox 955 2126 1092 2187; x_wconf 81' lang='lat' dir='ltr'><strong>animum</strong></span> <span class='ocrx_word' id='word_1_241' title='bbox 1142 2117 1299 2195; x_wconf 74' lang='lat' dir='ltr'><strong>risurum,</strong></span> <span class='ocrx_word' id='word_1_242' title='bbox 1324 2119 1374 2178; x_wconf 78' lang='lat' dir='ltr'><strong>vet</strong></span> <span class='ocrx_word' id='word_1_243' title='bbox 1398 2118 1605 2194; x_wconf 64' lang='lat' dir='ltr'><strong>Asianorum</strong></span> <span class='ocrx_word' id='word_1_244' title='bbox 1621 2118 1676 2197; x_wconf 78' lang='lat' dir='ltr'><strong>qui</strong></span> <span class='ocrx_word' id='word_1_245' title='bbox 1697 2118 1777 2179; x_wconf 86' lang='lat' dir='ltr'><strong>nihil</strong></span> <span class='ocrx_word' id='word_1_246' title='bbox 1799 2123 1917 2196; x_wconf 76' lang='lat' dir='ltr'><strong>preter</strong></span> 
     </span>
     <span class='ocr_line' id='line_1_21' title="bbox 323 2210 1916 2290; baseline 0.003 -21"><span class='ocrx_word' id='word_1_247' title='bbox 323 2210 546 2275; x_wconf 77' lang='lat' dir='ltr'><strong>rationalem.»</strong></span> <span class='ocrx_word' id='word_1_248' title='bbox 1142 2229 1268 2271; x_wconf 82' lang='lat' dir='ltr'><strong>curnem</strong></span> <span class='ocrx_word' id='word_1_249' title='bbox 1304 2216 1360 2271; x_wconf 82' lang='lat' dir='ltr'><strong>eut</strong></span> <span class='ocrx_word' id='word_1_250' title='bbox 1398 2211 1578 2272; x_wconf 89' lang='lat' dir='ltr'><strong>inferiorem</strong></span> <span class='ocrx_word' id='word_1_251' title='bbox 1619 2210 1731 2271; x_wconf 78' lang='lat' dir='ltr'><strong>animm</strong></span> <span class='ocrx_word' id='word_1_252' title='bbox 1776 2216 1916 2290; x_wconf 82' lang='lat' dir='ltr'><strong>partem.</strong></span> 
     </span>
     <span class='ocr_line' id='line_1_22' title="bbox 364 2287 1916 2389; baseline 0.006 -28"><span class='ocrx_word' id='word_1_253' title='bbox 364 2301 481 2364; x_wconf 85' lang='lat' dir='ltr'><strong>Rursus</strong></span> <span class='ocrx_word' id='word_1_254' title='bbox 493 2287 704 2368; x_wconf 79' lang='lat' dir='ltr'><strong>Theodoretus</strong></span> <span class='ocrx_word' id='word_1_255' title='bbox 720 2308 754 2368; x_wconf 92' lang='lat' dir='ltr'><strong>in</strong></span> <span class='ocrx_word' id='word_1_256' title='bbox 773 2308 881 2389; x_wconf 88' lang='lat' dir='ltr'><strong>quinto</strong></span> <span class='ocrx_word' id='word_1_257' title='bbox 894 2308 975 2370; x_wconf 91' lang='lat' dir='ltr'><strong>libro</strong></span> <span class='ocrx_word' id='word_1_258' title='bbox 1000 2308 1091 2371; x_wconf 78' lang='lat' dir='ltr'><strong>dcere·</strong></span> <span class='ocrx_word' id='word_1_259' title='bbox 1142 2302 1340 2382; x_wconf 67' lang='lat' dir='ltr'><strong>assumpsisse</strong></span> <span class='ocrx_word' id='word_1_260' title='bbox 1353 2306 1465 2381; x_wconf 67' lang='lat' dir='ltr'><strong>pulsnt</strong></span> <span class='ocrx_word' id='word_1_261' title='bbox 1478 2302 1533 2364; x_wconf 76' lang='lat' dir='ltr'><strong>Dei</strong></span> <span class='ocrx_word' id='word_1_262' title='bbox 1552 2302 1664 2364; x_wconf 82' lang='lat' dir='ltr'><strong>filium·</strong></span> <span class='ocrx_word' id='word_1_263' title='bbox 1684 2303 1750 2362; x_wconf 75' lang='lat' dir='ltr'><strong>«in</strong></span> <span class='ocrx_word' id='word_1_264' title='bbox 1763 2302 1822 2364; x_wconf 70' lang='lat' dir='ltr'><strong>hac</strong></span> <span class='ocrx_word' id='word_1_265' title='bbox 1838 2321 1916 2364; x_wconf 78' lang='lat' dir='ltr'><strong>vero</strong></span> 
     </span>
     <span class='ocr_line' id='line_1_23' title="bbox 324 2392 1917 2481; baseline 0.001 -27"><span class='ocrx_word' id='word_1_266' title='bbox 324 2392 450 2456; x_wconf 75' lang='lat' dir='ltr'><strong>ticamm</strong></span> <span class='ocrx_word' id='word_1_267' title='bbox 470 2394 664 2477; x_wconf 77' lang='lat' dir='ltr'><strong>sedulorum,</strong></span> <span class='ocrx_word' id='word_1_268' title='bbox 690 2421 705 2457; x_wconf 83' lang='lat' dir='ltr'><strong>u</strong></span> <span class='ocrx_word' id='word_1_269' title='bbox 728 2400 869 2462; x_wconf 77' lang='lat' dir='ltr'><strong>Verbum</strong></span> <span class='ocrx_word' id='word_1_270' title='bbox 893 2401 1091 2481; x_wconf 72' lang='lat' dir='ltr'><strong>assumpsisse</strong></span> <span class='ocrx_word' id='word_1_271' title='bbox 1141 2400 1247 2455; x_wconf 88' lang='lat' dir='ltr'><strong>nostra</strong></span> <span class='ocrx_word' id='word_1_272' title='bbox 1260 2393 1448 2474; x_wconf 81' lang='lat' dir='ltr'><strong>professione</strong></span> <span class='ocrx_word' id='word_1_273' title='bbox 1462 2394 1550 2455; x_wconf 87' lang='lat' dir='ltr'><strong>aiunt</strong></span> <span class='ocrx_word' id='word_1_274' title='bbox 1564 2395 1693 2474; x_wconf 80' lang='lat' dir='ltr'><strong>Hispani</strong></span> <span class='ocrx_word' id='word_1_275' title='bbox 1705 2393 1843 2475; x_wconf 74' lang='lat' dir='ltr'><strong>episcopi</strong></span> <span class='ocrx_word' id='word_1_276' title='bbox 1858 2394 1917 2456; x_wconf 91' lang='lat' dir='ltr'><strong>ubi</strong></span> 
     </span>
     <span class='ocr_line' id='line_1_24' title="bbox 278 2485 1918 2573; baseline 0.005 -28"><span class='ocrx_word' id='word_1_277' title='bbox 278 2492 281 2498; x_wconf 74' lang='grc'>“</span> <span class='ocrx_word' id='word_1_278' title='bbox 323 2485 822 2566; x_wconf 84' lang='lat' dir='ltr'><strong>uiteorpus,etanimemretioue</strong></span> <span class='ocrx_word' id='word_1_279' title='bbox 835 2494 1092 2573; x_wconf 83' lang='lat' dir='ltr'><strong>praeditam.Non</strong></span> <span class='ocrx_word' id='word_1_280' title='bbox 1142 2486 1301 2565; x_wconf 78' lang='lat' dir='ltr'><strong>proemisss</strong></span> <span class='ocrx_word' id='word_1_281' title='bbox 1319 2486 1415 2547; x_wconf 84' lang='lat' dir='ltr'><strong>Verbi</strong></span> <span class='ocrx_word' id='word_1_282' title='bbox 1435 2485 1617 2563; x_wconf 76' lang='lat' dir='ltr'><strong>substantia,</strong></span> <span class='ocrx_word' id='word_1_283' title='bbox 1641 2485 1813 2566; x_wconf 73' lang='lat' dir='ltr'><strong>specialiter</strong></span> <span class='ocrx_word' id='word_1_284' title='bbox 1835 2488 1918 2549; x_wconf 78' lang='lat' dir='ltr'><strong>duas</strong></span> 
     </span>
     <span class='ocr_line' id='line_1_25' title="bbox 323 2577 1918 2665; baseline 0.001 -27"><span class='ocrx_word' id='word_1_285' title='bbox 323 2577 407 2638; x_wconf 90' lang='lat' dir='ltr'><strong>enim</strong></span> <span class='ocrx_word' id='word_1_286' title='bbox 419 2580 569 2641; x_wconf 76' lang='lat' dir='ltr'><strong>iniurium</strong></span> <span class='ocrx_word' id='word_1_287' title='bbox 589 2583 750 2645; x_wconf 84' lang='lat' dir='ltr'><strong>hominem</strong></span> <span class='ocrx_word' id='word_1_288' title='bbox 771 2585 928 2665; x_wconf 77' lang='lat' dir='ltr'><strong>Scriptura</strong></span> <span class='ocrx_word' id='word_1_289' title='bbox 945 2585 1089 2665; x_wconf 64' lang='lat' dir='ltr'><strong>partitur,</strong></span> <span class='ocrx_word' id='word_1_290' title='bbox 1142 2578 1279 2638; x_wconf 92' lang='lat' dir='ltr'><strong>hominis</strong></span> <span class='ocrx_word' id='word_1_291' title='bbox 1297 2578 1414 2638; x_wconf 86' lang='lat' dir='ltr'><strong>inune</strong></span> <span class='ocrx_word' id='word_1_292' title='bbox 1436 2578 1547 2638; x_wconf 83' lang='lat' dir='ltr'><strong>Christi</strong></span> <span class='ocrx_word' id='word_1_293' title='bbox 1571 2595 1704 2658; x_wconf 84' lang='lat' dir='ltr'><strong>persone</strong></span> <span class='ocrx_word' id='word_1_294' title='bbox 1724 2578 1918 2640; x_wconf 79' lang='lat' dir='ltr'><strong>substantias</strong></span> 
     </span>
     <span class='ocr_line' id='line_1_26' title="bbox 322 2669 1919 2754; baseline 0.001 -25"><span class='ocrx_word' id='word_1_295' title='bbox 322 2669 376 2730; x_wconf 91' lang='lat' dir='ltr'><strong>sed</strong></span> <span class='ocrx_word' id='word_1_296' title='bbox 396 2688 435 2731; x_wconf 86' lang='lat' dir='ltr'><strong>ex</strong></span> <span class='ocrx_word' id='word_1_297' title='bbox 458 2671 563 2733; x_wconf 81' lang='lat' dir='ltr'><strong>anima</strong></span> <span class='ocrx_word' id='word_1_298' title='bbox 576 2679 607 2733; x_wconf 91' lang='lat' dir='ltr'><strong>et</strong></span> <span class='ocrx_word' id='word_1_299' title='bbox 620 2692 748 2754; x_wconf 76' lang='lat' dir='ltr'><strong>corpore</strong></span> <span class='ocrx_word' id='word_1_300' title='bbox 772 2676 888 2737; x_wconf 73' lang='lat' dir='ltr'><strong>animal</strong></span> <span class='ocrx_word' id='word_1_301' title='bbox 909 2677 993 2737; x_wconf 79' lang='lat' dir='ltr'><strong>istud</strong></span> <span class='ocrx_word' id='word_1_302' title='bbox 1017 2694 1091 2738; x_wconf 88' lang='lat' dir='ltr'><strong>oon-</strong></span> <span class='ocrx_word' id='word_1_303' title='bbox 1142 2670 1336 2748; x_wconf 87' lang='lat' dir='ltr'><strong>profitemur,</strong></span> <span class='ocrx_word' id='word_1_304' title='bbox 1353 2670 1568 2749; x_wconf 86' lang='lat' dir='ltr'><strong>nulluspotest</strong></span> <span class='ocrx_word' id='word_1_305' title='bbox 1582 2669 1731 2742; x_wconf 80' lang='lat' dir='ltr'><strong>accidere,</strong></span> <span class='ocrx_word' id='word_1_306' title='bbox 1746 2670 1797 2731; x_wconf 86' lang='lat' dir='ltr'><strong>vel</strong></span> <span class='ocrx_word' id='word_1_307' title='bbox 1813 2671 1919 2751; x_wconf 91' lang='lat' dir='ltr'><strong>suspi-</strong></span> 
     </span>
     <span class='ocr_line' id='line_1_27' title="bbox 322 2761 1917 2848; baseline 0.002 -27"><span class='ocrx_word' id='word_1_308' title='bbox 322 2765 403 2821; x_wconf 83' lang='lat' dir='ltr'><strong>sture</strong></span> <span class='ocrx_word' id='word_1_309' title='bbox 432 2762 504 2824; x_wconf 90' lang='lat' dir='ltr'><strong>dieit</strong></span> <span class='ocrx_word' id='word_1_310' title='bbox 517 2772 541 2824; x_wconf 60' lang='grc' dir='ltr'><strong>α.</strong></span> <span class='ocrx_word' id='word_1_311' title='bbox 562 2784 578 2822; x_wconf 79' lang='grc' dir='ltr'><strong>ο</strong></span> <span class='ocrx_word' id='word_1_312' title='bbox 596 2765 682 2838; x_wconf 81' lang='lat' dir='ltr'><strong>Quod</strong></span> <span class='ocrx_word' id='word_1_313' title='bbox 698 2765 845 2827; x_wconf 82' lang='lat' dir='ltr'><strong>adversus</strong></span> <span class='ocrx_word' id='word_1_314' title='bbox 859 2768 1094 2848; x_wconf 73' lang='lat' dir='ltr'><strong>Apollinaristss</strong></span> <span class='ocrx_word' id='word_1_315' title='bbox 1142 2761 1206 2822; x_wconf 88' lang='lat' dir='ltr'><strong>cari</strong></span> <span class='ocrx_word' id='word_1_316' title='bbox 1219 2762 1435 2824; x_wconf 81' lang='lat' dir='ltr'><strong>fraudulentius</strong></span> <span class='ocrx_word' id='word_1_317' title='bbox 1448 2762 1538 2823; x_wconf 89' lang='lat' dir='ltr'><strong>dolus</strong></span> <span class='ocrx_word' id='word_1_318' title='bbox 1551 2782 1559 2823; x_wconf 76' lang='lat' dir='ltr'><strong><em>z</em></strong></span> <span class='ocrx_word' id='word_1_319' title='bbox 1570 2763 1695 2842; x_wconf 81' lang='lat' dir='ltr'><strong>quando</strong></span> <span class='ocrx_word' id='word_1_320' title='bbox 1705 2763 1869 2824; x_wconf 86' lang='lat' dir='ltr'><strong>evidenter</strong></span> <span class='ocrx_word' id='word_1_321' title='bbox 1881 2763 1917 2824; x_wconf 92' lang='lat' dir='ltr'><strong>in</strong></span> 
     </span>
     <span class='ocr_line' id='line_1_28' title="bbox 322 2853 1913 2938; baseline 0.006 -25"><span class='ocrx_word' id='word_1_322' title='bbox 322 2853 472 2932; x_wconf 87' lang='lat' dir='ltr'><strong>seriptum</strong></span> <span class='ocrx_word' id='word_1_323' title='bbox 492 2860 570 2916; x_wconf 84' lang='lat' dir='ltr'><strong>estu</strong></span> <span class='ocrx_word' id='word_1_324' title='bbox 587 2856 800 2935; x_wconf 91' lang='lat' dir='ltr'><strong>Theodoreto;</strong></span> <span class='ocrx_word' id='word_1_325' title='bbox 817 2862 869 2938; x_wconf 92' lang='lat' dir='ltr'><strong>qui</strong></span> <span class='ocrx_word' id='word_1_326' title='bbox 893 2867 1031 2922; x_wconf 88' lang='lat' dir='ltr'><strong>mentem</strong></span> <span class='ocrx_word' id='word_1_327' title='bbox 1053 2861 1093 2922; x_wconf 89' lang='lat' dir='ltr'><strong>ab</strong></span> <span class='ocrx_word' id='word_1_328' title='bbox 1145 2854 1205 2914; x_wconf 74' lang='lat' dir='ltr'><strong>Deo</strong></span> <span class='ocrx_word' id='word_1_329' title='bbox 1227 2859 1403 2934; x_wconf 71' lang='lat' dir='ltr'><strong>assumptus</strong></span> <span class='ocrx_word' id='word_1_330' title='bbox 1436 2853 1622 2933; x_wconf 76' lang='lat' dir='ltr'><strong>praediceiur</strong></span> <span class='ocrx_word' id='word_1_331' title='bbox 1655 2854 1751 2915; x_wconf 76' lang='lat' dir='ltr'><strong>homo</strong></span> <span class='ocrx_word' id='word_1_332' title='bbox 1784 2860 1913 2915; x_wconf 76' lang='lat' dir='ltr'><strong>totus.»</strong></span> 
     </span>
     <span class='ocr_line' id='line_1_29' title="bbox 322 2945 1917 3031; baseline 0.014 -26"><span class='ocrx_word' id='word_1_333' title='bbox 322 2945 428 3006; x_wconf 84' lang='lat' dir='ltr'><strong>anime</strong></span> <span class='ocrx_word' id='word_1_334' title='bbox 461 2952 647 3027; x_wconf 86' lang='lat' dir='ltr'><strong>separantes,</strong></span> <span class='ocrx_word' id='word_1_335' title='bbox 681 2954 743 3010; x_wconf 91' lang='lat' dir='ltr'><strong>tres</strong></span> <span class='ocrx_word' id='word_1_336' title='bbox 768 2950 802 3010; x_wconf 90' lang='lat' dir='ltr'><strong>in</strong></span> <span class='ocrx_word' id='word_1_337' title='bbox 827 2950 959 3013; x_wconf 90' lang='lat' dir='ltr'><strong>homine</strong></span> <span class='ocrx_word' id='word_1_338' title='bbox 992 2958 1094 3031; x_wconf 83' lang='lat' dir='ltr'><strong>partes</strong></span> <span class='ocrx_word' id='word_1_339' title='bbox 1142 2946 1251 3007; x_wconf 70' lang='lat' dir='ltr'><strong>Tssii⁰s</strong></span> <span class='ocrx_word' id='word_1_340' title='bbox 1268 2964 1446 3025; x_wconf 61' lang='lat' dir='ltr'><strong>“fllss0llflf5</strong></span> <span class='ocrx_word' id='word_1_341' title='bbox 1460 2952 1517 3022; x_wconf 90' lang='lat' dir='ltr'><strong>est,</strong></span> <span class='ocrx_word' id='word_1_342' title='bbox 1530 2946 1917 3027; x_wconf 67' lang='lat' dir='ltr'><strong>‘iuaei0i11ffldissiis‘llfflm</strong></span> 
     </span>
     <span class='ocr_line' id='line_1_30' title="bbox 322 3037 1916 3118; baseline 0.003 -22"><span class='ocrx_word' id='word_1_343' title='bbox 322 3037 468 3116; x_wconf 74' lang='lat' dir='ltr'><strong>adjuncta</strong></span> <span class='ocrx_word' id='word_1_344' title='bbox 479 3057 571 3100; x_wconf 80' lang='lat' dir='ltr'><strong>esrne</strong></span> <span class='ocrx_word' id='word_1_345' title='bbox 583 3041 771 3102; x_wconf 80' lang='lat' dir='ltr'><strong>statuebant.</strong></span> <span class='ocrx_word' id='word_1_346' title='bbox 1143 3055 1214 3117; x_wconf 81' lang='lat' dir='ltr'><strong>quae</strong></span> <span class='ocrx_word' id='word_1_347' title='bbox 1229 3037 1347 3117; x_wconf 84' lang='lat' dir='ltr'><strong>aliquid</strong></span> <span class='ocrx_word' id='word_1_348' title='bbox 1361 3039 1547 3118; x_wconf 88' lang='lat' dir='ltr'><strong>supprimit:</strong></span> <span class='ocrx_word' id='word_1_349' title='bbox 1559 3043 1591 3099; x_wconf 92' lang='lat' dir='ltr'><strong>et</strong></span> <span class='ocrx_word' id='word_1_350' title='bbox 1609 3038 1678 3117; x_wconf 90' lang='lat' dir='ltr'><strong>plus</strong></span> <span class='ocrx_word' id='word_1_351' title='bbox 1698 3037 1805 3114; x_wconf 85' lang='lat' dir='ltr'><strong>claret,</strong></span> <span class='ocrx_word' id='word_1_352' title='bbox 1828 3039 1916 3118; x_wconf 89' lang='lat' dir='ltr'><strong>quod</strong></span> 
     </span>
     <span class='ocr_line' id='line_1_31' title="bbox 363 3129 1917 3214; baseline 0.005 -26"><span class='ocrx_word' id='word_1_353' title='bbox 363 3129 404 3188; x_wconf 90' lang='lat' dir='ltr'><strong>ll.</strong></span> <span class='ocrx_word' id='word_1_354' title='bbox 421 3130 471 3190; x_wconf 88' lang='lat' dir='ltr'><strong>Sio</strong></span> <span class='ocrx_word' id='word_1_355' title='bbox 484 3130 623 3191; x_wconf 87' lang='lat' dir='ltr'><strong>Isidorus</strong></span> <span class='ocrx_word' id='word_1_356' title='bbox 637 3132 824 3211; x_wconf 75' lang='lat' dir='ltr'><strong>hispalensis</strong></span> <span class='ocrx_word' id='word_1_357' title='bbox 837 3134 872 3194; x_wconf 88' lang='lat' dir='ltr'><strong>in</strong></span> <span class='ocrx_word' id='word_1_358' title='bbox 885 3133 965 3196; x_wconf 92' lang='lat' dir='ltr'><strong>libro</strong></span> <span class='ocrx_word' id='word_1_359' title='bbox 990 3135 1093 3214; x_wconf 89' lang='lat' dir='ltr'><strong>primo</strong></span> <span class='ocrx_word' id='word_1_360' title='bbox 1142 3129 1267 3209; x_wconf 89' lang='lat' dir='ltr'><strong>pmprie</strong></span> <span class='ocrx_word' id='word_1_361' title='bbox 1281 3130 1403 3204; x_wconf 78' lang='lat' dir='ltr'><strong>dicitur,</strong></span> <span class='ocrx_word' id='word_1_362' title='bbox 1416 3148 1510 3209; x_wconf 81' lang='lat' dir='ltr'><strong>quam</strong></span> <span class='ocrx_word' id='word_1_363' title='bbox 1523 3131 1606 3209; x_wconf 83' lang='lat' dir='ltr'><strong>quod</strong></span> <span class='ocrx_word' id='word_1_364' title='bbox 1617 3135 1685 3191; x_wconf 78' lang='lat' dir='ltr'><strong>acta</strong></span> <span class='ocrx_word' id='word_1_365' title='bbox 1696 3130 1815 3210; x_wconf 80' lang='lat' dir='ltr'><strong>tropice</strong></span> <span class='ocrx_word' id='word_1_366' title='bbox 1828 3131 1917 3192; x_wconf 79' lang='lat' dir='ltr'><strong>locu·</strong></span> 
     </span>
     <span class='ocr_line' id='line_1_32' title="bbox 322 3217 1851 3306; baseline 0.003 -26"><span class='ocrx_word' id='word_1_367' title='bbox 322 3217 359 3279; x_wconf 87' lang='lat' dir='ltr'><strong>de</strong></span> <span class='ocrx_word' id='word_1_368' title='bbox 367 3217 550 3298; x_wconf 74' lang='lat' dir='ltr'><strong>Differeutiis</strong></span> <span class='ocrx_word' id='word_1_369' title='bbox 559 3221 582 3299; x_wconf 80' lang='lat'><strong>¹,</strong></span> <span class='ocrx_word' id='word_1_370' title='bbox 602 3223 693 3284; x_wconf 76' lang='lat' dir='ltr'><strong>«Nos</strong></span> <span class='ocrx_word' id='word_1_371' title='bbox 703 3241 742 3285; x_wconf 81' lang='lat' dir='ltr'><strong>ex</strong></span> <span class='ocrx_word' id='word_1_372' title='bbox 752 3224 884 3295; x_wconf 79' lang='lat' dir='ltr'><strong>duabus,</strong></span> <span class='ocrx_word' id='word_1_373' title='bbox 897 3227 1008 3306; x_wconf 83' lang='lat' dir='ltr'><strong>inquit,</strong></span> <span class='ocrx_word' id='word_1_374' title='bbox 1022 3227 1094 3288; x_wconf 81' lang='lat' dir='ltr'><strong>suh-</strong></span> <span class='ocrx_word' id='word_1_375' title='bbox 1143 3220 1227 3282; x_wconf 91' lang='lat' dir='ltr'><strong>tione</strong></span> <span class='ocrx_word' id='word_1_376' title='bbox 1241 3221 1394 3283; x_wconf 83' lang='lat' dir='ltr'><strong>firmatur.</strong></span> <span class='ocrx_word' id='word_1_377' title='bbox 1406 3244 1422 3280; x_wconf 80' lang='lat' dir='ltr'><strong>o</strong></span> <span class='ocrx_word' id='word_1_378' title='bbox 1440 3223 1513 3284; x_wconf 81' lang='lat' dir='ltr'><strong>Haec</strong></span> <span class='ocrx_word' id='word_1_379' title='bbox 1532 3221 1674 3283; x_wconf 79' lang='lat' dir='ltr'><strong>Toletani</strong></span> <span class='ocrx_word' id='word_1_380' title='bbox 1689 3222 1851 3285; x_wconf 82' lang='lat' dir='ltr'><strong>Proesules.</strong></span> 
     </span>
     <span class='ocr_line' id='line_1_33' title="bbox 322 3311 1917 3398; baseline 0.003 -27"><span class='ocrx_word' id='word_1_381' title='bbox 322 3311 461 3373; x_wconf 91' lang='lat' dir='ltr'><strong>sistimus</strong></span> <span class='ocrx_word' id='word_1_382' title='bbox 473 3312 665 3393; x_wconf 86' lang='lat' dir='ltr'><strong>substantiis,</strong></span> <span class='ocrx_word' id='word_1_383' title='bbox 680 3318 818 3397; x_wconf 86' lang='lat' dir='ltr'><strong>eorporis</strong></span> <span class='ocrx_word' id='word_1_384' title='bbox 833 3317 959 3398; x_wconf 89' lang='lat' dir='ltr'><strong>quidem</strong></span> <span class='ocrx_word' id='word_1_385' title='bbox 980 3326 1011 3380; x_wconf 86' lang='lat' dir='ltr'><strong>et</strong></span> <span class='ocrx_word' id='word_1_386' title='bbox 1025 3319 1093 3379; x_wconf 85' lang='lat' dir='ltr'><strong>eni·</strong></span> <span class='ocrx_word' id='word_1_387' title='bbox 1183 3313 1239 3375; x_wconf 91' lang='grc' dir='ltr'><strong>ΙΙΙ.</strong></span> <span class='ocrx_word' id='word_1_388' title='bbox 1256 3314 1310 3375; x_wconf 90' lang='lat' dir='ltr'><strong>His</strong></span> <span class='ocrx_word' id='word_1_389' title='bbox 1321 3315 1508 3394; x_wconf 80' lang='lat' dir='ltr'><strong>suffragatur</strong></span> <span class='ocrx_word' id='word_1_390' title='bbox 1523 3315 1684 3390; x_wconf 89' lang='lat' dir='ltr'><strong>Etherius,</strong></span> <span class='ocrx_word' id='word_1_391' title='bbox 1707 3320 1738 3375; x_wconf 89' lang='lat' dir='ltr'><strong>et</strong></span> <span class='ocrx_word' id='word_1_392' title='bbox 1752 3317 1868 3376; x_wconf 78' lang='lat' dir='ltr'><strong>Beatus</strong></span> <span class='ocrx_word' id='word_1_393' title='bbox 1882 3316 1917 3376; x_wconf 90' lang='lat' dir='ltr'><strong>in</strong></span> 
     </span>
     <span class='ocr_line' id='line_1_34' title="bbox 322 3403 1914 3489; baseline 0.004 -26"><span class='ocrx_word' id='word_1_394' title='bbox 322 3404 466 3465; x_wconf 78' lang='lat' dir='ltr'><strong>maezille</strong></span> <span class='ocrx_word' id='word_1_395' title='bbox 487 3406 651 3484; x_wconf 82' lang='lat' dir='ltr'><strong>extribus,</strong></span> <span class='ocrx_word' id='word_1_396' title='bbox 675 3407 780 3482; x_wconf 89' lang='lat' dir='ltr'><strong>Verbi,</strong></span> <span class='ocrx_word' id='word_1_397' title='bbox 804 3411 951 3489; x_wconf 85' lang='lat' dir='ltr'><strong>eorporis,</strong></span> <span class='ocrx_word' id='word_1_398' title='bbox 977 3415 1008 3472; x_wconf 92' lang='lat' dir='ltr'><strong>et</strong></span> <span class='ocrx_word' id='word_1_399' title='bbox 1029 3410 1095 3471; x_wconf 89' lang='lat' dir='ltr'><strong>ani·</strong></span> <span class='ocrx_word' id='word_1_400' title='bbox 1143 3403 1223 3466; x_wconf 86' lang='lat' dir='ltr'><strong>libro</strong></span> <span class='ocrx_word' id='word_1_401' title='bbox 1255 3406 1355 3485; x_wconf 91' lang='lat' dir='ltr'><strong>primo</strong></span> <span class='ocrx_word' id='word_1_402' title='bbox 1389 3415 1488 3468; x_wconf 84' lang='lat' dir='ltr'><strong>eontra</strong></span> <span class='ocrx_word' id='word_1_403' title='bbox 1520 3406 1552 3468; x_wconf 86' lang='lat' dir='ltr'><em>E</em></span> <span class='ocrx_word' id='word_1_404' title='bbox 1554 3405 1711 3488; x_wconf 80' lang='lat' dir='ltr'><strong>lipuodum</strong></span> <span class='ocrx_word' id='word_1_405' title='bbox 1734 3427 1742 3467; x_wconf 76' lang='grc' dir='ltr'>ε</span> <span class='ocrx_word' id='word_1_406' title='bbox 1767 3408 1914 3485; x_wconf 73' lang='lat' dir='ltr'><strong>«Homo,</strong></span> 
     </span>
     <span class='ocr_line' id='line_1_35' title="bbox 323 3497 1915 3583; baseline 0.003 -27"><span class='ocrx_word' id='word_1_407' title='bbox 323 3514 395 3556; x_wconf 84' lang='lat' dir='ltr'><strong>mse.</strong></span> <span class='ocrx_word' id='word_1_408' title='bbox 423 3518 439 3554; x_wconf 81' lang='lat' dir='ltr'><strong>o</strong></span> <span class='ocrx_word' id='word_1_409' title='bbox 477 3498 577 3571; x_wconf 82' lang='lat' dir='ltr'><strong>Quem</strong></span> <span class='ocrx_word' id='word_1_410' title='bbox 611 3499 732 3561; x_wconf 71' lang='lat' dir='ltr'><strong>imitata</strong></span> <span class='ocrx_word' id='word_1_411' title='bbox 765 3502 913 3564; x_wconf 81' lang='lat' dir='ltr'><strong>Toletano</strong></span> <span class='ocrx_word' id='word_1_412' title='bbox 947 3503 1096 3583; x_wconf 88' lang='lat' dir='ltr'><strong>Synodus</strong></span> <span class='ocrx_word' id='word_1_413' title='bbox 1143 3497 1255 3576; x_wconf 86' lang='lat' dir='ltr'><strong>inquit,</strong></span> <span class='ocrx_word' id='word_1_414' title='bbox 1267 3516 1306 3559; x_wconf 86' lang='lat' dir='ltr'><strong>ex</strong></span> <span class='ocrx_word' id='word_1_415' title='bbox 1320 3497 1439 3560; x_wconf 79' lang='lat' dir='ltr'><strong>duabus</strong></span> <span class='ocrx_word' id='word_1_416' title='bbox 1452 3498 1705 3560; x_wconf 85' lang='lat' dir='ltr'><strong>substantiisuna</strong></span> <span class='ocrx_word' id='word_1_417' title='bbox 1714 3516 1847 3578; x_wconf 84' lang='lat' dir='ltr'><strong>persone</strong></span> <span class='ocrx_word' id='word_1_418' title='bbox 1856 3505 1915 3576; x_wconf 80' lang='lat' dir='ltr'><strong>est,</strong></span> 
     </span>
     <span class='ocr_line' id='line_1_36' title="bbox 324 3587 1916 3669; baseline 0.002 -21"><span class='ocrx_word' id='word_1_419' title='bbox 324 3587 489 3649; x_wconf 82' lang='lat' dir='ltr'><strong>undecima</strong></span> <span class='ocrx_word' id='word_1_420' title='bbox 500 3587 523 3666; x_wconf 86' lang='lat'><strong>⁸,</strong></span> <span class='ocrx_word' id='word_1_421' title='bbox 539 3591 677 3669; x_wconf 89' lang='lat' dir='ltr'><strong>primum</strong></span> <span class='ocrx_word' id='word_1_422' title='bbox 694 3593 793 3653; x_wconf 76' lang='lat' dir='ltr'><strong>«duas</strong></span> <span class='ocrx_word' id='word_1_423' title='bbox 812 3593 846 3654; x_wconf 91' lang='lat' dir='ltr'><strong>iu</strong></span> <span class='ocrx_word' id='word_1_424' title='bbox 860 3594 924 3655; x_wconf 88' lang='lat' dir='ltr'><strong>filio</strong></span> <span class='ocrx_word' id='word_1_425' title='bbox 938 3595 1017 3655; x_wconf 84' lang='lat' dir='ltr'><strong>dixit</strong></span> <span class='ocrx_word' id='word_1_426' title='bbox 1030 3613 1095 3656; x_wconf 90' lang='lat' dir='ltr'><strong>esse</strong></span> <span class='ocrx_word' id='word_1_427' title='bbox 1144 3595 1175 3649; x_wconf 82' lang='lat' dir='ltr'><strong>et</strong></span> <span class='ocrx_word' id='word_1_428' title='bbox 1186 3589 1404 3652; x_wconf 79' lang='lat' dir='ltr'><strong>habetnomen</strong></span> <span class='ocrx_word' id='word_1_429' title='bbox 1415 3592 1542 3665; x_wconf 88' lang='lat' dir='ltr'><strong>Petrus;</strong></span> <span class='ocrx_word' id='word_1_430' title='bbox 1558 3597 1589 3652; x_wconf 87' lang='lat' dir='ltr'><strong>et</strong></span> <span class='ocrx_word' id='word_1_431' title='bbox 1601 3591 1740 3652; x_wconf 89' lang='lat' dir='ltr'><strong>Christus</strong></span> <span class='ocrx_word' id='word_1_432' title='bbox 1760 3609 1800 3652; x_wconf 87' lang='lat' dir='ltr'><strong>ex</strong></span> <span class='ocrx_word' id='word_1_433' title='bbox 1815 3591 1916 3652; x_wconf 86' lang='lat' dir='ltr'><strong>tribus</strong></span> 
     </span>
     <span class='ocr_line' id='line_1_37' title="bbox 323 3680 1914 3764; baseline 0.005 -27"><span class='ocrx_word' id='word_1_434' title='bbox 323 3685 450 3740; x_wconf 80' lang='lat' dir='ltr'><strong>naturas</strong></span> <span class='ocrx_word' id='word_1_435' title='bbox 460 3698 496 3741; x_wconf 80' lang='lat' dir='ltr'><strong>:r</strong></span> <span class='ocrx_word' id='word_1_436' title='bbox 513 3680 655 3755; x_wconf 67' lang='lat' dir='ltr'><strong>deiude«</strong></span> <span class='ocrx_word' id='word_1_437' title='bbox 673 3682 757 3744; x_wconf 85' lang='lat' dir='ltr'><strong>idem</strong></span> <span class='ocrx_word' id='word_1_438' title='bbox 766 3685 916 3761; x_wconf 90' lang='lat' dir='ltr'><strong>Christus,</strong></span> <span class='ocrx_word' id='word_1_439' title='bbox 929 3687 983 3758; x_wconf 84' lang='lat' dir='ltr'><strong>eit,</strong></span> <span class='ocrx_word' id='word_1_440' title='bbox 999 3686 1033 3746; x_wconf 94' lang='lat' dir='ltr'><strong>in</strong></span> <span class='ocrx_word' id='word_1_441' title='bbox 1045 3687 1095 3747; x_wconf 91' lang='lat' dir='ltr'><strong>his</strong></span> <span class='ocrx_word' id='word_1_442' title='bbox 1144 3682 1335 3758; x_wconf 86' lang='lat' dir='ltr'><strong>substantiis,</strong></span> <span class='ocrx_word' id='word_1_443' title='bbox 1351 3682 1471 3743; x_wconf 89' lang='lat' dir='ltr'><strong>duabus</strong></span> <span class='ocrx_word' id='word_1_444' title='bbox 1488 3684 1608 3745; x_wconf 82' lang='lat' dir='ltr'><strong>naturis</strong></span> <span class='ocrx_word' id='word_1_445' title='bbox 1622 3702 1686 3744; x_wconf 83' lang='lat' dir='ltr'><strong>una</strong></span> <span class='ocrx_word' id='word_1_446' title='bbox 1706 3702 1842 3764; x_wconf 82' lang='lat' dir='ltr'><strong>persons</strong></span> <span class='ocrx_word' id='word_1_447' title='bbox 1855 3689 1914 3762; x_wconf 89' lang='lat' dir='ltr'><strong>est,</strong></span> 
     </span>
     <span class='ocr_line' id='line_1_38' title="bbox 324 3769 1915 3853; baseline 0.004 -22"><span class='ocrx_word' id='word_1_448' title='bbox 324 3769 1091 3853; x_wconf 82' lang='lat' dir='ltr'><strong>duabusnaturistribusexstutsubstuntiis:Verbi,</strong></span> <span class='ocrx_word' id='word_1_449' title='bbox 1144 3779 1175 3835; x_wconf 89' lang='lat' dir='ltr'><strong>et</strong></span> <span class='ocrx_word' id='word_1_450' title='bbox 1188 3774 1281 3835; x_wconf 82' lang='lat' dir='ltr'><strong>hebet</strong></span> <span class='ocrx_word' id='word_1_451' title='bbox 1303 3793 1430 3845; x_wconf 86' lang='lat' dir='ltr'><strong>nomen,</strong></span> <span class='ocrx_word' id='word_1_452' title='bbox 1447 3775 1597 3836; x_wconf 87' lang='lat' dir='ltr'><strong>Christus.</strong></span> <span class='ocrx_word' id='word_1_453' title='bbox 1609 3797 1625 3834; x_wconf 83' lang='grc' dir='ltr'><strong>ο</strong></span> <span class='ocrx_word' id='word_1_454' title='bbox 1636 3777 1716 3837; x_wconf 86' lang='lat' dir='ltr'><strong>Item</strong></span> <span class='ocrx_word' id='word_1_455' title='bbox 1735 3777 1915 3838; x_wconf 78' lang='lat' dir='ltr'><strong>Bernardus</strong></span> 
     </span>
     <span class='ocr_line' id='line_1_39' title="bbox 324 3863 1917 3948; baseline 0.004 -25"><span class='ocrx_word' id='word_1_456' title='bbox 324 3863 408 3942; x_wconf 91' lang='lat' dir='ltr'><strong>quod</strong></span> <span class='ocrx_word' id='word_1_457' title='bbox 421 3863 460 3925; x_wconf 87' lang='lat' dir='ltr'><strong>ad</strong></span> <span class='ocrx_word' id='word_1_458' title='bbox 471 3865 565 3926; x_wconf 91' lang='lat' dir='ltr'><strong>solius</strong></span> <span class='ocrx_word' id='word_1_459' title='bbox 577 3867 632 3928; x_wconf 88' lang='lat' dir='ltr'><strong>Dei</strong></span> <span class='ocrx_word' id='word_1_460' title='bbox 644 3869 807 3929; x_wconf 85' lang='lat' dir='ltr'><strong>essentium</strong></span> <span class='ocrx_word' id='word_1_461' title='bbox 818 3869 1014 3931; x_wconf 84' lang='lat' dir='ltr'><strong>referendum</strong></span> <span class='ocrx_word' id='word_1_462' title='bbox 1025 3876 1091 3931; x_wconf 91' lang='lat' dir='ltr'><strong>est:</strong></span> <span class='ocrx_word' id='word_1_463' title='bbox 1145 3867 1177 3928; x_wconf 90' lang='lat' dir='ltr'><strong>in</strong></span> <span class='ocrx_word' id='word_1_464' title='bbox 1186 3867 1265 3927; x_wconf 91' lang='lat' dir='ltr'><strong>libro</strong></span> <span class='ocrx_word' id='word_1_465' title='bbox 1279 3868 1389 3946; x_wconf 91' lang='lat' dir='ltr'><strong>quinto</strong></span> <span class='ocrx_word' id='word_1_466' title='bbox 1402 3866 1435 3927; x_wconf 88' lang='lat' dir='ltr'><strong>de</strong></span> <span class='ocrx_word' id='word_1_467' title='bbox 1448 3868 1787 3948; x_wconf 69' lang='lat' dir='ltr'><strong>resideretionepapite</strong></span> <span class='ocrx_word' id='word_1_468' title='bbox 1801 3887 1848 3944; x_wconf 83' lang='lat' dir='ltr'><strong>rx,</strong></span> <span class='ocrx_word' id='word_1_469' title='bbox 1860 3869 1917 3930; x_wconf 89' lang='lat' dir='ltr'><strong>ubi</strong></span> 
     </span>
     <span class='ocr_line' id='line_1_40' title="bbox 324 3956 1914 4039; baseline 0.004 -23"><span class='ocrx_word' id='word_1_470' title='bbox 324 3956 472 4035; x_wconf 84' lang='lat' dir='ltr'><strong>corporis,</strong></span> <span class='ocrx_word' id='word_1_471' title='bbox 493 3963 523 4018; x_wconf 90' lang='lat' dir='ltr'><strong>et</strong></span> <span class='ocrx_word' id='word_1_472' title='bbox 539 3957 653 4019; x_wconf 84' lang='lat' dir='ltr'><strong>enimse</strong></span> <span class='ocrx_word' id='word_1_473' title='bbox 666 3978 674 4034; x_wconf 91' lang='lat'>;</span> <span class='ocrx_word' id='word_1_474' title='bbox 689 3959 774 4039; x_wconf 88' lang='lat' dir='ltr'><strong>quod</strong></span> <span class='ocrx_word' id='word_1_475' title='bbox 797 3964 966 4023; x_wconf 81' lang='lat' dir='ltr'><strong>adrerum</strong></span> <span class='ocrx_word' id='word_1_476' title='bbox 987 3962 1093 4022; x_wconf 90' lang='lat' dir='ltr'><strong>homi·</strong></span> <span class='ocrx_word' id='word_1_477' title='bbox 1147 3961 1208 4019; x_wconf 87' lang='lat' dir='ltr'><strong>«In</strong></span> <span class='ocrx_word' id='word_1_478' title='bbox 1218 3960 1348 4037; x_wconf 90' lang='lat' dir='ltr'><strong>Christo,</strong></span> <span class='ocrx_word' id='word_1_479' title='bbox 1360 3961 1415 4037; x_wconf 86' lang='lat' dir='ltr'><strong>uit,</strong></span> <span class='ocrx_word' id='word_1_480' title='bbox 1425 3960 1574 4031; x_wconf 87' lang='lat' dir='ltr'><strong>Verbum,</strong></span> <span class='ocrx_word' id='word_1_481' title='bbox 1586 3961 1776 4035; x_wconf 82' lang='lat' dir='ltr'><strong>enimam,et</strong></span> <span class='ocrx_word' id='word_1_482' title='bbox 1786 3979 1914 4023; x_wconf 80' lang='lat' dir='ltr'><strong>earnem</strong></span> 
     </span>
     <span class='ocr_line' id='line_1_41' title="bbox 325 4049 1913 4134; baseline 0.005 -26"><span class='ocrx_word' id='word_1_483' title='bbox 325 4065 399 4109; x_wconf 90' lang='lat' dir='ltr'><strong>nem</strong></span> <span class='ocrx_word' id='word_1_484' title='bbox 410 4049 553 4127; x_wconf 87' lang='lat' dir='ltr'><strong>pertinet.</strong></span> <span class='ocrx_word' id='word_1_485' title='bbox 570 4049 751 4126; x_wconf 79' lang='lat' dir='ltr'><strong>Habetergo</strong></span> <span class='ocrx_word' id='word_1_486' title='bbox 765 4052 843 4114; x_wconf 90' lang='lat' dir='ltr'><strong>inse</strong></span> <span class='ocrx_word' id='word_1_487' title='bbox 858 4053 1095 4133; x_wconf 78' lang='lat' dir='ltr'><strong>geminsmsub</strong></span> <span class='ocrx_word' id='word_1_488' title='bbox 1143 4051 1210 4112; x_wconf 91' lang='lat' dir='ltr'><strong>sine</strong></span> <span class='ocrx_word' id='word_1_489' title='bbox 1225 4052 1403 4113; x_wconf 82' lang='lat' dir='ltr'><strong>confusione</strong></span> <span class='ocrx_word' id='word_1_490' title='bbox 1416 4053 1619 4114; x_wconf 84' lang='lat' dir='ltr'><strong>essentiarum</strong></span> <span class='ocrx_word' id='word_1_491' title='bbox 1640 4071 1737 4114; x_wconf 84' lang='lat' dir='ltr'><strong>unum</strong></span> <span class='ocrx_word' id='word_1_492' title='bbox 1755 4071 1822 4116; x_wconf 83' lang='lat' dir='ltr'><strong>esse</strong></span> <span class='ocrx_word' id='word_1_493' title='bbox 1843 4073 1913 4134; x_wconf 88' lang='lat' dir='ltr'><strong>per·</strong></span> 
     </span>
     <span class='ocr_line' id='line_1_42' title="bbox 325 4139 1915 4225; baseline 0.005 -25"><span class='ocrx_word' id='word_1_494' title='bbox 325 4139 480 4214; x_wconf 79' lang='lat' dir='ltr'><strong>stantium,</strong></span> <span class='ocrx_word' id='word_1_495' title='bbox 497 4141 665 4203; x_wconf 85' lang='lat' dir='ltr'><strong>divinitatis</strong></span> <span class='ocrx_word' id='word_1_496' title='bbox 678 4161 755 4222; x_wconf 88' lang='lat' dir='ltr'><strong>suae,</strong></span> <span class='ocrx_word' id='word_1_497' title='bbox 764 4148 795 4206; x_wconf 90' lang='lat' dir='ltr'><strong>et</strong></span> <span class='ocrx_word' id='word_1_498' title='bbox 805 4145 1007 4207; x_wconf 80' lang='lat' dir='ltr'><strong>humanitatis</strong></span> <span class='ocrx_word' id='word_1_499' title='bbox 1020 4163 1092 4207; x_wconf 94' lang='lat' dir='ltr'><strong>nos·</strong></span> <span class='ocrx_word' id='word_1_500' title='bbox 1144 4161 1264 4213; x_wconf 81' lang='lat' dir='ltr'><strong>sonum,</strong></span> <span class='ocrx_word' id='word_1_501' title='bbox 1281 4150 1312 4204; x_wconf 90' lang='lat' dir='ltr'><strong>et</strong></span> <span class='ocrx_word' id='word_1_502' title='bbox 1324 4144 1400 4204; x_wconf 91' lang='lat' dir='ltr'><strong>item</strong></span> <span class='ocrx_word' id='word_1_503' title='bbox 1414 4144 1529 4224; x_wconf 86' lang='lat' dir='ltr'><strong>absque</strong></span> <span class='ocrx_word' id='word_1_504' title='bbox 1549 4144 1729 4224; x_wconf 71' lang='lat' dir='ltr'><strong>prejudicio</strong></span> <span class='ocrx_word' id='word_1_505' title='bbox 1742 4147 1915 4225; x_wconf 87' lang='lat' dir='ltr'><strong>personalis</strong></span> 
     </span>
     <span class='ocr_line' id='line_1_43' title="bbox 325 4235 1916 4299; baseline 0.005 -8"><span class='ocrx_word' id='word_1_506' title='bbox 325 4235 396 4293; x_wconf 73' lang='lat' dir='ltr'><strong>true.</strong></span> <span class='ocrx_word' id='word_1_507' title='bbox 411 4252 426 4290; x_wconf 82' lang='lat' dir='ltr'><strong>u</strong></span> <span class='ocrx_word' id='word_1_508' title='bbox 1143 4236 1271 4297; x_wconf 86' lang='lat' dir='ltr'><strong>unitatis</strong></span> <span class='ocrx_word' id='word_1_509' title='bbox 1297 4236 1330 4296; x_wconf 91' lang='lat' dir='ltr'><strong>in</strong></span> <span class='ocrx_word' id='word_1_510' title='bbox 1355 4253 1411 4296; x_wconf 83' lang='lat' dir='ltr'><strong>sue</strong></span> <span class='ocrx_word' id='word_1_511' title='bbox 1436 4236 1657 4298; x_wconf 87' lang='lat' dir='ltr'><strong>numerositate</strong></span> <span class='ocrx_word' id='word_1_512' title='bbox 1677 4254 1846 4299; x_wconf 73' lang='lat' dir='ltr'><strong>manere.»</strong></span> <span class='ocrx_word' id='word_1_513' title='bbox 1870 4242 1916 4299; x_wconf 84' lang='lat' dir='ltr'><strong>Ao</strong></span> 
     </span>
     <span class='ocr_line' id='line_1_44' title="bbox 367 4324 1912 4409; baseline 0.005 -25"><span class='ocrx_word' id='word_1_514' title='bbox 367 4324 428 4385; x_wconf 87' lang='lat' dir='ltr'><strong>Sed</strong></span> <span class='ocrx_word' id='word_1_515' title='bbox 442 4341 513 4404; x_wconf 83' lang='lat' dir='ltr'><strong>quae</strong></span> <span class='ocrx_word' id='word_1_516' title='bbox 528 4326 633 4405; x_wconf 87' lang='lat' dir='ltr'><strong>paucis</strong></span> <span class='ocrx_word' id='word_1_517' title='bbox 646 4332 716 4406; x_wconf 87' lang='lat' dir='ltr'><strong>post</strong></span> <span class='ocrx_word' id='word_1_518' title='bbox 728 4329 817 4389; x_wconf 86' lang='lat' dir='ltr'><strong>unnis</strong></span> <span class='ocrx_word' id='word_1_519' title='bbox 831 4329 913 4390; x_wconf 84' lang='lat' dir='ltr'><strong>bene</strong></span> <span class='ocrx_word' id='word_1_520' title='bbox 933 4337 1037 4392; x_wconf 90' lang='lat' dir='ltr'><strong>secuta</strong></span> <span class='ocrx_word' id='word_1_521' title='bbox 1049 4339 1093 4394; x_wconf 89' lang='lat' dir='ltr'><strong>est</strong></span> <span class='ocrx_word' id='word_1_522' title='bbox 1143 4327 1287 4404; x_wconf 88' lang='lat' dir='ltr'><strong>subinde,</strong></span> <span class='ocrx_word' id='word_1_523' title='bbox 1307 4326 1452 4404; x_wconf 75' lang='lat' dir='ltr'><strong>«Docuit,</strong></span> <span class='ocrx_word' id='word_1_524' title='bbox 1478 4328 1592 4409; x_wconf 84' lang='lat' dir='ltr'><strong>inquit,</strong></span> <span class='ocrx_word' id='word_1_525' title='bbox 1616 4332 1649 4391; x_wconf 89' lang='lat' dir='ltr'><strong>et</strong></span> <span class='ocrx_word' id='word_1_526' title='bbox 1675 4348 1748 4391; x_wconf 90' lang='lat' dir='ltr'><strong>cum</strong></span> <span class='ocrx_word' id='word_1_527' title='bbox 1776 4348 1912 4402; x_wconf 84' lang='lat' dir='ltr'><strong>summu,</strong></span> 
     </span>
     <span class='ocr_line' id='line_1_45' title="bbox 325 4415 1914 4502; baseline 0.004 -26"><span class='ocrx_word' id='word_1_528' title='bbox 325 4415 475 4477; x_wconf 84' lang='lat' dir='ltr'><strong>Toletano</strong></span> <span class='ocrx_word' id='word_1_529' title='bbox 488 4433 533 4478; x_wconf 84' lang='lat' dir='ltr'><strong>xv</strong></span> <span class='ocrx_word' id='word_1_530' title='bbox 546 4416 712 4497; x_wconf 58' lang='lat' dir='ltr'><strong>synodusi,</strong></span> <span class='ocrx_word' id='word_1_531' title='bbox 725 4420 913 4500; x_wconf 89' lang='lat' dir='ltr'><strong>pluribusde</strong></span> <span class='ocrx_word' id='word_1_532' title='bbox 926 4422 984 4484; x_wconf 88' lang='lat' dir='ltr'><strong>hae</strong></span> <span class='ocrx_word' id='word_1_533' title='bbox 997 4441 1095 4502; x_wconf 84' lang='lat' dir='ltr'><strong>quoes-</strong></span> <span class='ocrx_word' id='word_1_534' title='bbox 1143 4438 1214 4500; x_wconf 82' lang='lat' dir='ltr'><strong>quae</strong></span> <span class='ocrx_word' id='word_1_535' title='bbox 1232 4420 1343 4481; x_wconf 88' lang='lat' dir='ltr'><strong>inDeo</strong></span> <span class='ocrx_word' id='word_1_536' title='bbox 1365 4424 1421 4489; x_wconf 84' lang='lat' dir='ltr'><strong>est,</strong></span> <span class='ocrx_word' id='word_1_537' title='bbox 1452 4424 1483 4481; x_wconf 90' lang='lat' dir='ltr'><strong>et</strong></span> <span class='ocrx_word' id='word_1_538' title='bbox 1509 4422 1589 4482; x_wconf 86' lang='lat' dir='ltr'><strong>Deus</strong></span> <span class='ocrx_word' id='word_1_539' title='bbox 1613 4427 1669 4496; x_wconf 86' lang='lat' dir='ltr'><strong>est,</strong></span> <span class='ocrx_word' id='word_1_540' title='bbox 1694 4422 1814 4484; x_wconf 78' lang='lat' dir='ltr'><strong>unitate</strong></span> <span class='ocrx_word' id='word_1_541' title='bbox 1838 4441 1914 4483; x_wconf 89' lang='lat' dir='ltr'><strong>oon·</strong></span> 
     </span>
     <span class='ocr_line' id='line_1_46' title="bbox 324 4504 1914 4594; baseline 0.006 -28"><span class='ocrx_word' id='word_1_542' title='bbox 324 4508 409 4568; x_wconf 90' lang='lat' dir='ltr'><strong>tione</strong></span> <span class='ocrx_word' id='word_1_543' title='bbox 419 4508 572 4582; x_wconf 86' lang='lat' dir='ltr'><strong>disseruit,</strong></span> <span class='ocrx_word' id='word_1_544' title='bbox 585 4515 616 4571; x_wconf 86' lang='lat' dir='ltr'><strong>et</strong></span> <span class='ocrx_word' id='word_1_545' title='bbox 624 4515 793 4592; x_wconf 85' lang='lat' dir='ltr'><strong>utrumque</strong></span> <span class='ocrx_word' id='word_1_546' title='bbox 805 4519 887 4575; x_wconf 88' lang='lat' dir='ltr'><strong>recte</strong></span> <span class='ocrx_word' id='word_1_547' title='bbox 900 4533 936 4575; x_wconf 86' lang='lat' dir='ltr'><strong>ao</strong></span> <span class='ocrx_word' id='word_1_548' title='bbox 945 4515 1094 4580; x_wconf 83' lang='lat' dir='ltr'><strong>catholice</strong></span> <span class='ocrx_word' id='word_1_549' title='bbox 1143 4530 1265 4590; x_wconf 80' lang='lat' dir='ltr'><strong>gruere,</strong></span> <span class='ocrx_word' id='word_1_550' title='bbox 1288 4518 1324 4574; x_wconf 91' lang='lat' dir='ltr'><strong>ut</strong></span> <span class='ocrx_word' id='word_1_551' title='bbox 1343 4512 1500 4591; x_wconf 85' lang='lat' dir='ltr'><strong>quomodo</strong></span> <span class='ocrx_word' id='word_1_552' title='bbox 1522 4513 1566 4574; x_wconf 91' lang='lat' dir='ltr'><strong>ibi</strong></span> <span class='ocrx_word' id='word_1_553' title='bbox 1589 4519 1651 4575; x_wconf 90' lang='lat' dir='ltr'><strong>tres</strong></span> <span class='ocrx_word' id='word_1_554' title='bbox 1675 4531 1826 4594; x_wconf 72' lang='lat' dir='ltr'><strong>personae,</strong></span> <span class='ocrx_word' id='word_1_555' title='bbox 1850 4504 1914 4576; x_wconf 74' lang='lat' dir='ltr'><strong>sinu</strong></span> 
     </span>
     <span class='ocr_line' id='line_1_47' title="bbox 324 4600 1912 4686; baseline 0.006 -28"><span class='ocrx_word' id='word_1_556' title='bbox 324 4600 519 4678; x_wconf 77' lang='lat' dir='ltr'><strong>pronuntiari</strong></span> <span class='ocrx_word' id='word_1_557' title='bbox 532 4618 620 4680; x_wconf 89' lang='lat' dir='ltr'><strong>posse</strong></span> <span class='ocrx_word' id='word_1_558' title='bbox 642 4603 788 4678; x_wconf 88' lang='lat' dir='ltr'><strong>decrevit,</strong></span> <span class='ocrx_word' id='word_1_559' title='bbox 811 4605 875 4667; x_wconf 82' lang='lat' dir='ltr'><strong>sire</strong></span> <span class='ocrx_word' id='word_1_560' title='bbox 889 4607 966 4667; x_wconf 84' lang='lat' dir='ltr'><strong>dues</strong></span> <span class='ocrx_word' id='word_1_561' title='bbox 985 4607 1094 4669; x_wconf 86' lang='lat' dir='ltr'><strong>Christi</strong></span> <span class='ocrx_word' id='word_1_562' title='bbox 1143 4606 1285 4680; x_wconf 86' lang='lat' dir='ltr'><strong>essentia,</strong></span> <span class='ocrx_word' id='word_1_563' title='bbox 1308 4605 1351 4666; x_wconf 81' lang='lat' dir='ltr'><strong>itu</strong></span> <span class='ocrx_word' id='word_1_564' title='bbox 1371 4605 1422 4666; x_wconf 89' lang='lat' dir='ltr'><strong>hio</strong></span> <span class='ocrx_word' id='word_1_565' title='bbox 1454 4606 1743 4667; x_wconf 78' lang='lat' dir='ltr'><strong>convenientissima</strong></span> <span class='ocrx_word' id='word_1_566' title='bbox 1778 4608 1912 4686; x_wconf 79' lang='lat' dir='ltr'><strong>quadum</strong></span> 
     </span>
     <span class='ocr_line' id='line_1_48' title="bbox 325 4689 1908 4779; baseline 0.003 -29"><span class='ocrx_word' id='word_1_567' title='bbox 325 4689 521 4765; x_wconf 86' lang='lat' dir='ltr'><strong>substantias,</strong></span> <span class='ocrx_word' id='word_1_568' title='bbox 551 4693 615 4755; x_wconf 88' lang='lat' dir='ltr'><strong>sive</strong></span> <span class='ocrx_word' id='word_1_569' title='bbox 639 4700 712 4756; x_wconf 89' lang='lat' dir='ltr'><strong>tres.</strong></span> <span class='ocrx_word' id='word_1_570' title='bbox 745 4697 826 4757; x_wconf 91' lang='lat' dir='ltr'><strong>Cum</strong></span> <span class='ocrx_word' id='word_1_571' title='bbox 852 4698 938 4758; x_wconf 91' lang='lat' dir='ltr'><strong>enim</strong></span> <span class='ocrx_word' id='word_1_572' title='bbox 966 4699 1093 4779; x_wconf 88' lang='lat' dir='ltr'><strong>Hispani</strong></span> <span class='ocrx_word' id='word_1_573' title='bbox 1143 4697 1359 4758; x_wconf 83' lang='lat' dir='ltr'><strong>eontrmietute</strong></span> <span class='ocrx_word' id='word_1_574' title='bbox 1370 4702 1433 4758; x_wconf 91' lang='lat' dir='ltr'><strong>tres</strong></span> <span class='ocrx_word' id='word_1_575' title='bbox 1442 4697 1654 4769; x_wconf 85' lang='lat' dir='ltr'><strong>essentiaesint</strong></span> <span class='ocrx_word' id='word_1_576' title='bbox 1665 4716 1729 4759; x_wconf 81' lang='lat' dir='ltr'><strong>unu</strong></span> <span class='ocrx_word' id='word_1_577' title='bbox 1738 4717 1908 4777; x_wconf 74' lang='lat' dir='ltr'><strong>persona.»</strong></span> 
     </span>
     <span class='ocr_line' id='line_1_49' title="bbox 323 4781 1912 4870; baseline 0.006 -28"><span class='ocrx_word' id='word_1_578' title='bbox 323 4781 473 4863; x_wconf 76' lang='lat' dir='ltr'><strong>presules</strong></span> <span class='ocrx_word' id='word_1_579' title='bbox 491 4782 525 4843; x_wconf 91' lang='lat' dir='ltr'><strong>in</strong></span> <span class='ocrx_word' id='word_1_580' title='bbox 538 4784 666 4863; x_wconf 84' lang='lat' dir='ltr'><strong>epistole</strong></span> <span class='ocrx_word' id='word_1_581' title='bbox 678 4787 813 4866; x_wconf 90' lang='lat' dir='ltr'><strong>quadam</strong></span> <span class='ocrx_word' id='word_1_582' title='bbox 827 4789 867 4850; x_wconf 91' lang='lat' dir='ltr'><strong>ad</strong></span> <span class='ocrx_word' id='word_1_583' title='bbox 885 4789 989 4850; x_wconf 89' lang='lat' dir='ltr'><strong>sedem</strong></span> <span class='ocrx_word' id='word_1_584' title='bbox 1002 4807 1092 4870; x_wconf 90' lang='lat' dir='ltr'><strong>apos·</strong></span> <span class='ocrx_word' id='word_1_585' title='bbox 1145 4790 1182 4849; x_wconf 82' lang='lat' dir='ltr'><strong>Et</strong></span> <span class='ocrx_word' id='word_1_586' title='bbox 1194 4787 1293 4869; x_wconf 82' lang='lat' dir='ltr'><strong>cupite</strong></span> <span class='ocrx_word' id='word_1_587' title='bbox 1305 4793 1452 4867; x_wconf 87' lang='lat' dir='ltr'><strong>sequente</strong></span> <span class='ocrx_word' id='word_1_588' title='bbox 1466 4787 1596 4865; x_wconf 87' lang='lat' dir='ltr'><strong>decimo,</strong></span> <span class='ocrx_word' id='word_1_589' title='bbox 1618 4788 1706 4849; x_wconf 81' lang='lat' dir='ltr'><strong>«trin</strong></span> <span class='ocrx_word' id='word_1_590' title='bbox 1717 4789 1772 4851; x_wconf 83' lang='lat' dir='ltr'><strong>ills</strong></span> <span class='ocrx_word' id='word_1_591' title='bbox 1795 4796 1861 4851; x_wconf 86' lang='lat' dir='ltr'><strong>satu</strong></span> <span class='ocrx_word' id='word_1_592' title='bbox 1874 4789 1912 4851; x_wconf 90' lang='lat' dir='ltr'><strong>de</strong></span> 
     </span>
     <span class='ocr_line' id='line_1_50' title="bbox 327 4873 1913 4961; baseline 0.005 -27"><span class='ocrx_word' id='word_1_593' title='bbox 327 4873 450 4935; x_wconf 89' lang='lat' dir='ltr'><strong>tolioam</strong></span> <span class='ocrx_word' id='word_1_594' title='bbox 460 4874 1096 4952; x_wconf 85' lang='lat' dir='ltr'><strong>missu,tressubstuntiasChristoDomino</strong></span> <span class='ocrx_word' id='word_1_595' title='bbox 1147 4880 1314 4960; x_wconf 80' lang='lat' dir='ltr'><strong>Evangelio</strong></span> <span class='ocrx_word' id='word_1_596' title='bbox 1338 4880 1446 4957; x_wconf 81' lang='lat' dir='ltr'><strong>mixta,</strong></span> <span class='ocrx_word' id='word_1_597' title='bbox 1475 4885 1506 4941; x_wconf 91' lang='lat' dir='ltr'><strong>et</strong></span> <span class='ocrx_word' id='word_1_598' title='bbox 1533 4880 1719 4942; x_wconf 78' lang='lat' dir='ltr'><strong>fermentate</strong></span> <span class='ocrx_word' id='word_1_599' title='bbox 1740 4879 1776 4941; x_wconf 90' lang='lat' dir='ltr'><strong>in</strong></span> <span class='ocrx_word' id='word_1_600' title='bbox 1798 4899 1913 4961; x_wconf 89' lang='lat' dir='ltr'><strong>panem</strong></span> 
     </span>
     <span class='ocr_line' id='line_1_51' title="bbox 326 4964 1911 5053; baseline 0.004 -27"><span class='ocrx_word' id='word_1_601' title='bbox 326 4964 516 5036; x_wconf 88' lang='lat' dir='ltr'><strong>tribuissent,</strong></span> <span class='ocrx_word' id='word_1_602' title='bbox 528 4966 622 5047; x_wconf 90' lang='lat' dir='ltr'><strong>idque</strong></span> <span class='ocrx_word' id='word_1_603' title='bbox 632 4969 815 5033; x_wconf 89' lang='lat' dir='ltr'><strong>Benedictus</strong></span> <span class='ocrx_word' id='word_1_604' title='bbox 824 4973 978 5034; x_wconf 80' lang='lat' dir='ltr'><strong>secundus</strong></span> <span class='ocrx_word' id='word_1_605' title='bbox 987 4973 1097 5035; x_wconf 84' lang='lat' dir='ltr'><strong>Rome·</strong></span> <span class='ocrx_word' id='word_1_606' title='bbox 1146 4990 1296 5047; x_wconf 84' lang='lat' dir='ltr'><strong>unum,u</strong></span> <span class='ocrx_word' id='word_1_607' title='bbox 1324 4973 1364 5033; x_wconf 85' lang='lat' dir='ltr'><strong>ad</strong></span> <span class='ocrx_word' id='word_1_608' title='bbox 1386 4973 1448 5034; x_wconf 88' lang='lat' dir='ltr'><strong>tria</strong></span> <span class='ocrx_word' id='word_1_609' title='bbox 1472 4972 1629 5052; x_wconf 88' lang='lat' dir='ltr'><strong>pertinere</strong></span> <span class='ocrx_word' id='word_1_610' title='bbox 1655 4977 1756 5053; x_wconf 86' lang='lat' dir='ltr'><strong>putat,</strong></span> <span class='ocrx_word' id='word_1_611' title='bbox 1782 4991 1854 5053; x_wconf 76' lang='lat' dir='ltr'><strong>qum</strong></span> <span class='ocrx_word' id='word_1_612' title='bbox 1878 4972 1911 5033; x_wconf 92' lang='lat' dir='ltr'><strong>in</strong></span> 
     </span>
    </p>
   </div>
   <div class='ocr_carea' id='block_1_3' title="bbox 322 5177 1911 5339">
    <p class='ocr_par' dir='ltr' id='par_1_3' title="bbox 322 5177 1911 5339">
     <span class='ocr_line' id='line_1_52' title="bbox 359 5177 1911 5259; baseline 0.004 -27"><span class='ocrx_word' id='word_1_613' title='bbox 359 5193 380 5232; x_wconf 89' lang='grc' dir='ltr'><strong>ο</strong></span> <span class='ocrx_word' id='word_1_614' title='bbox 399 5177 658 5236; x_wconf 80' lang='lat' dir='ltr'><strong>Turononmuslib.</strong></span> <span class='ocrx_word' id='word_1_615' title='bbox 673 5181 872 5252; x_wconf 69' lang='lat' dir='ltr'><strong>Vcoct.}tloer.</strong></span> <span class='ocrx_word' id='word_1_616' title='bbox 888 5183 1093 5254; x_wconf 65' lang='lat' dir='ltr'><strong>caparosso</strong></span> <span class='ocrx_word' id='word_1_617' title='bbox 1143 5186 1215 5255; x_wconf 76' lang='grc' dir='ltr'>τριχῆ</span> <span class='ocrx_word' id='word_1_618' title='bbox 1227 5184 1318 5254; x_wconf 74' lang='grc' dir='ltr'>διαιρεῖ</span> <span class='ocrx_word' id='word_1_619' title='bbox 1326 5184 1369 5236; x_wconf 81' lang='grc' dir='ltr'><strong>τὸν</strong></span> <span class='ocrx_word' id='word_1_620' title='bbox 1380 5182 1637 5256; x_wconf 65' lang='grc' dir='ltr'><strong>ἄνθρωπονὴγραφή.</strong></span> <span class='ocrx_word' id='word_1_621' title='bbox 1653 5182 1711 5237; x_wconf 75' lang='grc' dir='ltr'><strong>ἀλλ’</strong></span> <span class='ocrx_word' id='word_1_622' title='bbox 1725 5182 1752 5238; x_wconf 69' lang='grc' dir='ltr'><strong>ἐκ</strong></span> <span class='ocrx_word' id='word_1_623' title='bbox 1764 5185 1856 5259; x_wconf 52' lang='lat' dir='ltr'><strong>pipp,</strong></span> <span class='ocrx_word' id='word_1_624' title='bbox 1870 5184 1911 5238; x_wconf 76' lang='lat' dir='ltr'><strong>aud</strong></span> 
     </span>
     <span class='ocr_line' id='line_1_53' title="bbox 322 5259 1678 5339; baseline 0.007 -27"><span class='ocrx_word' id='word_1_625' title='bbox 322 5259 353 5328; x_wconf 67' lang='lat' dir='ltr'><strong>tt,</strong></span> <span class='ocrx_word' id='word_1_626' title='bbox 368 5262 439 5335; x_wconf 77' lang='grc' dir='ltr'>χάριν</span> <span class='ocrx_word' id='word_1_627' title='bbox 453 5262 494 5315; x_wconf 71' lang='grc' dir='ltr'><strong>καὶ</strong></span> <span class='ocrx_word' id='word_1_628' title='bbox 508 5269 591 5336; x_wconf 79' lang='grc' dir='ltr'>σῶμα,</span> <span class='ocrx_word' id='word_1_629' title='bbox 606 5264 647 5316; x_wconf 79' lang='grc' dir='ltr'><strong>καὶ</strong></span> <span class='ocrx_word' id='word_1_630' title='bbox 660 5263 740 5337; x_wconf 59' lang='lat' dir='ltr'><strong>dupio</strong></span> <span class='ocrx_word' id='word_1_631' title='bbox 754 5263 857 5319; x_wconf 70' lang='grc' dir='ltr'>ἂνέλαὸε</span> <span class='ocrx_word' id='word_1_632' title='bbox 869 5265 981 5338; x_wconf 67' lang='grc' dir='ltr'><strong>λογικήν.</strong></span> <span class='ocrx_word' id='word_1_633' title='bbox 1001 5264 1029 5318; x_wconf 79' lang='grc' dir='ltr'><strong>οὗ</strong></span> <span class='ocrx_word' id='word_1_634' title='bbox 1045 5265 1093 5338; x_wconf 67' lang='grc' dir='ltr'><strong>γὰρ</strong></span> <span class='ocrx_word' id='word_1_635' title='bbox 1142 5268 1258 5338; x_wconf 79' lang='grc' dir='ltr'><strong>σώματος</strong></span> <span class='ocrx_word' id='word_1_636' title='bbox 1271 5267 1328 5319; x_wconf 82' lang='grc' dir='ltr'>τόδε</span> <span class='ocrx_word' id='word_1_637' title='bbox 1337 5266 1366 5320; x_wconf 81' lang='lat' dir='ltr'><strong>rb</strong></span> <span class='ocrx_word' id='word_1_638' title='bbox 1375 5269 1440 5329; x_wconf 71' lang='grc' dir='ltr'><strong>ζῶον</strong></span> <span class='ocrx_word' id='word_1_639' title='bbox 1455 5268 1597 5323; x_wconf 62' lang='lat' dir='ltr'><strong>misertim</strong></span> <span class='ocrx_word' id='word_1_640' title='bbox 1610 5267 1678 5339; x_wconf 72' lang='lat' dir='ltr'><strong>pusi.</strong></span> 
     </span>
    </p>
   </div>
   <div class='ocr_carea' id='block_1_4' title="bbox 350 5435 1270 5486">
    <p class='ocr_par' dir='ltr' id='par_1_4' title="bbox 350 5435 1270 5486">
     <span class='ocr_line' id='line_1_54' title="bbox 350 5435 1270 5486; baseline 0.005 -5"><span class='ocrx_word' id='word_1_641' title='bbox 350 5436 359 5481; x_wconf 90' lang='grc' dir='ltr'>Ι</span> <span class='ocrx_word' id='word_1_642' title='bbox 378 5435 427 5480; x_wconf 80' lang='lat' dir='ltr'><strong>Ter.</strong></span> <span class='ocrx_word' id='word_1_643' title='bbox 440 5443 457 5485; x_wconf 83' lang='lat' dir='ltr'><strong>t.</strong></span> <span class='ocrx_word' id='word_1_644' title='bbox 470 5436 500 5482; x_wconf 86' lang='lat' dir='ltr'><strong>lli</strong></span> <span class='ocrx_word' id='word_1_645' title='bbox 512 5436 620 5484; x_wconf 74' lang='lat' dir='ltr'><strong>utet-s</strong></span> <span class='ocrx_word' id='word_1_646' title='bbox 633 5437 699 5484; x_wconf 84' lang='lat' dir='ltr'><strong>Num.</strong></span> <span class='ocrx_word' id='word_1_647' title='bbox 710 5439 760 5484; x_wconf 76' lang='grc'><strong>6.-</strong></span> <span class='ocrx_word' id='word_1_648' title='bbox 770 5439 785 5485; x_wconf 77' lang='grc'>3</span> <span class='ocrx_word' id='word_1_649' title='bbox 797 5439 822 5485; x_wconf 85' lang='lat' dir='ltr'><strong>ln</strong></span> <span class='ocrx_word' id='word_1_650' title='bbox 835 5439 892 5485; x_wconf 82' lang='lat' dir='ltr'><strong>Prot.</strong></span> <span class='ocrx_word' id='word_1_651' title='bbox 905 5446 922 5484; x_wconf 86' lang='lat' dir='ltr'><strong>t.</strong></span> <span class='ocrx_word' id='word_1_652' title='bbox 938 5439 964 5484; x_wconf 78' lang='lat' dir='ltr'><strong>iv</strong></span> <span class='ocrx_word' id='word_1_653' title='bbox 976 5439 1072 5485; x_wconf 51' lang='lat' dir='ltr'><strong>cone,-</strong></span> <span class='ocrx_word' id='word_1_654' title='bbox 1084 5439 1097 5484; x_wconf 79' lang='lat' dir='ltr'><strong>t</strong></span> <span class='ocrx_word' id='word_1_655' title='bbox 1107 5439 1170 5485; x_wconf 85' lang='lat' dir='ltr'><strong>Tom.</strong></span> <span class='ocrx_word' id='word_1_656' title='bbox 1180 5440 1196 5483; x_wconf 83' lang='lat' dir='ltr'><strong>V</strong></span> <span class='ocrx_word' id='word_1_657' title='bbox 1205 5441 1270 5486; x_wconf 83' lang='lat' dir='ltr'><strong>conc.</strong></span> 
     </span>
    </p>
   </div>
   <div class='ocr_carea' id='block_1_5' title="bbox 0 0 2066 6245">
    <p class='ocr_par' dir='ltr' id='par_1_5' title="bbox 0 0 2066 6245">
     <span class='ocr_line' id='line_1_55' title="bbox 0 0 2066 6245; baseline 0 0"><span class='ocrx_word' id='word_1_658' title='bbox 0 0 2066 6245; x_wconf 95' lang='lat' dir='ltr'><strong> </strong></span> 
     </span>
    </p>
   </div>
  </div>
 </body>
</html>
