4078 6168
523 366 576 427 nn
595 365 694 428 anon
713 365 764 426 m
785 358 942 434 οιιιιιι,
969 361 1085 425 maro
1104 365 1141 440 n,
1165 363 1254 426 cla.
1277 363 1330 423 ιι.
1676 316 1715 413 aa

136 536 231 593 nator.
267 532 406 605 Quarum
440 530 525 611 prior
558 531 637 592 citra
668 532 897 591 sacramentum
947 527 1003 587 etsi
1015 530 1234 590 conditionem
1245 526 1499 608 bancaliquando
1510 524 1636 587 raritate
1647 540 1715 602 per-

135 621 238 683 mones
258 641 324 684 non
346 624 386 684 sit
406 624 445 684 ad
458 629 655 703 peecatorum
668 619 898 703 percipiendam
945 618 1056 681 tecum
1089 640 1154 682 esse
1188 622 1361 701 contingat,
1397 620 1619 696 hominemque
1651 617 1714 676 beo

134 714 555 792 relaxationem‚aoveniam;
570 717 605 776 in
619 720 811 775 sacramento
824 729 898 772 vero
946 712 1155 787 reconciliare,
1185 715 1369 793 priusquam
1401 712 1460 773 boc
1486 714 1714 772 sacramentum

135 807 318 887 munuca
331 808 406 869 satis
418 826 483 869 esee
497 808 594 887 possit
608 827 616 867 ι
631 806 783 887 posterior
792 808 898 864 autem
946 808 1017 863 actu
1035 805 1217 884 suscipiatur
1233 826 1240 864 :
1263 807 1363 884 ipsam
1382 803 1585 864 nihilominus
1603 818 1713 861 recon-

135 897 220 959 etiam
252 905 342 959 extra
374 903 602 959 sacramentum
635 897 796 958 hominem
831 896 897 956 Deo
946 894 1132 956 ciliationem
1154 897 1212 977 ipsi
1233 896 1422 969 contritioni,
1445 897 1510 956 sine
1531 892 1714 955 sacramenti

135 990 378 1064 reconciliatam
389 990 607 1051 cumebeundi
620 988 803 1050 sacramenti
811 993 895 1061 voto,
945 994 1030 1063 voto,
1046 988 1129 1067 quod
1142 989 1176 1049 in
1189 988 1243 1049 illa
1253 988 1432 1063 includitur,
1447 1006 1512 1048 non
1523 1004 1587 1047 esse
1597 985 1712 1046 adseri·

135 1100 166 1142 ec
188 1084 357 1162 proposito.
386 1083 460 1143 llaec
493 1100 618 1144 summa
650 1086 697 1142 est
724 1078 898 1141 Tridentini
945 1077 1091 1140 bendam.
1115 1079 1200 1141 tilam
1218 1099 1292 1142 vcro
1316 1081 1534 1142 contritionem
1555 1077 1714 1157 imperfec-

134 1173 240 1234 decreti
254 1194 262 1248 ;
278 1174 366 1254 quod
386 1175 500 1254 nuperi
519 1174 570 1235 isti
589 1173 725 1253 theologi
742 1190 850 1253 prava,
867 1176 898 1233 et
945 1175 1021 1248 tam,
1044 1191 1113 1251 quae
1140 1172 1257 1233 attritio
1284 1172 1406 1239 dicitur.
1431 1173 1579 1251 quoniam
1601 1170 1651 1229 vel
1675 1187 1714 1229 ex

133 1264 260 1325 violenta
276 1266 534 1346 interpretatione
553 1265 746 1345 detorquent.
773 1266 815 1324 Αο
833 1268 898 1324 tota
944 1264 1145 1343 turpitudinis
1171 1265 1286 1345 peccati
1315 1264 1569 1338 consideratione,
1597 1260 1646 1322 vel
1675 1278 1714 1321 ex

132 1356 251 1417 illorum
262 1359 346 1419 ratio
368 1357 491 1437 puerili,
512 1362 544 1418 et
565 1357 729 1437 sophistica
742 1355 897 1417 calumnia
944 1356 1096 1434 gehennae
1109 1363 1139 1418 et
1152 1375 1316 1436 poenarum
1330 1363 1417 1418 metu
1430 1356 1638 1418 communiter
1644 1371 1716 1414 con-

132 1448 229 1509 mcum
241 1448 317 1510 tacit
330 1449 493 1526 imperitis,
509 1455 564 1510 aut
574 1466 687 1529 parum
700 1447 826 1510 attentis
833 1446 896 1508 lec·
945 1448 1102 1527 cipitur‚si
1116 1449 1308 1514 voluntatem
1322 1450 1467 1530 peccandi
1481 1447 1633 1520 excludat,
1642 1463 1714 1506 oum

132 1539 253 1601 toribus.
270 1540 373 1615 Quem
391 1547 427 1601 ut
447 1540 543 1601 oculis
564 1541 708 1601 omnium
721 1539 895 1618 subjiciam,
946 1557 998 1617 spo
1016 1541 1133 1616 veniae3
1159 1541 1292 1602 declarat
1311 1561 1376 1602 non
1399 1541 1501 1601 solum
1524 1557 1588 1599 non
1613 1537 1713 1598 lacere

133 1636 225 1692 totum
238 1632 348 1711 ipsum
362 1632 552 1693 Tridentinae
559 1632 670 1712 synodi
681 1637 774 1710 caput
787 1632 898 1692 exscri-
944 1631 1104 1693 hominem
1118 1633 1323 1712 hypocritam,
1344 1639 1375 1693 et
1392 1633 1491 1711 magis
1511 1635 1712 1708 peccatorem,

133 1721 208 1782 bum.
231 1724 304 1784 Non
332 1724 419 1785 enim
437 1723 526 1785 ahter
543 1728 597 1784 aut
621 1723 747 1784 illorum
765 1723 897 1802 intelligi
945 1725 1168 1785 verumetiam
1191 1725 1309 1785 donum
1335 1725 1391 1785 Dei
1417 1742 1494 1797 esse,
1522 1727 1552 1783 et
1583 1722 1715 1801 Spiritus

133 1814 240 1876 saltada
254 1820 372 1895 potest,
387 1820 521 1895 autquae
529 1816 675 1877 adversus
684 1815 764 1877 hanc
778 1834 794 1876 a
807 1815 898 1876 nobis
945 1817 1042 1876 sancti
1055 1816 1234 1895 impulsum,
1254 1835 1319 1878 non
1333 1817 1434 1877 adhuc
1454 1814 1581 1894 quidem
1591 1813 1714 1873 inhabi-

132 1906 342 1968 sontdioenda
357 1908 485 1988 percipi.
946 1909 1050 1983 tantis,
1073 1910 1125 1969 sed
1148 1914 1273 1970 tantum
1299 1908 1462 1985 moventis,
1481 1924 1543 1985 quo
1562 1905 1716 1984 poenitens

945 2000 1069 2079 adjutus
1080 2001 1163 2061 viam
1176 2001 1234 2061 sibi
1246 2001 1284 2061 ad
1291 2000 1444 2078 justitiam
1451 2004 1549 2078 parat.
1562 2000 1599 2057 Et
1608 2014 1715 2076 quom-

945 2094 992 2154 vis
1005 2094 1071 2154 sine
1085 2098 1276 2154 sacramento
1286 2092 1476 2172 poenitentiae
1490 2109 1546 2170 per
1557 2108 1589 2151 se
1601 2090 1640 2149 ad
1650 2089 1715 2168 jus

166 2224 357 2286 TRIDENT·
375 2223 543 2287 CONCILH
564 2221 767 2285 SESSIONIS
783 2223 855 2284 XIV
944 2185 1146 2246 tifioationem
1160 2190 1357 2264 peccalorum
1375 2184 1543 2263 perducere
1556 2186 1711 2261 nequeat3

945 2281 1051 2338 tamen
1066 2276 1192 2338 eumad
1209 2277 1339 2356 gratiam
1351 2276 1384 2336 in
1404 2280 1597 2336 sacramento
1612 2274 1713 2353 poeni-

944 2369 1050 2431 tentiae
1081 2369 1308 2448 impetrandam
1345 2368 1491 2447 disponit.
1528 2368 1594 2427 Hoc
1628 2366 1713 2427 enim

349 2486 540 2569 CAPUT
566 2486 666 2567 ΧΗ.
946 2461 1057 2522 timore
1079 2461 1195 2521 utiliter
1218 2460 1357 2522 concussi
1385 2460 1530 2521 Ninivitte
1557 2460 1597 2519 ad
1622 2460 1713 2520 Jouae

944 2553 1194 2632 predicationem
1210 2552 1337 2632 plenam
1353 2551 1536 2626 terroribus,
1558 2551 1712 2630 poenitenu

944 2645 1020 2706 tiam
1047 2655 1189 2724 egerunt,
1218 2649 1248 2705 et
1268 2643 1512 2705 misericordiam
1537 2661 1556 2703 a
1581 2643 1713 2703 Domino

377 2771 416 2816 DE
436 2770 644 2817 mmmm,
945 2738 1162 2817 impetrarunt.
1191 2735 1398 2810 Quamobrem
1416 2734 1492 2795 laiso
1510 2733 1637 2814 quidam
1663 2753 1713 2795 ca-

943 2829 1137 2891 lumniantur
1150 2828 1315 2889 catholicos
1333 2827 1511 2906 scriptores,
1535 2827 1623 2905 quasi
1648 2832 1712 2886 tra-

945 2919 1096 2996 diderint,
1121 2925 1350 2981 saoramentum
1372 2917 1574 2998 poenitentiae,
1597 2916 1713 2996 absque

7 3070 8 3119 p
165 3023 216 3085 ΙΙΙ.
236 3021 433 3096 οιιοιιιιιιιο,
450 3037 520 3100 quaa
537 3019 675 3099 primum
693 3018 798 3089 locum
814 3018 896 3077 inter
944 3012 1027 3074 bono
1060 3018 1148 3074 motu
1182 3011 1434 3091 suscipientium,
1473 3009 1604 3088 gratiam
1637 3027 1712 3070 con-

130 3113 219 3177 dictos
236 3112 435 3177 Poeniteutiae
456 3110 659 3188 actushabet,
683 3110 779 3170 animi
794 3109 893 3187 dolor,
942 3104 1045 3167 ferre:
1071 3104 1154 3185 quod
1176 3120 1340 3182 nonquam
1367 3102 1500 3163 Ecclesia
1522 3101 1635 3177 docuit,
1656 3119 1714 3163 nec

7 3210 8 3215 ’
130 3224 161 3268 ac
175 3207 340 3269 detestatio
361 3210 407 3266 est
425 3204 463 3265 de
485 3208 608 3282 peccato
626 3203 800 3278 commisso,
823 3218 896 3262 cum
944 3197 1051 3259 sensit.
1067 3198 1168 3258 Sedet
1180 3195 1256 3256 falso
1271 3196 1392 3269 docent,
1415 3194 1632 3257 contritionem
1647 3211 1713 3256 essa

127 3301 279 3380 proposito
288 3316 359 3361 non
366 3296 513 3377 peccandi
523 3296 561 3357 de
570 3300 692 3357 catera.
708 3294 779 3356 Fuit
790 3298 895 3354 autem
944 3295 1107 3362 extortam,
1122 3292 1153 3349 et
1165 3292 1314 3364 coactam,
1329 3305 1395 3348 non
1408 3287 1584 3364 liberam,et
1597 3287 1712 3348 volun·

130 3393 229 3470 quens
237 3389 432 3470 temporead
445 3386 672 3466 impetrandam
689 3384 894 3464 veniampcc·
941 3383 1091 3444 tarium.»

129 3490 260 3546 catorum
272 3483 331 3545 hic
349 3480 542 3543 contritionis
559 3483 662 3540 motus
680 3476 892 3538 necessarius:
983 3474 1034 3534 Ν.
1045 3471 1145 3532 Inillo
1159 3470 1333 3532 Tridentini
1352 3470 1472 3531 οοιιιιιιι
1483 3470 1582 3575 capite
1596 3472 1713 3550 perspi-

129 3576 179 3635 et
171 3595 204 3637 ιιι
221 3575 358 3638 homine
375 3577 444 3652 post
456 3570 646 3650 baptismum
669 3568 755 3647 lapso
774 3568 818 3628 ita
840 3567 893 3629 de·
943 3582 1001 3627 cue
1014 3563 1259 3641 communicilla,
1275 3580 1371 3642 quam
1387 3562 1512 3642 exposui
1525 3580 1629 3642 supra,
1642 3581 1712 3624 sen-

7 3658 8 3743 ,
129 3663 434 3748 mumproeparatad
447 3662 662 3724 remissionem
684 3666 892 3740 peccatorum,
942 3657 1039 3719 tentia
1067 3656 1242 3718 continetur
1262 3655 1300 3716 de
1328 3654 1444 3733 duplici
1466 3655 1583 3727 dolore,
1613 3655 1710 3716 altero

7 3754 8 3763 ’
129 3760 152 3819 si
171 3778 240 3822 cum
261 3757 380 3821 fiducia
392 3755 505 3817 divinas
528 3752 757 3826 misericordiae,
773 3758 804 3813 et
821 3758 893 3814 roto
942 3750 1133 3831 imperfecto,
1156 3749 1212 3827 qui
1230 3748 1344 3809 attritio
1371 3746 1498 3823 dicitur,
1520 3746 1616 3806 altero
1643 3765 1711 3827 per-

129 3853 290 3930 praestandi
307 3848 427 3928 reliqua
440 3847 622 3925 conjunctus
636 3846 685 3918 sit,
699 3844 893 3923 quaeadrite
942 3842 1032 3915 fecto,
1048 3859 1142 3921 quem
1164 3840 1382 3901 contritionem
1394 3843 1516 3913 vomat
1536 3856 1608 3898 cum
1626 3839 1710 3899 idem

129 3944 357 4024 suscipiendum
369 3940 429 4001 hoc
441 3943 669 4000 sacramentum
677 3937 891 4016 requimntur.
942 3936 981 3995 sit
990 3940 1020 3994 et
1033 3933 1128 4012 hujus
1141 3932 1262 4013 speciei,
1278 3937 1309 3992 et
1328 3930 1424 3991 totius
1437 3931 1560 4008 generis
1575 3930 1708 3991 vocabu-

130 4034 263 4097 Declarat
277 4034 377 4113 igitur
389 4035 493 4092 sancta
517 4030 664 4109 synodus,
680 4028 760 4089 hanc
778 4027 893 4089 contri-
941 4027 1019 4088 lum.
1048 4027 1088 4087 At
1114 4043 1197 4085 nova
1223 4022 1377 4101 theologia
1402 4020 1543 4101 synodali
1569 4022 1707 4101 decreto,

7 4094 9 4109 ᾗ
131 4127 251 4201 donem,
267 4143 337 4188 non
352 4124 453 4186 solum
471 4101 852 4200 cessationemapeccato,
862 4125 893 4181 et
941 4113 1705 4198 ejusqueverbisintolerabiliaudaciavimiaciens,

7 4216 9 4229 '
132 4218 301 4283 aaronitae
315 4216 521 4298 propositum,
539 4213 828 4287 etinchootionem;
839 4212 894 4273 sed
940 4211 1014 4272 inde
1028 4210 1105 4271 illud
1125 4208 1250 4287 colligit,
1271 4208 1464 4286 «Nunquam
1482 4206 1707 4313 justificationis
1744 4214 1815 4262 laute
1816 4220 1877 4263 raat-

7 4320 8 4329 ’
130 4313 233 4372 veteris
256 4311 355 4373 etiam
377 4308 485 4369 odium
504 4306 674 4377 continere,
687 4304 776 4383 juxte
788 4303 890 4366 illud:
941 4304 1072 4383 gretiam
1100 4301 1163 4361 sive
1186 4304 1273 4360 extra
1296 4298 1555 4370 sacramentnm',
1582 4300 1646 4360 site
1672 4299 1706 4360 in
1737 4272 1825 4370 (10'3‘20
1836 4285 1885 4369 ⁶2³2.

131 4401 268 4484 Projirr'te
288 4420 309 4461 ο
326 4399 406 4462 codd
424 4417 519 4459 omme
541 4397 711 4478 iniquitates
724 4398 876 4475 oestroa,'
862 4417 894 4458 m
943 4398 1133 4455 sacramento
1147 4397 1214 4453 tam
1228 4390 1424 4470 poenitentiae,
1436 4407 1530 4469 quam
1549 4390 1705 4470 baptismi,
1753 4379 1830 4476 3¹¹⁰?
1824 4380 1862 4475 ’ξ

131 4495 230 4574 quidm
246 4492 446 4576 prevaricati
464 4496 543 4564 estis,
568 4496 597 4550 et
624 4487 714 4568 facite
739 4489 819 4549 vota
842 4508 894 4551 cor
942 4486 1053 4547 adultis
1066 4484 1144 4561 dari,
1161 4484 1222 4544 nisi
1240 4482 1384 4544 contritio
1404 4482 1576 4543 antecedat.
1586 4505 1602 4541 u
1620 4483 1709 4557 Quod
1733 4485 1844 4582 dosmff
1801 4484 1831 4528 2¹³¹
1833 4492 1883 4529 ιιι·

131 4605 240 4660 mcum,
256 4595 285 4648 et
299 4585 440 4666 spiritum
458 4600 577 4644 nouum.
597 4583 636 4641 Et
655 4587 737 4642 certe
755 4581 809 4659 qui
826 4580 895 4642 illos
943 4595 982 4639 ex
990 4576 1109 4638 οοιιοιΙιι
1122 4573 1224 4635 verbis
1237 4573 1404 4653 probare
1382 4591 1426 4635 s1c
1439 4574 1550 4652 pergit.
1569 4575 1709 4636 Primum
1757 4551 1858 4638 achacia

132 4685 306 4740 mortorum
319 4677 469 4738 clamores
480 4673 742 4735 consideraverit:
762 4671 829 4733 titi·
842 4672 897 4734 soti
944 4670 1030 4731 euim
1043 4667 1205 4729 mamriam
1219 4667 1403 4727 sacramenti
1425 4666 1615 4746 poenitentia
1636 4686 1710 4729 οοιι-

132 4771 252 4850 precari,
265 4778 295 4832 et
309 4768 423 4830 motem
439 4785 539 4828 coram
552 4772 579 4826 te
597 4763 685 4842 fert
674 4810 682 4824 .
700 4762 877 4827 Laboroci
864 4782 897 4825 ιιι
944 4761 1103 4825 tritionam
1135 4777 1200 4820 esse
1227 4759 1344 4820 statuit.
1321 4758 1454 4819 tHanc
1478 4765 1583 4820 autem
1604 4760 1712 4821 definit

133 4863 237 4938 curua
250 4880 326 4937 meo,
347 4857 449 4921 lavabo
459 4878 515 4939 per
531 4855 661 4937 deputor
677 4863 772 4917 noctes
790 4855 895 4917 tectum
944 4853 998 4931 sic,
1027 4857 1063 4913 ut
1090 4852 1129 4912 sit
1154 4851 1280 4912 «animi
1302 4851 1401 4926 dolor,
1426 4869 1462 4912 ac
1484 4852 1646 4912 detestatio
1674 4853 1711 4912 de

135 4972 243 5015 meum:
262 4949 442 5034 Recogitate
469 4949 526 5010 riti
542 4967 635 5010 omnes
656 4967 747 5009 οιιιιοι
771 4966 847 5009 ineos
864 4948 897 5008 ιἰι
944 4950 1068 5025 peccato
1087 4944 1264 5017 commisso,
1287 4960 1358 5004 oum
1373 4944 1529 5022 proposito
1552 4962 1616 5003 non
1642 4962 1713 5022 pec-

136 5044 331 5107 naoritudine
343 5043 453 5105 animer
465 5059 547 5115 mere,
563 5046 594 5102 et
607 5041 682 5101 alios
694 5041 789 5120 hujus
802 5058 896 5120 gene·
945 5037 1035 5099 candi
1049 5036 1086 5096 de
1101 5042 1212 5096 caetero
1226 5056 1233 5097 ι
1250 5057 1266 5093 ιι
1283 5037 1370 5114 cuijus
1386 5034 1479 5095 etiam
1496 5042 1617 5096 motum
1636 5053 1712 5112 qno-

137 5135 175 5196 ιιι
189 5156 197 5197 ι
210 5137 300 5198 tache
314 5134 475 5211 intelliget,
492 5150 544 5194 eos
564 5151 601 5193 ex
621 5132 798 5194 vehementi
818 5149 895 5211 quo·
945 5130 992 5192 vis
1006 5135 1147 5207 tempora
1161 5128 1200 5188 ad
1214 5126 1715 5207 impetrandamveniampeccato-

137 5227 363 5290 damanteactae
377 5226 449 5287 vitae
463 5225 545 5294 odio,
561 5230 592 5286 et
605 5224 724 5303 ingenti
752 5229 897 5303 peccato-
946 5239 1017 5282 rum
1044 5220 1136 5281 luisse
1164 5220 1371 5281 necessmium
1398 5245 1411 5272 ι
1443 5218 1587 5278 affirmat.
1619 5217 1714 5276 Porro

136 5335 201 5381 rum
220 5320 423 5383 detentione
442 5336 595 5380 manasse.
621 5320 715 5380 Docet
737 5322 897 5397 praeterea,
951 5336 966 5373 o
978 5312 1207 5376 hanceamdem
1219 5312 1435 5374 contritionem
1449 5327 1513 5369 non
1527 5306 1628 5367 solum
1642 5307 1714 5367 vite

158 5520 169 5565 Ι
181 5521 242 5567 ron.
262 5520 300 5572 ΙΙΙ,
311 5521 329 5565 l.
341 5521 367 5573 T,
379 5530 427 5575 cap.
437 5530 507 5563 mir.
