4072 6164
320 358 380 419 580
829 350 1152 412 THEOhOGlGORUbl
1172 280 1390 416 DOGblllTUbl

167 523 279 586 nummo
322 519 357 580 de
373 518 499 591 Christo,
516 519 558 578 sic
577 534 647 578 eam
662 517 816 596 explicat:
837 537 852 574 ιι
866 517 938 590 Νοε,
955 513 1090 593 inquit¹,
1142 512 1911 595 IllPapaobjioitinepistolaadeumdemscripta⁸,

150 577 286 693 ‘'iismiiiii
325 613 422 672 Deum
448 610 587 671 Verbum
613 609 810 688 unigenitum
845 609 945 669 filium
980 608 1090 681 Patris,
1139 625 1200 685 qrra
1224 609 1392 669 novitatem
1407 608 1440 668 in
1455 609 1630 686 Trisagium
1638 608 1797 687 hymnum
1811 605 1852 667 ab
1871 625 1911 667 eo

148 686 289 739 nnumin
324 703 489 764 Dominum
504 707 647 763 nostrum
657 703 765 763 lesum
777 701 947 777 Christum,
966 699 1021 778 qui
1035 716 1091 777 pro
1139 699 1347 761 introductam
1359 700 1528 776 redarguit.

322 795 413 855 nobis
427 812 533 872 passus
547 807 593 853 est
606 811 709 862 carne,
726 809 827 852 unum
847 792 885 852 de
907 791 1007 851 tribus
1018 788 1090 849 sub·
1180 791 1230 851 Sic
1243 791 1372 852 Aeacius
1384 792 1418 851 in
1437 791 1532 852 simili
1550 792 1589 852 ad
1603 790 1749 852 eumdem
1766 789 1910 869 epistola,

321 886 477 961 sistentiis,
500 886 594 946 unius
616 884 787 945 divinitatis
810 902 874 944 esse
891 883 1087 943 eredimus·
1140 880 1241 961 ipsum
1267 882 1419 962 increpat,
1448 884 1532 962 quod
1559 883 1634 957 Arii,
1662 890 1694 944 et
1720 882 1913 962 Apollinaris

319 978 363 1038 Ac
376 978 507 1038 subinde
518 976 644 1037 brevius
656 975 802 1055 proponit
813 977 857 1035 sic
867 975 890 1035 ¹:
903 994 919 1031 u
933 975 1039 1035 Unum
1052 990 1091 1033 er
1140 981 1263 1035 secutus
1285 976 1439 1051 tarnim,
1459 975 1582 1048 dixerit,
1602 996 1618 1033 u
1634 993 1732 1035 unum
1746 993 1786 1036 ex
1805 975 1912 1035 Trini-

320 1070 473 1130 Trinitate
487 1087 552 1130 ossa
565 1069 734 1141 Christum,
750 1066 805 1145 qui
814 1085 870 1146 pro
883 1065 972 1126 nobis
983 1083 1091 1144 passus
1138 1070 1201 1127 tate
1234 1085 1360 1146 passum
1393 1086 1486 1144 esse;
1522 1067 1577 1147 qui
1605 1074 1653 1128 est
1684 1065 1913 1146 inexplicabilis

321 1168 366 1222 est
379 1181 482 1223 carne.
510 1183 526 1219 r>
556 1165 655 1222 item:
681 1161 797 1220 «Unus
811 1178 850 1219 ex
862 1157 1011 1218 Trinitate
1032 1165 1088 1231 est,
1138 1158 1289 1236 sapientia
1303 1160 1370 1234 Dei,
1384 1164 1414 1220 et
1428 1159 1540 1234 Patris,
1556 1165 1587 1220 et
1600 1158 1696 1238 ipsius
1709 1157 1867 1237 splendor,
1880 1162 1914 1219 et

320 1255 375 1332 qui
389 1254 560 1314 secundum
571 1250 1090 1328 carnemexVirginellarianutus
1138 1248 1296 1311 character
1320 1250 1500 1312 substantiae
1522 1250 1637 1330 ipsius,
1671 1249 1810 1311 Verbum
1845 1268 1914 1311 una

319 1351 374 1406 est.
388 1372 401 1399 a
423 1348 462 1406 Et
480 1345 513 1405 in
535 1350 646 1423 quarto
668 1341 921 1417 anathematismo,
940 1363 955 1399 ι
971 1341 1002 1400 Si
1020 1340 1089 1420 quia
1137 1359 1209 1402 cum
1223 1344 1312 1403 Patre
1323 1343 1475 1422 principio
1487 1348 1647 1419 carens,et
1659 1348 1909 1404 maternum‘.»

317 1456 382 1497 non
397 1436 564 1516 acquiescit
584 1435 724 1496 confiteri
750 1434 907 1494 Christum
931 1451 1031 1494 rmum
1051 1433 1089 1494 de
1137 1434 1254 1507 Quibus
1268 1453 1342 1495 vero
1357 1435 1510 1497 decausis
1523 1441 1674 1515 suspecta,
1690 1440 1722 1495 et
1734 1433 1914 1515 Mprobata

317 1529 478 1600 Trinitatis,
495 1528 588 1588 etiam
607 1544 679 1588 cum
698 1544 790 1586 carne
813 1524 949 1605 propria,
963 1524 1017 1603 qui
1031 1542 1088 1603 pro
1136 1528 1256 1587 novitas
1266 1527 1324 1588 ista
1337 1527 1440 1601 fuerit,
1455 1528 1517 1589 late
1535 1528 1620 1588 Felix
1634 1526 1717 1607 Papa
1729 1527 1913 1588 declaratin

318 1618 409 1681 nobis
422 1637 527 1699 passus
541 1620 630 1680 estin
644 1635 754 1692 carne3
767 1617 909 1696 quamvis
917 1616 1088 1677 secundum
1136 1619 1265 1697 epistola
1279 1637 1335 1680 sua
1352 1639 1358 1680 :
1376 1620 1431 1681 ubi
1444 1620 1530 1681 illam
1542 1620 1660 1700 duplici
1673 1618 1803 1681 nomine
1817 1619 1911 1681 dam·

318 1730 443 1773 carnem
458 1730 522 1772 non
535 1711 575 1770 sit
588 1711 626 1770 de
636 1710 806 1770 substantia
815 1708 993 1768 Trinitatis:
1009 1726 1087 1768 aua·
1136 1715 1191 1770 nat
1208 1731 1215 1771 :
1236 1732 1250 1768 ιι
1261 1713 1345 1791 quod
1360 1717 1391 1773 et
1402 1712 1671 1774 consubstantialis
1690 1712 1806 1791 dogma
1826 1713 1913 1791 peri·

316 1804 423 1865 thema
436 1804 514 1863 sit.»
537 1804 576 1863 Et
591 1801 625 1862 in
645 1801 835 1881 Responsioue
848 1798 871 1876 ⁸,
902 1800 1086 1874 «Anione,
1135 1807 1213 1876 mat,
1230 1808 1260 1862 et
1273 1804 1380 1881 plures
1393 1805 1484 1881 Deos,
1500 1804 1560 1865 hoc
1581 1809 1627 1864 est
1643 1810 1713 1879 tres,
1728 1802 1911 1865 constituat.

316 1915 382 1957 non
404 1895 603 1961 catholicum.
629 1895 764 1974 inquit,
808 1891 965 1953 Christum
987 1892 1087 1952 lilium
1136 1893 1213 1954 Nam
1228 1894 1255 1955 si
1273 1913 1357 1956 unus
1370 1902 1484 1958 sancta
1506 1896 1712 1975 increatoeque
1736 1894 1911 1971 Trinitatis,

316 1989 372 2049 Dei
386 1987 554 2048 vivianum
567 1983 1088 2060 mnfiteriexsancta,etindividua
1135 1990 1167 2045 et
1198 1991 1369 2048 coaeternus
1394 1994 1452 2066 est,
1480 1988 1645 2048 crucifixus
1678 1989 1773 2062 Deus,
1796 2004 1913 2067 nempe

315 2080 476 2141 Trinitate.
492 2100 507 2136 n
524 2081 591 2152 Qua
606 2078 734 2156 quidem
752 2077 785 2137 in
812 2074 1002 2156 desponsione
1018 2076 1086 2137 illos
1136 2075 1230 2137 Filius
1246 2096 1253 2139 :
1270 2087 1344 2140 sunt
1365 2093 1471 2141 autem
1495 2080 1654 2140 Trinitatis
1670 2078 1812 2159 ejusdem
1833 2079 1909 2153 duo,

314 2169 520 2246 redarguit‘,u
533 2171 587 2248 qui
600 2170 758 2229 Christum
770 2168 866 2227 unam
875 2168 1002 2246 quidem
1015 2187 1085 2248 per·
1135 2169 1235 2245 Pater,
1260 2176 1291 2230 et
1311 2171 1447 2250 Spiritus
1470 2177 1605 2248 sanctus,
1625 2191 1661 2231 ac
1679 2170 1723 2231 dii
1744 2164 1910 2248 vocantur,

314 2280 422 2323 sonam
437 2282 475 2323 ex
484 2263 646 2336 Trinitate,
662 2279 726 2321 uon
740 2264 846 2320 autom
858 2278 958 2320 unum
968 2279 1007 2321 ex
1021 2261 1085 2321 Tri·
1134 2278 1199 2320 nou
1214 2262 1305 2337 lteus,
1322 2265 1366 2323 uti
1381 2281 1456 2324 vera
1468 2264 1615 2343 professio
1627 2262 1782 2324 continet:
1799 2282 1913 2342 quem·

314 2355 412 2414 nitate
426 2353 639 2414 sssefatentur
655 2372 662 2411 :
680 2374 695 2409 n
714 2369 789 2413 cum
802 2358 973 2431 utrumque
993 2353 1033 2412 sit
1046 2370 1084 2414 ex
1134 2353 1304 2415 admodum
1324 2355 1415 2416 nobis
1433 2356 1641 2428 tradiderunt,
1663 2355 1718 2434 qui
1740 2354 1801 2433 ipsi
1819 2354 1910 2416 ride·

315 2464 403 2525 aequo
418 2445 638 2523 profitendum.
1132 2451 1218 2518 runt,
1235 2451 1266 2505 et
1279 2447 1412 2507 ministri
1429 2446 1556 2509 fuerunt
1570 2447 1721 2508 sermonis
1739 2465 1746 2506 :
1766 2445 1911 2507 invenie-

353 2538 462 2598 Pctrus
488 2555 613 2616 quoque
647 2537 805 2613 diaconus,
841 2536 1027 2616 Scytharum
1054 2541 1085 2597 et
1133 2552 1203 2597 mus
1218 2537 1277 2615 hac
1289 2539 1410 2599 ratione
1419 2537 1689 2601 consubstantialis
1703 2537 1784 2597 solvi
1797 2538 1906 2599 fidem.

312 2630 378 2709 ipse
392 2631 618 2689 monachorum
629 2647 722 2704 unus,
738 2628 772 2688 in
784 2628 885 2688 libello
900 2626 934 2688 de
945 2627 1084 2688 Incarna-
1133 2628 1222 2700 Quod
1240 2629 1324 2690 enim
1342 2631 1473 2693 mortale
1491 2637 1548 2706 est,
1570 2637 1602 2691 et
1625 2632 1709 2710 quod
1728 2629 1909 2690 immortale

313 2721 392 2782 tione
405 2722 445 2780 orl
458 2720 660 2800 Fulpentiom,
676 2728 706 2781 et
718 2720 789 2780 alios
805 2720 948 2799 episcopos
957 2719 1082 2798 Africis,
1132 2719 1404 2782 consubstantialia
1438 2740 1504 2783 esse
1534 2728 1705 2802 nequeunt.
1737 2722 1842 2800 Atque
1864 2721 1909 2784 ita

312 2814 411 2892 rapite
425 2818 562 2892 quarto:
593 2812 685 2872 «Hac
708 2812 746 2872 dc
761 2830 863 2887 causa,
887 2809 999 2888 inquit,
1015 2811 1082 2870 Tri·
1132 2811 1437 2874 deorummultitudo
1445 2814 1632 2891 firmabitur,
1643 2814 1719 2874 dum
1732 2819 1796 2875 tres
1812 2814 1858 2874 dii
1872 2813 1907 2875 in

312 2905 403 2979 nitas,
426 2905 521 2964 etiam
544 2908 614 2980 post
637 2903 861 2964 Incarnationis
883 2902 1080 2978 mysterium,
1133 2902 1338 2964 Christianam
1356 2905 1539 2984 religionem
1554 2905 1745 2966 invehuntur
1759 2903 1784 2965 ί.
1803 2926 1821 2961 ο
1843 2905 1905 2985 lgi-

311 2997 448 3056 Trinitas
468 2996 606 3055 mansit:
632 2994 706 3073 quia
728 2995 811 3055 idem
831 2996 912 3054 Deus
926 2992 1080 3071 Verbum,
1131 2999 1183 3053 tur
1205 2998 1359 3072 quatenus
1385 3015 1460 3058 onus
1478 3016 1515 3058 es
1541 2997 1568 3058 Τ
1566 2997 1687 3057 rinr'tute
1707 2997 1834 3070 dicitur,
1856 2998 1906 3058 ni·

311 3085 1079 3165 etiamnumpropriacarne,unusestexTrinitate:
1131 3085 1249 3146 mirum
1274 3089 1365 3164 Deus,
1381 3089 1486 3167 plures
1506 3089 1637 3168 intelligi
1655 3091 1734 3149 Deos
1747 3089 1904 3168 interpre-

311 3197 376 3239 non
390 3178 473 3258 quod
486 3196 558 3238 caro
572 3178 639 3255 ejus
652 3178 690 3238 sit
703 3178 742 3238 de
759 3177 931 3238 substantia
947 3176 1080 3238 Trinita·
1129 3176 1287 3239 labantur.
1300 3180 1385 3240 Tum·
1394 3181 1479 3260 quod
1492 3181 1545 3242 ille
1553 3182 1619 3262 ipse
1628 3181 1902 3257 unussTrinitate,

310 3272 364 3345 tis3
381 3272 433 3332 sed
447 3270 522 3350 qnia
535 3288 606 3331 caro
622 3269 676 3330 liei
692 3268 786 3329 Verbi
800 3274 857 3343 est,
872 3269 925 3347 qui
940 3274 985 3329 est
998 3287 1080 3330 untia
1129 3268 1267 3331 tribusve
1279 3271 1347 3342 diis,
1364 3289 1482 3350 passus,
1496 3278 1527 3334 et
1540 3274 1625 3334 cruci
1635 3272 1756 3346 allisus,
1770 3292 1808 3334 ac
1822 3293 1905 3336 mor-

310 3382 349 3425 ex
362 3362 521 3424 Trinitate.
540 3388 553 3415 ν
1129 3366 1268 3432 tunsest,
1288 3362 1445 3424 dissimilis
1458 3382 1495 3425 eo
1509 3364 1576 3444 ipso
1588 3369 1709 3426 naturae
1723 3365 1763 3425 ab
1782 3368 1903 3429 caletis

348 3457 389 3516 At
409 3455 575 3515 Dioscorus
594 3452 743 3513 diaconus
755 3451 778 3528 ί,
807 3471 890 3512 ursus
912 3470 951 3513 ex
970 3452 1079 3530 legatis
1128 3452 1341 3514 aestimabitur.
1367 3455 1442 3528 Quae
1463 3456 1525 3516 duo
1547 3455 1633 3530 Arii,
1657 3461 1689 3517 et
1711 3457 1902 3536 Apollinaris

312 3546 492 3625 Apostolicae
513 3544 593 3605 sedis
611 3544 651 3604 ab
665 3543 828 3604 Hormisda
854 3543 938 3623 Papa
953 3544 1075 3619 missus,
1126 3542 1237 3604 haeresi
1250 3550 1458 3607 consentanea
1479 3554 1563 3607 sunt.
1590 3547 1670 3608 Cum
1684 3548 1769 3609 enim
1784 3549 1899 3611 divini-

307 3638 397 3697 illum
411 3638 493 3697 inter
507 3636 568 3697 alia
582 3635 717 3713 capitula
730 3635 957 3695 monachorum
976 3654 1077 3714 repre·
1126 3640 1221 3696 tatem
1235 3637 1333 3715 ipsam
1345 3636 1415 3697 Filii
1429 3637 1483 3698 Dei
1489 3656 1612 3718 passam
1623 3658 1698 3715 esse,
1708 3645 1898 3722 caeterasque

306 3728 415 3789 hendit
432 3746 439 3787 :
458 3725 554 3789 Unum
567 3725 603 3786 de
620 3725 770 3788 Trinitate
791 3725 982 3806 crucifixum.
1003 3728 1076 3787 Fer·
1126 3728 1310 3788 conditionis
1353 3728 1496 3790 humanae
1539 3731 1680 3811 proprias
1717 3731 1897 3796 affectiones
2030 3798 2031 3811 ,

306 3821 420 3882 randus
447 3838 521 3881 vero
549 3819 710 3892 macarius,
740 3818 836 3879 Unum
862 3819 898 3878 de
925 3818 1076 3881 Trinitate
1124 3818 1253 3880 subiisse
1276 3819 1436 3882 dicerent:
1464 3820 1577 3900 quibus
1604 3824 1724 3884 Patrem
1740 3824 1896 3903 imprimis
2030 3834 2031 3843 ’

300 3932 433 3991 possum,
450 3911 594 3991 usurpari
608 3909 720 3971 debere
734 3911 852 3971 asserit.
1124 3910 1294 3971 obnoxium
1307 3911 1401 3973 fuisse
1416 3919 1565 3991 negarent
1581 3933 1589 3974 :
1605 3914 1794 3993 sequebatur
1808 3915 1892 3994 inde,

146 4024 266 4076 balbusta
345 4006 400 4065 lv.
429 4005 502 4064 Haeo
519 4003 669 4082 posterior
683 4002 827 4078 formula,
843 4019 913 4080 quar
929 4021 1020 4061 unum
1040 4000 1075 4063 de
1123 4021 1188 4063 non
1201 4005 1341 4065 eamdem
1355 4004 1513 4084 utriusque
1531 4023 1597 4067 esse
1615 4006 1832 4081 substantiam,
1856 4028 1894 4070 ex

132 4080 277 4186 suffin-
307 4094 452 4157 Trinitate
478 4093 667 4173 crucifixum,
695 4101 749 4153 aut
770 4111 888 4173 passum
913 4093 1072 4171 praedicat,
1123 4113 1185 4173 quo
1215 4100 1362 4171 ἡπολυθιία
1397 4097 1581 4158 nascebatur
1609 4117 1617 4158 ι
1645 4099 1734 4177 crrjns
1773 4099 1892 4162 invidia
1923 4114 2030 4170 m*

130 4183 276 4284 campestrium
302 4186 460 4249 catholicis
473 4186 561 4246 initio
580 4185 713 4246 maxime
733 4185 897 4263 displicuit,
913 4185 1072 4263 quandoa
1120 4185 1230 4246 merito
1257 4187 1409 4248 laboravit
1435 4188 1550 4249 Ariana
1574 4189 1720 4269 perfidia;
1745 4191 1801 4252 sed
1834 4210 1890 4255 nso
1956 4179 2030 4257 “1

143 4249 182 4281 ⁵⁰¹¹
207 4252 220 4282 ⁰
240 4252 262 4285 ⁸⁸
302 4280 392 4339 Petro
405 4277 563 4354 Cnapheo,
578 4277 643 4336 sive
656 4275 793 4344 Fullone.
809 4277 948 4355 primum
962 4277 1071 4336 Antio·
1121 4277 1269 4338 immunis
1282 4278 1322 4338 ab
1336 4279 1389 4339 illa
1401 4279 1731 4360 fuitEutychiauorum
1743 4281 1888 4360 haeresis3

300 4369 377 4432 chin
391 4368 514 4449 pubhcc
534 4367 734 4447 pronuntiata
757 4372 802 4427 est
818 4387 825 4427 ι
842 4368 924 4446 qrrod
944 4367 972 4428 ei
987 4367 1071 4427 Felix
1121 4387 1159 4429 ex
1172 4387 1233 4448 qua
1248 4388 1384 4450 propago
1394 4371 1540 4450 qrraedam
1553 4372 1678 4451 exstitit,
1694 4374 1785 4453 cuijus
1801 4375 1888 4455 prin·

334 4584 355 4624 a
373 4569 452 4623 Actu
469 4565 543 4637 apud
557 4567 654 4622 Zonar.
674 4567 708 4619 liu
723 4565 749 4618 δὲ
771 4565 820 4618 ἀπὸ
839 4570 881 4632 τῆς
895 4564 1009 4634 ἀληθείας
1023 4566 1065 4633 τὴν
1117 4569 1201 4639 puteis
1214 4568 1276 4634 θεὸς,
1284 4569 1431 4624 τουτίοτινθ
1444 4569 1504 4634 ulls,
1514 4572 1558 4624 δύο
1571 4571 1598 4625 bl
1609 4575 1652 4639 τῆς
1666 4574 1786 4644 τριάδοςθ
1797 4576 1886 4651 wip,

297 4650 373 4717 ἀκοὴν
388 4650 548 4721 ἀποστρέψας,
564 4646 603 4701 ἐπὶ
625 4650 682 4709 wit
702 4647 788 4720 μύθους
803 4646 933 4720 ἒξῑτρᾶπης
946 4648 1008 4701 κατὰ
1024 4648 1065 4702 τθν
1116 4651 1156 4702 καί
1169 4651 1199 4703 sb
1212 4653 1281 4722 ἅγιον
1301 4646 1406 4724 πνεῦμα,
1420 4653 1535 4724 λέγονται
1556 4653 1582 4708 tl
1607 4655 1666 4719 θεοί,
1682 4656 1723 4709 καὶ
1746 4655 1806 4731 οὐχὶ
1825 4660 1887 4713 κατὰ

296 4731 404 4804 stipetur.
426 4732 466 4783 ital
484 4731 667 4802 Ἀπολινάριον,
686 4730 776 4801 λέγων·
792 4730 833 4784 τδν
856 4730 899 4782 ίνα
912 4734 955 4797 τῆς
969 4733 1066 4802 τριάδος
1115 4732 1157 4785 τθν
1172 4732 1227 4800 silli
1235 4735 1309 4805 λόγον
1317 4735 1379 4797 θεός·
1394 4736 1473 4798 καθὼς
1485 4739 1685 4809 παραδεδώκασιν
1698 4737 1757 4810 ἡμῖν
1767 4741 1792 4793 ol
1803 4740 1886 4795 abela.

296 4817 391 4868 παθεῖν·
405 4815 431 4876 θς
446 4812 510 4866 ἔστιν
530 4813 664 4884 hippuros
677 4813 753 4884 σοφία
767 4817 811 4865 τοῦ
829 4814 894 4877 θεοῦ,
909 4814 950 4865 καί
963 4813 1063 4884 πατρὸς,
1115 4834 1164 4881 ται,
1186 4815 1228 4868 καί
1245 4816 1363 4889 ὑπηρέται
1377 4821 1503 4891 γενόμενοι
1517 4813 1560 4873 τοῦ
1579 4820 1664 4891 λόγον·
1688 4820 1883 4893 εθρεθήατῃδῆ

295 4899 325 4950 ³⁶
346 4916 373 4950 τε
389 4896 463 4949 αὐτοῦ
480 4894 639 4966 ἀπάθίίίσθθν
658 4895 698 4947 καί
714 4894 839 4967 iamsi?
853 4899 896 4961 Vll
910 4895 1066 4958 θπθῦῖάῦῑως
1114 4896 1155 4949 καί
1178 4898 1255 4961 ῡθτως
1266 4899 1387 4972 θυόμενον
1404 4899 1446 4971 μὲν
1465 4901 1495 4954 ab
1513 4901 1653 4972 θροοίοιον·
1669 4903 1757 4971 θνητδν
1772 4904 1832 4977 γὰρ,
1846 4907 1884 4959 καί

294 4972 378 5041 ᾱθῑῠῧ,
389 4979 463 5050 λόγος
474 4978 636 5048 dummoc,
651 4977 692 5029 καί
706 4973 836 5038 συίαίῧῑος·
1114 4978 1233 5033 ἀθάνατον
1247 4981 1366 5052 ipocrisis
1380 4981 1416 5035 ἔτι
1433 4977 1494 5036 εἶναι
1513 4983 1542 5036 οὗ
1556 4984 1679 5038 δύνανται·
1695 4988 1883 5057 spanahim

329 5062 448 5116 thtttx
463 5059 529 5115 ibid.
550 5059 597 5111 Καὶ
616 5058 657 5111 διὰ
675 5059 762 5111 τούτου
783 5056 929 5130 ἐδοκίμασας
942 5060 1007 5113 λθειν
1022 5059 1064 5111 καί
1113 5060 1139 5115 δὲ
1153 5062 1194 5114 aul
1208 5061 1285 5124 οὕτως
1306 5064 1374 5131 ὁτῆς
1398 5065 1525 5128 ‚colongia
1548 5066 1623 5138 λόγος
1644 5065 1669 5121 ξ,
1690 5073 1727 5140 τῷ
1741 5072 1882 5141 τμρςρῑὼς

292 5144 322 5197 τί)
345 5142 487 5215 θμοοιίοιον,
508 5142 549 5194 καί
564 5140 659 5213 ἀριθμῷ
670 5140 820 5194 θποθιίλλειν
831 5142 860 5193 τὸ
872 5142 946 5195 θεῖον.
963 5140 993 5194 El
1015 5141 1062 5213 γὰρ
1113 5145 1298 5217 Χριστιαοωμῷ
1311 5148 1494 5219 καταγγέλλειν,

292 5220 328 5288 είς
342 5229 386 5292 τῆς
399 5225 469 5297 ἁγίας
483 5226 580 5296 τριάδος
587 5227 630 5290 τῆς
642 5223 765 5295 ἀκτίστου,
776 5224 817 5276 καί
829 5220 974 5287 συναίδιοςθ
987 5243 1061 5278 σεαυ-

318 5415 328 5457 t
344 5412 402 5456 Tou.
414 5411 442 5454 IV
453 5410 509 5453 Bttl.
521 5409 621 5452 teu-s
636 5408 668 5454 lh.
681 5409 750 5452 taa-
765 5409 779 5451 8
790 5408 821 5453 lh.
833 5409 909 5457 tst.-
920 5410 933 5454 l
947 5410 977 5455 lb.
988 5410 1064 5455 ιθ).-
1074 5409 1088 5454 t
1100 5412 1125 5456 Ιο
1136 5412 1188 5466 Soa.
1202 5414 1256 5466 aar.
1271 5411 1300 5457 ad
1312 5413 1386 5459 Hom.
1399 5417 1449 5457 tom
1462 5413 1492 5459 ltl
1502 5414 1621 5462 Gonu-d
1634 5416 1687 5461 Vide
1701 5416 1741 5462 ut.
1753 5417 1762 5463 l
1777 5425 1872 5464 οοειενι

290 5486 311 5519 ο.
321 5484 376 5518 mu
386 5484 411 5518 cx
422 5482 457 5527 ap.
470 5471 534 5515 Folio.
549 5483 599 5526 qus
609 5476 642 5516 ost
650 5471 674 5516 ln
684 5473 764 5518 snut.
777 5473 869 5516 sonori
880 5474 963 5518 Conon
