4122 6248
633 320 684 380 ult
703 318 1001 397 lucentissimus,
1022 321 1101 385 LIB.
1123 323 1162 401 V,
1183 322 1264 387 Gdl’.
1288 322 1367 385 xvi.
1741 320 1802 382 663

255 485 380 547 Proclus
398 503 473 547 vero
494 484 662 565 Cyzicenus
683 485 784 546 adhuc
806 485 979 566 episcopus,
1030 494 1061 550 et
1085 488 1121 549 iu
1143 489 1251 551 eadem
1279 490 1409 569 Virgine
1436 486 1800 549 bumanaecurnisnatu·

213 585 320 660 postea
339 578 708 658 Constantinopolitanus,
724 578 864 639 oratione
881 579 982 655 prime
1029 599 1110 657 rum,
1145 583 1319 643 secundum
1353 600 1447 662 quam
1474 577 1688 660 temporaliter
1716 580 1802 640 Deus

215 671 247 732 iu
265 679 395 733 sunctum
425 669 584 750 Virginem,
609 689 679 749 ques
703 670 794 731 initio
818 671 981 750 Ephesius
1031 675 1239 751 sempiternus
1277 670 1504 754 conciperetur,
1544 677 1575 734 et
1609 677 1799 748 nasceretur,

214 763 325 843 synodi
352 762 479 843 praefixa
503 767 559 837 est,
587 762 664 823 illud
690 762 792 842 ipsum
817 762 983 841 pigmentis
1032 767 1235 845 assumpsit.»

214 855 368 931 oratoriis,
381 856 420 917 ad
434 855 617 934 exquisitam
629 854 813 934 elegantiam
822 859 980 927 ornatum,
1073 859 1196 919 Plenius
1211 860 1245 920 in
1265 859 1375 920 eodem
1393 863 1578 934 argumento
1599 856 1716 917 versari
1732 855 1803 918 Fer·

214 967 303 1010 more
326 966 382 1010 suo
406 948 525 1009 studuit
544 947 729 1026 exprimere.
754 947 800 1007 lbi
819 948 901 1009 inter
922 947 984 1007 alie
1031 950 1149 1012 raudus
1161 951 1304 1025 instituit,
1318 957 1348 1012 et
1362 948 1526 1014 observata
1534 950 1567 1010 vi
1577 948 1802 1029 prepositionis

214 1040 338 1102 beatam
364 1040 525 1119 Virginem
562 1046 674 1115 vocat,
721 1039 984 1100 «incarnationis
1032 1063 1069 1105 es
1083 1045 1117 1104 in
1132 1044 1184 1105 illo
1197 1043 1336 1124 Apostoli
1348 1044 1428 1117 loco,
1442 1042 1497 1104 ubi
1506 1043 1620 1122 tactum
1629 1060 1667 1102 ee
1676 1039 1802 1102 muliere

215 1134 382 1194 tortarium
400 1132 524 1211 jugum,
545 1132 578 1193 in
593 1150 655 1212 quo
677 1132 887 1212 inexplicabili
905 1149 982 1211 quo·
1031 1136 1131 1217 filium
1155 1137 1265 1198 asserit
1289 1134 1378 1211 Dei³‚
1393 1136 1437 1197 sic
1467 1135 1613 1214 deinceps
1638 1132 1803 1194 hereticos

124 1298 128 1304 ⁹
214 1225 287 1286 dam
297 1226 390 1287 modo
400 1223 549 1285 unitionis
557 1220 663 1285 tunica
672 1223 810 1286 coniecta
819 1230 866 1285 est
877 1243 883 1283 :
896 1225 984 1301 eujus
1031 1229 1151 1290 lacessit
1161 1232 1184 1290 *ς
1199 1250 1215 1288 s
1225 1229 1257 1290 Si
1267 1230 1363 1308 igitur
1382 1247 1421 1290 ex
1434 1227 1565 1290 muliere
1578 1225 1717 1286 Verbum
1730 1244 1801 1286 earo

214 1324 317 1378 textm
330 1316 389 1378 fuit
408 1316 542 1397 Spiritus
558 1321 681 1377 sauctus
693 1337 700 1377 ε
713 1317 825 1391 neuin,
846 1316 898 1377 illa
913 1333 982 1394 quse
1031 1320 1147 1382 iactum
1168 1327 1223 1395 est,
1240 1340 1311 1382 caro
1333 1321 1427 1381 Verbi
1447 1319 1659 1381 indubitanter
1679 1323 1802 1395 sumpta

213 1408 414 1471 obumbravit
433 1427 472 1470 ex
491 1408 553 1469 altu
576 1409 694 1470 virtus:
712 1410 783 1471 lune
806 1410 874 1485 luit,
896 1413 985 1469 vuius
1032 1422 1079 1476 est
1092 1415 1130 1476 de
1142 1415 1283 1489 mstliere,
1298 1419 1355 1475 etc.
1371 1412 1519 1492 Alioquin
1533 1413 1559 1472 si
1572 1410 1732 1472 fabricavit
1744 1409 1801 1470 sibi

213 1501 433 1565 Adfflivulbss
446 1522 453 1562 ἱ
465 1501 700 1574 transitibus
710 1519 748 1562 0¹
756 1501 884 1580 Virgine
893 1519 981 1561 butu:
1032 1513 1153 1567 creator
1171 1507 1295 1568 ersendi
1313 1507 1387 1567 nori
1407 1505 1529 1583 generis
1549 1520 1676 1564 carnem
1695 1502 1745 1562 vel
1765 1518 1801 1562 ex

214 1595 332 1671 radius,
361 1595 515 1655 immensa
540 1595 688 1672 gestantis
714 1595 813 1673 gratia
833 1611 841 1652 ι
862 1591 981 1669 artilex,
1031 1599 1143 1675 nihilo,
1154 1599 1203 1660 vel
1215 1598 1298 1659 unde
1307 1597 1418 1673 voluit,
1426 1614 1575 1676 apparere
1585 1594 1686 1655 subito
1696 1593 1802 1654 debuit

214 1686 354 1748 Verbum
368 1686 452 1765 quod
465 1703 522 1765 per
537 1685 679 1746 auditum
696 1685 840 1765 illapsum
858 1690 960 1745 estu»
1032 1691 1129 1752 usulis
1142 1684 1332 1765 mortalium,
1343 1706 1438 1768 quam
1445 1690 1551 1750 decem
1559 1686 1720 1749 mensibus
1728 1685 1802 1746 tole·

254 1779 334 1839 VIll.
353 1777 525 1838 Audiamus
538 1782 570 1838 et
581 1778 775 1839 Ferraudum
787 1774 983 1852 diaconum¹,
1032 1803 1102 1846 mre
1113 1785 1201 1863 pessi
1214 1783 1331 1844 ventris
1344 1781 1525 1861 hospitium,
1539 1780 1629 1858 cnjus
1643 1778 1800 1857 magnitu-

213 1872 268 1950 qui
287 1870 387 1931 tilium
409 1870 558 1943 bominis,
578 1870 663 1949 quod
678 1869 886 1949 inscripturis
903 1886 984 1946 saepe
1032 1877 1099 1937 dini
1121 1895 1186 1937 non
1209 1875 1321 1936 sufficit
1340 1874 1465 1936 culum.
1491 1872 1572 1940 Quid
1594 1871 1801 1933 necessarium

214 1963 314 2040 audit,
327 1981 362 2024 ac
376 1980 408 2023 se
422 1963 489 2041 ipsc
501 1981 625 2041 quoque
639 1962 790 2033 nominat,
802 1961 984 2040 neutiquam
1032 1968 1101 2045 fuit,
1116 1975 1152 2029 ut
1167 1970 1185 2029 J
1189 1968 1287 2048 sseph
1307 1986 1440 2048 sponsus
1458 1966 1556 2027 fidelis
1569 1964 1677 2025 videns
1699 1963 1803 2042 conju-

214 2055 280 2117 iore
292 2054 449 2115 Christum
464 2055 647 2129 ait,sinihil
660 2072 698 2114 ex
713 2055 747 2114 B.
764 2053 901 2132 Virginis
914 2052 985 2113 sub
1032 2079 1105 2140 gem
1125 2062 1340 2137 uastissimsm,
1370 2061 1553 2140 priusquam
1587 2055 1800 2129 convenirent,

214 2148 328 2208 stantia
344 2147 470 2226 cepisset
485 2166 492 2206 t
509 2168 519 2204 ι
537 2147 570 2207 Si
593 2146 765 2207 secuudum
784 2144 867 2224 quud
884 2145 983 2205 haeru·
1032 2153 1111 2215 effici
1139 2153 1333 2232 genitricem,
1366 2152 1574 2231 suspicaretur
1601 2148 1801 2221 adulterium,

214 2239 296 2300 tinus
322 2237 499 2320 (Eutyches)
523 2240 635 2317 sapuit,
656 2239 721 2299 imo
747 2255 821 2297 vero
838 2237 982 2316 desipuit,
1033 2246 1107 2325 quis
1126 2244 1281 2306 usssishst
1314 2245 1417 2305 adhue
1441 2244 1563 2304 eoeleste
1597 2241 1800 2320 mysterium:

214 2332 326 2411 inquit,
357 2349 428 2392 carc
460 2330 555 2391 Verbi
582 2332 636 2391 Dei
661 2331 832 2390 secundom
858 2348 985 2393 carnem
1033 2338 1122 2399 fieret
1155 2337 1335 2415 unigenitus
1377 2339 1461 2397 Deus
1495 2335 1590 2395 bomo
1623 2333 1704 2393 sieut
1734 2333 1803 2393 sinu

214 2425 379 2500 nascentis,
415 2441 430 2483 a
467 2440 559 2484 carne
590 2422 730 2499 Virginis
764 2422 985 2500 pronuntiatur
1033 2430 1164 2490 bomine
1178 2430 1279 2502 Patre,
1295 2429 1338 2488 ite
1352 2429 1418 2489 siue
1433 2427 1580 2501 matre,si
1595 2424 1673 2485 nihil
1686 2424 1804 2485 ciucci-

214 2521 374 2589 extranea,
396 2515 462 2576 sine
483 2533 576 2575 causa
595 2514 678 2575 filius
703 2513 768 2586 Dei,
785 2513 879 2574 etiam
901 2513 985 2573 filius
1033 2523 1183 2602 piendum
1206 2521 1266 2582 fuit
1293 2538 1331 2582 ss
1356 2526 1457 2581 mstis
1478 2540 1486 2579 ς
1505 2518 1634 2579 Veniret
1659 2518 1698 2577 ad
1723 2516 1804 2577 filios

214 2609 353 2669 bominis
386 2613 443 2684 eet,
471 2606 524 2686 qui
558 2607 711 2685 originem
739 2623 804 2666 uon
828 2604 922 2665 babet
946 2623 984 2667 ex
1032 2613 1199 2675 bominum
1212 2613 1476 2675 nultiusbominis
1489 2608 1804 2685 fitius,stnibilbabi-

214 2700 355 2772 homine,
374 2700 400 2761 si
413 2707 580 2778 conseptus
600 2699 634 2758 in
647 2704 737 2759 utero
755 2696 902 2776 virginali
917 2716 983 2759 car·
1035 2710 1124 2767 turus
1143 2712 1222 2768 esset
1242 2721 1409 2768 commuue
1423 2721 1495 2765 eum
1505 2703 1577 2764 filiis
1593 2699 1799 2763 bominumiu

215 2810 289 2854 uem
303 2812 367 2853 uon
381 2793 477 2853 traxit
490 2810 528 2853 ex
542 2809 644 2853 carne.
658 2812 673 2849 ν
690 2792 798 2869 Neque
808 2789 894 2851 euim
902 2789 984 2850 filius
1033 2798 1357 2878 ltsqusstslsmbilius
1366 2815 1493 2877 pessare
1498 2793 1685 2875 judicet,qui
1693 2798 1804 2853 natum

214 2885 352 2946 hominis
364 2891 409 2946 est
422 2902 541 2952 revera,
558 2884 618 2944 nisi
636 2883 741 2943 blariae
755 2882 899 2943 sitfilius.
914 2883 984 2943 Non
1032 2891 1071 2952 ds
1085 2891 1182 2954 Muris
1198 2895 1289 2963 isset,
1304 2907 1400 2968 quum
1419 2888 1595 2968 quinetum
1616 2884 1802 2963 confitendo,

215 2978 274 3039 erit
297 2982 402 3039 autem
425 2978 520 3057 hujus
544 2976 637 3049 filius,
653 2976 678 3036 si
697 2974 775 3035 nihil
798 2975 832 3035 in
850 2992 924 3034 eum
945 2974 983 3035 de
1032 2983 1112 3043 nibil
1133 2983 1171 3044 de
1184 2987 1323 3062 eaputat
1340 2981 1500 3061 accepisse.
1522 3000 1539 3037 ο

216 3070 387 3131 substantia
404 3088 460 3131 sua
477 3068 620 3143 contulit,
642 3083 775 3145 eumque
793 3066 919 3145 genuit:
930 3066 984 3127 sed
1072 3075 1130 3135 lx.
1152 3074 1231 3134 Huie
1248 3074 1343 3136 etism
1359 3073 1452 3134 sibus
1471 3070 1613 3151 adiungit
1632 3086 1801 3148 argumen-

215 3161 360 3222 uliuundu
381 3161 526 3241 illapsum
552 3161 585 3220 in
612 3164 737 3221 uterum
765 3175 868 3230 suum,
895 3157 983 3237 quasi
1032 3165 1285 3244 tum,quodfalso
1300 3165 1339 3225 ab
1352 3165 1501 3244 Apostolo
1520 3164 1615 3224 etiam
1630 3160 1803 3222 exbavidis

215 3254 418 3334 Pefssssliffllm
435 3249 981 3325 ⁰11¹1³⁰ff¹¹dib⁸SlD0¹¹⁸Vssrb1¹ms
1031 3257 1149 3318 semina
1169 3257 1267 3318 iactus
1288 3255 1434 3317 dicitur⁸.
1454 3256 1545 3329 «Qua
1569 3254 1655 3314 enim
1679 3253 1801 3313 ratione

215 3345 261 3406 ait
286 3345 431 3406 Ferruudi
444 3345 590 3423 magister
601 3342 806 3421 Fulgentiuu',
819 3342 863 3404 siu
874 3342 985 3403 iuVir·
1030 3350 1130 3422 fieret,
1152 3349 1265 3429 inquit,
1279 3368 1318 3410 ex
1335 3349 1464 3426 semine,
1478 3346 1572 3408 David
1589 3343 1651 3406 nisi
1677 3360 1804 3405 «earnem

216 3438 289 3514 gine
306 3457 376 3499 caro
393 3438 493 3513 lieret,
513 3442 549 3496 ut
562 3454 601 3497 ex
617 3454 654 3496 ee
672 3453 737 3495 non
754 3434 854 3511 fieret,
876 3435 985 3513 procul
1031 3443 1211 3522 suscepisset
1244 3460 1283 3503 ex
1315 3447 1425 3513 matre,
1460 3457 1530 3519 quse
1564 3434 1737 3517 pertinebat
1764 3435 1804 3496 ad

216 3530 313 3591 dubio
324 3548 389 3591 non
401 3530 440 3591 de
453 3547 545 3589 carno
554 3527 661 3588 matris
673 3527 756 3588 idem
766 3529 845 3588 Deus
857 3527 985 3588 haberet
1034 3550 1141 3595 semsu
1156 3533 1334 3595 Decidius
1349 3533 1466 3594 semiue
1480 3531 1565 3592 euim
1579 3528 1676 3591 David
1690 3526 1802 3604 Maria,

217 3622 422 3683 substantiam
436 3622 549 3696 earnm,
565 3625 705 3699 essetque
723 3616 789 3697 ejus
802 3638 858 3699 per
875 3620 983 3698 Virgi-
1035 3639 1066 3687 et
1089 3626 1128 3686 de
1150 3643 1242 3686 earne
1264 3625 1368 3688 Merioe
1390 3624 1552 3697 Christus3
1569 3621 1711 3701 quamvis
1736 3620 1804 3680 sine

217 3732 291 3774 nem
302 3715 470 3776 transitus:
483 3714 624 3791 atqueita
634 3731 692 3772 ιιοιι
701 3712 878 3772 mediatoris
887 3730 984 3773 sacra·
1035 3719 1153 3779 semine
1167 3717 1313 3793 maritali,
1324 3722 1430 3778 tomen
1439 3733 1511 3777 cum
1519 3715 1707 3794 proprietate
1717 3717 1805 3772 natu-

219 3813 362 3867 messblm
388 3805 480 3866 nubis
505 3804 670 3884 iu0fi⁰erei
692 3804 732 3862 fid
757 3803 898 3876 salutem,
929 3820 986 3865 1¹00
1035 3829 1116 3871 ree.»
1135 3809 1194 3871 Sed
1209 3807 1498 3871 neecxdbrabomi
1513 3806 1631 3867 semine
1645 3804 1806 3884 prodiisset

219 3899 367 3960 humanu
381 3899 553 3977 muneque
564 3898 686 3976 plebum
696 3895 729 3956 iu
741 3915 774 3957 su
784 3897 924 3956 Christus
934 3897 986 3957 Dei
1035 3902 1172 3963 Christus
1195 3900 1271 3962 :cui
1294 3906 1401 3961 tamen
1423 3897 1589 3978 Apostolus
1628 3894 1721 3956 dictor
1747 3913 1807 3955 esse

219 3992 302 4052 filius
316 3990 573 4052 inconfusibiliter
586 3989 691 4050 uniret
709 3989 887 4049 substantie
907 3991 986 4049 veri·
1034 3994 1241 4074 promissiones
1250 3990 1323 4069 ait⁶,
1334 3990 1474 4053 etsemiui
1479 3985 1639 4069 ejus,qued
1647 3995 1687 4047 est
1706 3983 1807 4048 Ciris·

219 4088 315 4144 tatem
329 4105 363 4143 ,ν
392 4084 428 4143 lit
454 4087 583 4162 postea:
617 4082 738 4141 «Beata
764 4081 861 4159 igitur
887 4080 987 4141 Maria
1037 4094 1092 4146 tus.
1113 4085 1247 4145 «Nonne
1262 4082 1305 4144 sic
1326 4089 1371 4144 est
1384 4101 1493 4144 semen
1506 4079 1636 4141 Abrahae
1650 4079 1805 4153 Christus,

220 4178 320 4237 Deum
334 4174 483 4249 Verbum,
501 4174 671 4234 meandum
688 4172 769 4252 quod
783 4191 854 4232 caro
871 4172 987 4235 iacttrm
1037 4178 1081 4237 ait
1102 4173 1300 4251 serrandus,
1313 4174 1470 4256 quomodo
1495 4191 1533 4234 ex
1556 4173 1674 4233 sembra
1698 4170 1805 4237 David.

220 4273 278 4343 est,
293 4273 324 4328 et
338 4266 491 4345 concepit,
505 4274 536 4326 et
550 4266 670 4345 peperit
685 4283 693 4323 ι
710 4264 798 4342 cujus
811 4270 900 4325 utero
913 4265 988 4325 Ver·
1037 4276 1163 4348 propter
1176 4269 1320 4342 Muciam,
1332 4286 1387 4347 per
1399 4266 1540 4341 Mariam,
1551 4265 1590 4326 de
1603 4262 1723 4324 Maria?
1737 4261 1808 4322 Tol·

221 4360 298 4419 bum
312 4360 394 4419 Deus
406 4374 471 4418 uon
484 4373 621 4431 caruem,
636 4357 746 4434 inqua
760 4356 985 4436 conciperetur,
1038 4361 1203 4442 latimpius
1211 4361 1383 4440 disputator
1391 4360 1511 4420 Christo
1522 4356 1684 4418 materiam
1694 4355 1806 4428 cernis,

222 4451 339 4525 intulit,
362 4468 420 4510 uec
441 4468 480 4510 ex
499 4467 536 4510 ea
551 4449 714 4510 materiem
737 4453 903 4527 conceptu,
924 4449 990 4509 sive
1040 4471 1136 4532 quem
1151 4453 1247 4513 bieria
1260 4452 1468 4525 ministravit;
1484 4456 1514 4509 et
1528 4450 1639 4510 doceet
1652 4446 1809 4526 quomodo

221 4544 362 4603 formatae
381 4542 482 4603 caruis
496 4559 561 4602 non
582 4541 645 4620 ipse
660 4540 740 4600 Deus
758 4539 989 4618 concipiendus,
1041 4552 1087 4605 est
1099 4563 1207 4607 semen
1217 4543 1348 4604 Abrahae
1359 4542 1508 4617 Christus,
1521 4538 1810 4619 autquomodofac-

221 4637 277 4697 sed
290 4639 412 4695 tantum
431 4634 606 4695 nesciturus
623 4631 789 4712 assumpsit
802 4652 809 4693 ι
820 4632 875 4693 sed
892 4650 932 4692 ex
943 4651 991 4713 ea,
1042 4642 1152 4700 tusest
1165 4635 1335 4697 exsemine
1350 4634 1455 4696 David.
1479 4654 1495 4690 u

221 4831 334 4897 λήλοθεν.
349 4832 401 4889 πῶς
411 4826 459 4900 γὰρ
470 4829 559 4898 μήτηρ,
571 4822 600 4892 ἧς
614 4825 683 4878 οὐδὲν
698 4825 727 4879 rb
739 4824 822 4897 τεχθὲν
836 4823 991 4896 ἔπιρέρηται;
1041 4828 1170 4903 ἱστουργδς
1184 4829 1226 4902 ,er
1242 4828 1271 4882 ab
1283 4823 1380 4901 πνεῦμα
1393 4828 1422 4881 rb
1436 4830 1515 4900 ἅγιον·
1537 4826 1615 4900 ἔριθος
1631 4826 1685 4894 eti
1702 4823 1725 4888 ti
1738 4827 1812 4899 ὕψους

222 4919 275 4975 πῶς
283 4912 306 4965 δ’
320 4914 349 4964 ἀν
362 4912 402 4963 καὶ
415 4910 514 4981 λεχθείη
528 4909 626 4970 τοκετὸς
638 4908 653 4975 ἡ
665 4908 733 4975 δίκην
749 4910 860 4975 σωλῆνος
874 4906 994 4974 ἀνοίκειος
1041 4910 1202 4968 {armidoctus
1226 4912 1336 4982 δύναμις·
1355 4911 1419 4984 ἔριον
1437 4911 1477 4975 δὲ,
1491 4910 1520 4964 rb
1536 4909 1641 4982 ἀρχαῖον
1663 4913 1706 4961 τοῦ
1733 4908 1813 4981 Ἀδὰμ

222 4992 343 5067 πάροδοςς
358 4988 442 5056 curbae
463 4992 504 5046 οὖν
525 4995 653 5057 ποιοῦσιν,
673 4988 701 5044 cb
725 4991 828 5065 μητέρα,
853 4990 897 5060 τὴν
921 4991 992 5066 ἁγίαν
1040 4995 1139 5048 κώδιον·
1155 4997 1230 5068 κρόκη
1243 4992 1306 5063 ibi
1323 4993 1349 5048 bt
1362 4995 1481 5067 παρθένον
1502 4988 1638 5065 ἀρολιιντος
1651 4989 1721 5063 σὰρξ.
1734 4994 1812 5063 κερκὶς

222 5079 350 5150 παρθένον.
1040 5074 1077 5143 δὲ,
1092 5076 1108 5145 ἡ
1124 5072 1261 5151 ἀμέτρητος
1275 5081 1318 5132 τοῦ
1339 5078 1488 5151 φορέσαντος
1506 5076 1587 5148 χάρις·
1608 5073 1730 5147 τεχνίτης,
1750 5070 1811 5127 dbt’

259 5177 279 5216 a
296 5160 394 5216 Ριιοιι.
410 5158 439 5215 ln
453 5156 522 5230 Epir.
537 5173 617 5214 conc.
642 5152 671 5210 ‘0
684 5155 781 5229 φρικτάς
794 5161 837 5225 siis
851 5159 995 5238 οἰκονομίας
1043 5159 1118 5230 ἀκοῆς
1132 5160 1280 5233 εἰσπηδήσας
1291 5162 1374 5235 λόγος.

222 5242 300 5310 ἱστὸς,
316 5240 340 5297 ἓν
354 5236 376 5316 ᾧ
390 5241 500 5316 ἀρρήτως
520 5240 612 5314 tetius,
632 5244 675 5308 τῆς
692 5239 799 5304 iudaeos
811 5248 901 5333 presb„
918 5243 996 5318 simp

224 5412 452 5519 Ίρερρρρᾱιρὲρρι
463 5413 526 5456 ieet.
542 5416 557 5454 ι.
568 5409 586 5452 ιι
597 5409 702 5454 sset-s
715 5408 760 5454 ιιι.
772 5410 797 5455 ιο
809 5414 882 5511 ¹²¹⁰·t
902 5419 1003 5515 ¹¹1(e
1018 5417 1068 5465 uss,
1080 5431 1108 5469 u.
1119 5439 1149 5454 „
1159 5415 1176 5459 a
1188 5415 1311 5462 resson.
1321 5411 1349 5455 ιιι
1359 5406 1472 5454 eut-c
1489 5408 1609 5454 nomi.-
1624 5403 1638 5447 e
1651 5403 1698 5447 oar.
1714 5404 1814 5455 mse.-
