<?xml version="1.0" encoding="UTF-8"?>
<!DOCTYPE html PUBLIC "-//W3C//DTD XHTML 1.0 Transitional//EN"
    "http://www.w3.org/TR/xhtml1/DTD/xhtml1-transitional.dtd">
<html xmlns="http://www.w3.org/1999/xhtml" xml:lang="en" lang="en">
 <head>
  <title>
</title>
<meta http-equiv="Content-Type" content="text/html;charset=utf-8" />
  <meta name='ocr-system' content='tesseract 3.04.00' />
  <meta name='ocr-capabilities' content='ocr_page ocr_carea ocr_par ocr_line ocrx_word'/>
</head>
<body>
  <div class='ocr_page' id='page_1' title='image "./dogmatatheologi00unkngoog_0059.png"; bbox 0 0 4136 6178; ppageno 0'>
   <div class='ocr_carea' id='block_1_1' title="bbox 327 252 1406 325">
    <p class='ocr_par' dir='ltr' id='par_1_1' title="bbox 327 252 1406 325">
     <span class='ocr_line' id='line_1_1' title="bbox 327 252 1406 325; baseline -0.007 0"><span class='ocrx_word' id='word_1_1' title='bbox 327 263 367 325; x_wconf 83' lang='lat' dir='ltr'><strong>ta</strong></span> <span class='ocrx_word' id='word_1_2' title='bbox 842 252 1171 317; x_wconf 74' lang='lat' dir='ltr'>uusamatcoattu</span> <span class='ocrx_word' id='word_1_3' title='bbox 1190 254 1406 318; x_wconf 69' lang='lat' dir='ltr'>nasutum</span> 
     </span>
    </p>
   </div>
   <div class='ocr_carea' id='block_1_2' title="bbox 310 418 2055 5287">
    <p class='ocr_par' dir='ltr' id='par_1_2' title="bbox 310 418 2055 5287">
     <span class='ocr_line' id='line_1_2' title="bbox 327 418 1911 507; baseline -0.003 -19"><span class='ocrx_word' id='word_1_4' title='bbox 327 426 476 507; x_wconf 75' lang='lat' dir='ltr'>gerebant</span> <span class='ocrx_word' id='word_1_5' title='bbox 497 423 699 502; x_wconf 77' lang='grc'><strong>3666161616,</strong></span> <span class='ocrx_word' id='word_1_6' title='bbox 712 421 935 500; x_wconf 69' lang='lat' dir='ltr'>horrendisque</span> <span class='ocrx_word' id='word_1_7' title='bbox 953 418 1093 480; x_wconf 84' lang='lat' dir='ltr'>crimini·</span> <span class='ocrx_word' id='word_1_8' title='bbox 1144 437 1269 481; x_wconf 90' lang='lat' dir='ltr'>morum</span> <span class='ocrx_word' id='word_1_9' title='bbox 1301 420 1408 493; x_wconf 75' lang='lat' dir='ltr'>factio,</span> <span class='ocrx_word' id='word_1_10' title='bbox 1442 426 1475 482; x_wconf 89' lang='grc'><strong>61</strong></span> <span class='ocrx_word' id='word_1_11' title='bbox 1506 438 1601 501; x_wconf 89' lang='lat' dir='ltr'>quem</span> <span class='ocrx_word' id='word_1_12' title='bbox 1634 421 1669 481; x_wconf 88' lang='lat' dir='ltr'><strong>in</strong></span> <span class='ocrx_word' id='word_1_13' title='bbox 1702 424 1911 501; x_wconf 84' lang='lat' dir='ltr'>oppugnanda</span> 
     </span>
     <span class='ocr_line' id='line_1_3' title="bbox 328 512 1911 594; baseline -0.003 -14"><span class='ocrx_word' id='word_1_14' title='bbox 328 519 386 580; x_wconf 89' lang='lat' dir='ltr'><strong>bus</strong></span> <span class='ocrx_word' id='word_1_15' title='bbox 409 516 569 591; x_wconf 86' lang='lat' dir='ltr'>iniectum,</span> <span class='ocrx_word' id='word_1_16' title='bbox 597 521 629 577; x_wconf 89' lang='lat' dir='ltr'><strong>et</strong></span> <span class='ocrx_word' id='word_1_17' title='bbox 654 514 700 576; x_wconf 89' lang='lat' dir='ltr'>illi</span> <span class='ocrx_word' id='word_1_18' title='bbox 724 514 793 594; x_wconf 89' lang='lat' dir='ltr'>ipsi,</span> <span class='ocrx_word' id='word_1_19' title='bbox 822 531 917 593; x_wconf 88' lang='lat' dir='ltr'>quern</span> <span class='ocrx_word' id='word_1_20' title='bbox 940 512 1093 587; x_wconf 87' lang='lat' dir='ltr'>colebant,</span> <span class='ocrx_word' id='word_1_21' title='bbox 1145 512 1302 573; x_wconf 82' lang='grc'><strong>0611661166</strong></span> <span class='ocrx_word' id='word_1_22' title='bbox 1310 512 1565 591; x_wconf 84' lang='lat' dir='ltr'>veritatejudioii,</span> <span class='ocrx_word' id='word_1_23' title='bbox 1573 513 1911 592; x_wconf 80' lang='lat' dir='ltr'>acconstentiasperum</span> 
     </span>
     <span class='ocr_line' id='line_1_4' title="bbox 328 602 1330 686; baseline -0.007 -14"><span class='ocrx_word' id='word_1_24' title='bbox 328 614 457 673; x_wconf 83' lang='grc'><strong>6666666</strong></span> <span class='ocrx_word' id='word_1_25' title='bbox 470 611 535 670; x_wconf 91' lang='grc'><strong>1)66</strong></span> <span class='ocrx_word' id='word_1_26' title='bbox 548 653 556 685; x_wconf 93' lang='grc'><strong>,</strong></span> <span class='ocrx_word' id='word_1_27' title='bbox 571 614 664 686; x_wconf 87' lang='lat' dir='ltr'>atque</span> <span class='ocrx_word' id='word_1_28' title='bbox 677 606 717 667; x_wconf 89' lang='lat' dir='ltr'><strong>ab</strong></span> <span class='ocrx_word' id='word_1_29' title='bbox 730 606 797 684; x_wconf 68' lang='grc'><strong>6166</strong></span> <span class='ocrx_word' id='word_1_30' title='bbox 809 606 878 685; x_wconf 84' lang='grc'><strong>1636</strong></span> <span class='ocrx_word' id='word_1_31' title='bbox 892 624 927 666; x_wconf 88' lang='grc'><strong>66</strong></span> <span class='ocrx_word' id='word_1_32' title='bbox 941 602 1095 666; x_wconf 87' lang='lat' dir='ltr'>mandatis</span> <span class='ocrx_word' id='word_1_33' title='bbox 1144 604 1330 665; x_wconf 81' lang='lat' dir='ltr'>adhibuerit.</span> 
     </span>
     <span class='ocr_line' id='line_1_5' title="bbox 328 695 1910 777; baseline -0.004 -13"><span class='ocrx_word' id='word_1_34' title='bbox 328 702 564 764; x_wconf 87' lang='lat' dir='ltr'>alienissimum.</span> <span class='ocrx_word' id='word_1_35' title='bbox 586 700 693 777; x_wconf 87' lang='lat' dir='ltr'>ltaque</span> <span class='ocrx_word' id='word_1_36' title='bbox 707 697 764 759; x_wconf 91' lang='lat' dir='ltr'><strong>sub</strong></span> <span class='ocrx_word' id='word_1_37' title='bbox 777 698 845 776; x_wconf 86' lang='lat' dir='ltr'>lege</span> <span class='ocrx_word' id='word_1_38' title='bbox 858 697 1027 776; x_wconf 87' lang='lat' dir='ltr'>posteriore</span> <span class='ocrx_word' id='word_1_39' title='bbox 1040 695 1094 756; x_wconf 91' lang='lat' dir='ltr'>illo</span> <span class='ocrx_word' id='word_1_40' title='bbox 1183 697 1225 755; x_wconf 91' lang='lat' dir='ltr'><strong>Il.</strong></span> <span class='ocrx_word' id='word_1_41' title='bbox 1252 697 1323 757; x_wconf 85' lang='lat' dir='ltr'><strong>Non</strong></span> <span class='ocrx_word' id='word_1_42' title='bbox 1352 717 1368 753; x_wconf 85' lang='lat' dir='ltr'><strong>e</strong></span> <span class='ocrx_word' id='word_1_43' title='bbox 1395 696 1519 759; x_wconf 84' lang='lat' dir='ltr'>affuisse</span> <span class='ocrx_word' id='word_1_44' title='bbox 1545 695 1726 758; x_wconf 85' lang='lat' dir='ltr'>hominibus</span> <span class='ocrx_word' id='word_1_45' title='bbox 1753 696 1811 757; x_wconf 88' lang='lat' dir='ltr'><strong>sub</strong></span> <span class='ocrx_word' id='word_1_46' title='bbox 1842 698 1910 777; x_wconf 88' lang='lat' dir='ltr'>lege</span> 
     </span>
     <span class='ocr_line' id='line_1_6' title="bbox 328 785 1910 868; baseline -0.003 -13"><span class='ocrx_word' id='word_1_47' title='bbox 328 795 421 855; x_wconf 91' lang='lat' dir='ltr'>modo</span> <span class='ocrx_word' id='word_1_48' title='bbox 434 794 585 854; x_wconf 76' lang='grc'><strong>(16616661</strong></span> <span class='ocrx_word' id='word_1_49' title='bbox 599 796 688 851; x_wconf 91' lang='lat' dir='ltr'>erant</span> <span class='ocrx_word' id='word_1_50' title='bbox 703 809 711 850; x_wconf 77' lang='grc' dir='ltr'>ι</span> <span class='ocrx_word' id='word_1_51' title='bbox 725 795 761 850; x_wconf 91' lang='grc'><strong>61</strong></span> <span class='ocrx_word' id='word_1_52' title='bbox 782 788 859 868; x_wconf 86' lang='grc'><strong>16316</strong></span> <span class='ocrx_word' id='word_1_53' title='bbox 880 788 1047 860; x_wconf 61' lang='lat' dir='ltr'>senentis,</span> <span class='ocrx_word' id='word_1_54' title='bbox 1063 792 1095 848; x_wconf 88' lang='lat' dir='ltr'><strong>et</strong></span> <span class='ocrx_word' id='word_1_55' title='bbox 1143 787 1317 849; x_wconf 86' lang='lat' dir='ltr'>viventibus</span> <span class='ocrx_word' id='word_1_56' title='bbox 1359 790 1491 865; x_wconf 83' lang='lat' dir='ltr'>gratiam</span> <span class='ocrx_word' id='word_1_57' title='bbox 1525 788 1728 850; x_wconf 87' lang='lat' dir='ltr'>sufficientem</span> <span class='ocrx_word' id='word_1_58' title='bbox 1768 785 1910 851; x_wconf 70' lang='grc'><strong>66166611</strong></span> 
     </span>
     <span class='ocr_line' id='line_1_7' title="bbox 327 879 1909 962; baseline -0.003 -14"><span class='ocrx_word' id='word_1_59' title='bbox 327 885 487 948; x_wconf 85' lang='lat' dir='ltr'>severitate</span> <span class='ocrx_word' id='word_1_60' title='bbox 496 883 704 962; x_wconf 80' lang='lat' dir='ltr'>plecterentur</span> <span class='ocrx_word' id='word_1_61' title='bbox 721 902 728 942; x_wconf 91' lang='lat'>:</span> <span class='ocrx_word' id='word_1_62' title='bbox 742 899 807 942; x_wconf 87' lang='lat' dir='ltr'><strong>non</strong></span> <span class='ocrx_word' id='word_1_63' title='bbox 816 886 921 943; x_wconf 88' lang='lat' dir='ltr'>sutem</span> <span class='ocrx_word' id='word_1_64' title='bbox 934 879 1096 960; x_wconf 70' lang='grc'><strong>66166616</strong></span> <span class='ocrx_word' id='word_1_65' title='bbox 1143 879 1322 956; x_wconf 68' lang='grc'><strong>1636666661</strong></span> <span class='ocrx_word' id='word_1_66' title='bbox 1334 881 1437 942; x_wconf 85' lang='lat' dir='ltr'>ullum</span> <span class='ocrx_word' id='word_1_67' title='bbox 1451 887 1642 961; x_wconf 71' lang='lat' dir='ltr'>preceptum</span> <span class='ocrx_word' id='word_1_68' title='bbox 1656 880 1755 959; x_wconf 71' lang='lat' dir='ltr'>ejus»</span> <span class='ocrx_word' id='word_1_69' title='bbox 1772 881 1909 943; x_wconf 78' lang='grc'><strong>1666666·</strong></span> 
     </span>
     <span class='ocr_line' id='line_1_8' title="bbox 327 973 1909 1057; baseline -0.003 -19"><span class='ocrx_word' id='word_1_70' title='bbox 327 995 390 1057; x_wconf 89' lang='lat' dir='ltr'>quo</span> <span class='ocrx_word' id='word_1_71' title='bbox 413 974 601 1037; x_wconf 76' lang='lat' dir='ltr'>Testamenti</span> <span class='ocrx_word' id='word_1_72' title='bbox 624 973 843 1051; x_wconf 70' lang='grc'><strong>6616161636,</strong></span> <span class='ocrx_word' id='word_1_73' title='bbox 866 977 898 1033; x_wconf 85' lang='grc'><strong>61</strong></span> <span class='ocrx_word' id='word_1_74' title='bbox 917 984 1093 1052; x_wconf 64' lang='grc'><strong>63663636,</strong></span> <span class='ocrx_word' id='word_1_75' title='bbox 1136 986 1215 1033; x_wconf 70' lang='lat' dir='ltr'>,rum</span> <span class='ocrx_word' id='word_1_76' title='bbox 1248 978 1296 1033; x_wconf 87' lang='lat' dir='ltr'><strong>est</strong></span> <span class='ocrx_word' id='word_1_77' title='bbox 1326 974 1504 1052; x_wconf 74' lang='grc'><strong>66661666,</strong></span> <span class='ocrx_word' id='word_1_78' title='bbox 1540 973 1653 1053; x_wconf 68' lang='lat' dir='ltr'>capim.</span> <span class='ocrx_word' id='word_1_79' title='bbox 1673 973 1809 1034; x_wconf 87' lang='lat' dir='ltr'>secundo</span> <span class='ocrx_word' id='word_1_80' title='bbox 1837 973 1909 1033; x_wconf 89' lang='lat' dir='ltr'>iibri</span> 
     </span>
     <span class='ocr_line' id='line_1_9' title="bbox 327 1064 1913 1149; baseline -0.001 -20"><span class='ocrx_word' id='word_1_81' title='bbox 327 1070 646 1149; x_wconf 79' lang='lat' dir='ltr'>qsmTestameotum,</span> <span class='ocrx_word' id='word_1_82' title='bbox 661 1066 727 1141; x_wconf 82' lang='grc'><strong>166,</strong></span> <span class='ocrx_word' id='word_1_83' title='bbox 743 1070 774 1127; x_wconf 88' lang='grc'><strong>61</strong></span> <span class='ocrx_word' id='word_1_84' title='bbox 786 1083 944 1144; x_wconf 77' lang='lat' dir='ltr'>synagoga</span> <span class='ocrx_word' id='word_1_85' title='bbox 955 1064 1092 1139; x_wconf 84' lang='grc'><strong>1666661,</strong></span> <span class='ocrx_word' id='word_1_86' title='bbox 1143 1064 1237 1143; x_wconf 77' lang='grc'><strong>166166</strong></span> <span class='ocrx_word' id='word_1_87' title='bbox 1256 1085 1275 1126; x_wconf 88' lang='grc'><strong>6</strong></span> <span class='ocrx_word' id='word_1_88' title='bbox 1296 1066 1387 1128; x_wconf 86' lang='grc'><strong>661616</strong></span> <span class='ocrx_word' id='word_1_89' title='bbox 1409 1067 1585 1144; x_wconf 80' lang='lat' dir='ltr'>expositam</span> <span class='ocrx_word' id='word_1_90' title='bbox 1601 1084 1609 1125; x_wconf 75' lang='grc' dir='ltr'><em>τ</em></span> <span class='ocrx_word' id='word_1_91' title='bbox 1624 1066 1709 1145; x_wconf 89' lang='lat' dir='ltr'>quod</span> <span class='ocrx_word' id='word_1_92' title='bbox 1731 1065 1913 1146; x_wconf 76' lang='lat' dir='ltr'>Apobpetiri</span> 
     </span>
     <span class='ocr_line' id='line_1_10' title="bbox 325 1155 1910 1238; baseline -0.003 -17"><span class='ocrx_word' id='word_1_93' title='bbox 325 1163 415 1237; x_wconf 86' lang='lat' dir='ltr'>ratio,</span> <span class='ocrx_word' id='word_1_94' title='bbox 426 1161 666 1237; x_wconf 86' lang='lat' dir='ltr'>institutumque</span> <span class='ocrx_word' id='word_1_95' title='bbox 679 1157 824 1219; x_wconf 75' lang='grc'><strong>6666161116</strong></span> <span class='ocrx_word' id='word_1_96' title='bbox 846 1157 982 1218; x_wconf 86' lang='lat' dir='ltr'>Tantum</span> <span class='ocrx_word' id='word_1_97' title='bbox 995 1155 1091 1229; x_wconf 90' lang='lat' dir='ltr'>abest,</span> <span class='ocrx_word' id='word_1_98' title='bbox 1142 1157 1273 1235; x_wconf 90' lang='lat' dir='ltr'>scriptor</span> <span class='ocrx_word' id='word_1_99' title='bbox 1286 1158 1436 1220; x_wconf 76' lang='lat' dir='ltr'>acerrime</span> <span class='ocrx_word' id='word_1_100' title='bbox 1444 1164 1633 1238; x_wconf 76' lang='lat' dir='ltr'>propugnat.</span> <span class='ocrx_word' id='word_1_101' title='bbox 1645 1158 1745 1236; x_wconf 81' lang='lat' dir='ltr'>Hujus</span> <span class='ocrx_word' id='word_1_102' title='bbox 1757 1157 1910 1237; x_wconf 72' lang='lat' dir='ltr'>dictique</span> 
     </span>
     <span class='ocr_line' id='line_1_11' title="bbox 326 1248 1906 1329; baseline -0.003 -16"><span class='ocrx_word' id='word_1_103' title='bbox 326 1260 362 1313; x_wconf 92' lang='grc'><strong>61</strong></span> <span class='ocrx_word' id='word_1_104' title='bbox 375 1258 479 1315; x_wconf 79' lang='lat' dir='ltr'>exacte</span> <span class='ocrx_word' id='word_1_105' title='bbox 491 1252 542 1313; x_wconf 82' lang='lat' dir='ltr'><strong>les</strong></span> <span class='ocrx_word' id='word_1_106' title='bbox 551 1250 590 1311; x_wconf 90' lang='lat' dir='ltr'><strong>ab</strong></span> <span class='ocrx_word' id='word_1_107' title='bbox 604 1250 665 1311; x_wconf 89' lang='lat' dir='ltr'>illis</span> <span class='ocrx_word' id='word_1_108' title='bbox 678 1249 841 1310; x_wconf 84' lang='lat' dir='ltr'>observate</span> <span class='ocrx_word' id='word_1_109' title='bbox 853 1248 946 1309; x_wconf 87' lang='lat' dir='ltr'>luerit</span> <span class='ocrx_word' id='word_1_110' title='bbox 959 1266 966 1308; x_wconf 77' lang='lat' dir='ltr'><strong><em>z</em></strong></span> <span class='ocrx_word' id='word_1_111' title='bbox 979 1248 1018 1308; x_wconf 91' lang='lat' dir='ltr'><strong>de</strong></span> <span class='ocrx_word' id='word_1_112' title='bbox 1030 1265 1093 1326; x_wconf 90' lang='lat' dir='ltr'><strong>qua</strong></span> <span class='ocrx_word' id='word_1_113' title='bbox 1142 1250 1294 1309; x_wconf 89' lang='lat' dir='ltr'>sententia</span> <span class='ocrx_word' id='word_1_114' title='bbox 1330 1250 1372 1309; x_wconf 87' lang='lat' dir='ltr'><strong>sit</strong></span> <span class='ocrx_word' id='word_1_115' title='bbox 1412 1251 1448 1310; x_wconf 93' lang='grc'><strong>16</strong></span> <span class='ocrx_word' id='word_1_116' title='bbox 1480 1249 1589 1329; x_wconf 84' lang='lat' dir='ltr'>primis</span> <span class='ocrx_word' id='word_1_117' title='bbox 1621 1254 1761 1310; x_wconf 85' lang='grc'><strong>66661666</strong></span> <span class='ocrx_word' id='word_1_118' title='bbox 1805 1250 1906 1311; x_wconf 71' lang='lat' dir='ltr'>debu.</span> 
     </span>
     <span class='ocr_line' id='line_1_12' title="bbox 324 1339 1909 1424; baseline -0.002 -18"><span class='ocrx_word' id='word_1_119' title='bbox 324 1363 439 1424; x_wconf 88' lang='lat' dir='ltr'>genere</span> <span class='ocrx_word' id='word_1_120' title='bbox 465 1344 503 1405; x_wconf 89' lang='lat' dir='ltr'><strong>lis</strong></span> <span class='ocrx_word' id='word_1_121' title='bbox 523 1343 605 1403; x_wconf 88' lang='lat' dir='ltr'>inter</span> <span class='ocrx_word' id='word_1_122' title='bbox 629 1359 707 1409; x_wconf 92' lang='lat' dir='ltr'>nos,</span> <span class='ocrx_word' id='word_1_123' title='bbox 731 1341 830 1402; x_wconf 89' lang='lat' dir='ltr'>idest</span> <span class='ocrx_word' id='word_1_124' title='bbox 852 1340 1036 1412; x_wconf 80' lang='lat' dir='ltr'>catholicos,</span> <span class='ocrx_word' id='word_1_125' title='bbox 1063 1344 1094 1400; x_wconf 90' lang='lat' dir='ltr'><strong>et</strong></span> <span class='ocrx_word' id='word_1_126' title='bbox 1143 1340 1247 1400; x_wconf 84' lang='lat' dir='ltr'>Potest</span> <span class='ocrx_word' id='word_1_127' title='bbox 1259 1346 1365 1402; x_wconf 90' lang='lat' dir='ltr'>autem</span> <span class='ocrx_word' id='word_1_128' title='bbox 1375 1359 1439 1403; x_wconf 89' lang='lat' dir='ltr'>esse</span> <span class='ocrx_word' id='word_1_129' title='bbox 1453 1341 1578 1420; x_wconf 83' lang='lat' dir='ltr'>duplex.</span> <span class='ocrx_word' id='word_1_130' title='bbox 1595 1340 1656 1402; x_wconf 81' lang='lat' dir='ltr'><strong>dut</strong></span> <span class='ocrx_word' id='word_1_131' title='bbox 1666 1342 1750 1402; x_wconf 90' lang='lat' dir='ltr'>enim</span> <span class='ocrx_word' id='word_1_132' title='bbox 1761 1339 1806 1402; x_wconf 91' lang='lat' dir='ltr'><strong>sie</strong></span> <span class='ocrx_word' id='word_1_133' title='bbox 1819 1342 1909 1403; x_wconf 92' lang='lat' dir='ltr'>intel·</span> 
     </span>
     <span class='ocr_line' id='line_1_13' title="bbox 325 1429 1907 1513; baseline -0.003 -15"><span class='ocrx_word' id='word_1_134' title='bbox 325 1437 440 1498; x_wconf 89' lang='lat' dir='ltr'>horum</span> <span class='ocrx_word' id='word_1_135' title='bbox 453 1433 646 1497; x_wconf 85' lang='lat' dir='ltr'>adversarios</span> <span class='ocrx_word' id='word_1_136' title='bbox 658 1439 705 1495; x_wconf 91' lang='lat' dir='ltr'><strong>est</strong></span> <span class='ocrx_word' id='word_1_137' title='bbox 718 1440 796 1494; x_wconf 88' lang='lat' dir='ltr'>orto.</span> <span class='ocrx_word' id='word_1_138' title='bbox 820 1432 881 1493; x_wconf 84' lang='lat' dir='ltr'><strong>Sed</strong></span> <span class='ocrx_word' id='word_1_139' title='bbox 894 1433 932 1493; x_wconf 91' lang='lat' dir='ltr'><strong>de</strong></span> <span class='ocrx_word' id='word_1_140' title='bbox 946 1432 983 1492; x_wconf 93' lang='lat' dir='ltr'><strong>iis</strong></span> <span class='ocrx_word' id='word_1_141' title='bbox 1001 1449 1092 1510; x_wconf 84' lang='lat' dir='ltr'>supe·</span> <span class='ocrx_word' id='word_1_142' title='bbox 1142 1429 1269 1509; x_wconf 91' lang='lat' dir='ltr'>ligitur,</span> <span class='ocrx_word' id='word_1_143' title='bbox 1286 1439 1321 1493; x_wconf 90' lang='lat' dir='ltr'><strong>ut</strong></span> <span class='ocrx_word' id='word_1_144' title='bbox 1335 1452 1374 1494; x_wconf 81' lang='lat' dir='ltr'><strong>es</strong></span> <span class='ocrx_word' id='word_1_145' title='bbox 1385 1433 1435 1509; x_wconf 86' lang='lat' dir='ltr'><strong>vi,</strong></span> <span class='ocrx_word' id='word_1_146' title='bbox 1450 1438 1482 1494; x_wconf 91' lang='grc'><strong>61</strong></span> <span class='ocrx_word' id='word_1_147' title='bbox 1503 1432 1666 1494; x_wconf 85' lang='lat' dir='ltr'>efficientia</span> <span class='ocrx_word' id='word_1_148' title='bbox 1684 1433 1809 1513; x_wconf 90' lang='lat' dir='ltr'>propria</span> <span class='ocrx_word' id='word_1_149' title='bbox 1821 1433 1907 1512; x_wconf 85' lang='lat' dir='ltr'>legis,</span> 
     </span>
     <span class='ocr_line' id='line_1_14' title="bbox 310 1522 1910 1606; baseline -0.001 -17"><span class='ocrx_word' id='word_1_150' title='bbox 310 1530 408 1591; x_wconf 37' lang='lat' dir='ltr'>&lt;nora</span> <span class='ocrx_word' id='word_1_151' title='bbox 420 1523 1090 1606; x_wconf 79' lang='lat' dir='ltr'>relegendasuntcepiu,maxtmedecimum:</span> <span class='ocrx_word' id='word_1_152' title='bbox 1143 1522 1230 1584; x_wconf 88' lang='lat' dir='ltr'>nulla</span> <span class='ocrx_word' id='word_1_153' title='bbox 1240 1541 1382 1586; x_wconf 89' lang='lat' dir='ltr'>manasse</span> <span class='ocrx_word' id='word_1_154' title='bbox 1395 1525 1496 1604; x_wconf 87' lang='lat' dir='ltr'>gretia</span> <span class='ocrx_word' id='word_1_155' title='bbox 1508 1524 1910 1597; x_wconf 68' lang='grc'><strong>(11661666666116666661-</strong></span> 
     </span>
     <span class='ocr_line' id='line_1_15' title="bbox 325 1613 1909 1702; baseline -0.001 -20"><span class='ocrx_word' id='word_1_156' title='bbox 325 1621 360 1682; x_wconf 90' lang='lat' dir='ltr'><strong>in</strong></span> <span class='ocrx_word' id='word_1_157' title='bbox 372 1639 436 1702; x_wconf 91' lang='lat' dir='ltr'>quo</span> <span class='ocrx_word' id='word_1_158' title='bbox 449 1620 583 1701; x_wconf 76' lang='lat' dir='ltr'>pressius</span> <span class='ocrx_word' id='word_1_159' title='bbox 596 1622 628 1679; x_wconf 92' lang='lat' dir='ltr'><strong>et</strong></span> <span class='ocrx_word' id='word_1_160' title='bbox 644 1618 816 1679; x_wconf 76' lang='lat' dir='ltr'>accuratius</span> <span class='ocrx_word' id='word_1_161' title='bbox 833 1624 879 1679; x_wconf 91' lang='grc'><strong>661</strong></span> <span class='ocrx_word' id='word_1_162' title='bbox 899 1616 952 1677; x_wconf 89' lang='lat' dir='ltr'>illa</span> <span class='ocrx_word' id='word_1_163' title='bbox 965 1620 1093 1677; x_wconf 89' lang='lat' dir='ltr'>tractata</span> <span class='ocrx_word' id='word_1_164' title='bbox 1142 1613 1231 1689; x_wconf 89' lang='lat' dir='ltr'>lium,</span> <span class='ocrx_word' id='word_1_165' title='bbox 1247 1634 1311 1696; x_wconf 92' lang='lat' dir='ltr'>quo</span> <span class='ocrx_word' id='word_1_166' title='bbox 1323 1615 1455 1678; x_wconf 87' lang='lat' dir='ltr'>interius</span> <span class='ocrx_word' id='word_1_167' title='bbox 1468 1617 1631 1678; x_wconf 90' lang='lat' dir='ltr'>roboratus</span> <span class='ocrx_word' id='word_1_168' title='bbox 1644 1619 1778 1694; x_wconf 89' lang='lat' dir='ltr'>animus,</span> <span class='ocrx_word' id='word_1_169' title='bbox 1793 1619 1909 1680; x_wconf 88' lang='lat' dir='ltr'>adser-</span> 
     </span>
     <span class='ocr_line' id='line_1_16' title="bbox 325 1707 1910 1792; baseline 0.001 -24"><span class='ocrx_word' id='word_1_170' title='bbox 325 1714 465 1792; x_wconf 76' lang='lat' dir='ltr'>quaestio.</span> <span class='ocrx_word' id='word_1_171' title='bbox 1052 1771 1056 1777; x_wconf 56' lang='grc'><strong>,</strong></span> <span class='ocrx_word' id='word_1_172' title='bbox 1142 1707 1275 1767; x_wconf 82' lang='lat' dir='ltr'>vandum</span> <span class='ocrx_word' id='word_1_173' title='bbox 1296 1707 1408 1786; x_wconf 88' lang='lat' dir='ltr'>legem.</span> <span class='ocrx_word' id='word_1_174' title='bbox 1425 1713 1457 1769; x_wconf 89' lang='lat' dir='ltr'><strong>et</strong></span> <span class='ocrx_word' id='word_1_175' title='bbox 1474 1708 1655 1787; x_wconf 78' lang='lat' dir='ltr'>exequenda</span> <span class='ocrx_word' id='word_1_176' title='bbox 1676 1710 1910 1771; x_wconf 79' lang='lat' dir='ltr'>mandate-con-</span> 
     </span>
     <span class='ocr_line' id='line_1_17' title="bbox 1143 1797 1909 1879; baseline 0.008 -21"><span class='ocrx_word' id='word_1_177' title='bbox 1143 1797 1322 1861; x_wconf 73' lang='lat' dir='ltr'>valesceret.</span> <span class='ocrx_word' id='word_1_178' title='bbox 1339 1803 1400 1861; x_wconf 78' lang='lat' dir='ltr'><strong>dut</strong></span> <span class='ocrx_word' id='word_1_179' title='bbox 1422 1799 1485 1875; x_wconf 90' lang='grc'><strong>116,</strong></span> <span class='ocrx_word' id='word_1_180' title='bbox 1501 1805 1537 1861; x_wconf 88' lang='grc'><strong>61</strong></span> <span class='ocrx_word' id='word_1_181' title='bbox 1551 1800 1665 1861; x_wconf 78' lang='grc'><strong>(11661611</strong></span> <span class='ocrx_word' id='word_1_182' title='bbox 1686 1807 1772 1879; x_wconf 85' lang='lat' dir='ltr'>parta</span> <span class='ocrx_word' id='word_1_183' title='bbox 1790 1802 1909 1864; x_wconf 86' lang='lat' dir='ltr'>meritis</span> 
     </span>
     <span class='ocr_line' id='line_1_18' title="bbox 1142 1890 1909 1971; baseline 0.008 -21"><span class='ocrx_word' id='word_1_184' title='bbox 1142 1890 1230 1952; x_wconf 88' lang='lat' dir='ltr'>nulls</span> <span class='ocrx_word' id='word_1_185' title='bbox 1243 1890 1276 1951; x_wconf 95' lang='lat' dir='ltr'><strong>in</strong></span> <span class='ocrx_word' id='word_1_186' title='bbox 1296 1892 1372 1971; x_wconf 90' lang='lat' dir='ltr'>legis</span> <span class='ocrx_word' id='word_1_187' title='bbox 1388 1911 1424 1953; x_wconf 90' lang='grc'><strong>66</strong></span> <span class='ocrx_word' id='word_1_188' title='bbox 1437 1893 1624 1954; x_wconf 76' lang='lat' dir='ltr'>Testamenti</span> <span class='ocrx_word' id='word_1_189' title='bbox 1637 1895 1749 1954; x_wconf 79' lang='grc'><strong>6616616</strong></span> <span class='ocrx_word' id='word_1_190' title='bbox 1765 1894 1909 1956; x_wconf 86' lang='grc'><strong>61666666</strong></span> 
     </span>
     <span class='ocr_line' id='line_1_19' title="bbox 1142 1983 1910 2065; baseline 0.005 -22"><span class='ocrx_word' id='word_1_191' title='bbox 1142 1986 1174 2043; x_wconf 89' lang='grc'><strong>61</strong></span> <span class='ocrx_word' id='word_1_192' title='bbox 1199 1983 1337 2044; x_wconf 75' lang='lat' dir='ltr'>heredes</span> <span class='ocrx_word' id='word_1_193' title='bbox 1363 1983 1461 2063; x_wconf 87' lang='grc'><strong>366116</strong></span> <span class='ocrx_word' id='word_1_194' title='bbox 1490 1984 1682 2046; x_wconf 88' lang='lat' dir='ltr'>redundarit.</span> <span class='ocrx_word' id='word_1_195' title='bbox 1713 1986 1782 2046; x_wconf 88' lang='lat' dir='ltr'><strong>Non</strong></span> <span class='ocrx_word' id='word_1_196' title='bbox 1809 1988 1910 2065; x_wconf 87' lang='lat' dir='ltr'>potest</span> 
     </span>
     <span class='ocr_line' id='line_1_20' title="bbox 548 2075 1909 2172; baseline 0.003 -37"><span class='ocrx_word' id='word_1_197' title='bbox 548 2090 728 2172; x_wconf 72' lang='lat' dir='ltr'>CApUT</span> <span class='ocrx_word' id='word_1_198' title='bbox 773 2086 863 2172; x_wconf 36' lang='lat' dir='ltr'><strong>XV·</strong></span> <span class='ocrx_word' id='word_1_199' title='bbox 1141 2075 1245 2153; x_wconf 92' lang='lat' dir='ltr'>priore</span> <span class='ocrx_word' id='word_1_200' title='bbox 1258 2093 1351 2136; x_wconf 89' lang='lat' dir='ltr'>sensu</span> <span class='ocrx_word' id='word_1_201' title='bbox 1365 2076 1442 2137; x_wconf 92' lang='lat' dir='ltr'>illud</span> <span class='ocrx_word' id='word_1_202' title='bbox 1456 2093 1566 2137; x_wconf 89' lang='lat' dir='ltr'>earum</span> <span class='ocrx_word' id='word_1_203' title='bbox 1581 2075 1709 2137; x_wconf 84' lang='lat' dir='ltr'>effatum</span> <span class='ocrx_word' id='word_1_204' title='bbox 1729 2076 1790 2137; x_wconf 87' lang='lat' dir='ltr'>nisi</span> <span class='ocrx_word' id='word_1_205' title='bbox 1801 2079 1909 2157; x_wconf 89' lang='lat' dir='ltr'>putide</span> 
     </span>
     <span class='ocr_line' id='line_1_21' title="bbox 1142 2166 1910 2247; baseline 0.005 -21"><span class='ocrx_word' id='word_1_206' title='bbox 1142 2183 1178 2226; x_wconf 92' lang='grc'><strong>66</strong></span> <span class='ocrx_word' id='word_1_207' title='bbox 1197 2167 1326 2229; x_wconf 88' lang='lat' dir='ltr'>ridicule</span> <span class='ocrx_word' id='word_1_208' title='bbox 1346 2167 1453 2247; x_wconf 87' lang='lat' dir='ltr'>accipi.</span> <span class='ocrx_word' id='word_1_209' title='bbox 1475 2166 1587 2247; x_wconf 79' lang='lat' dir='ltr'>Ecquis</span> <span class='ocrx_word' id='word_1_210' title='bbox 1610 2168 1698 2229; x_wconf 89' lang='lat' dir='ltr'>enim</span> <span class='ocrx_word' id='word_1_211' title='bbox 1718 2169 1910 2231; x_wconf 83' lang='lat' dir='ltr'>Christianus</span> 
     </span>
     <span class='ocr_line' id='line_1_22' title="bbox 1141 2258 1910 2339; baseline 0.005 -21"><span class='ocrx_word' id='word_1_212' title='bbox 1141 2258 1233 2319; x_wconf 90' lang='lat' dir='ltr'>hodie</span> <span class='ocrx_word' id='word_1_213' title='bbox 1258 2259 1389 2336; x_wconf 85' lang='lat' dir='ltr'>dubitet,</span> <span class='ocrx_word' id='word_1_214' title='bbox 1416 2277 1454 2320; x_wconf 85' lang='grc'><strong>66</strong></span> <span class='ocrx_word' id='word_1_215' title='bbox 1475 2278 1537 2339; x_wconf 94' lang='lat' dir='ltr'>quo</span> <span class='ocrx_word' id='word_1_216' title='bbox 1564 2259 1679 2338; x_wconf 78' lang='lat' dir='ltr'>Pelagii</span> <span class='ocrx_word' id='word_1_217' title='bbox 1704 2261 1837 2322; x_wconf 85' lang='lat' dir='ltr'>extincta</span> <span class='ocrx_word' id='word_1_218' title='bbox 1862 2268 1910 2323; x_wconf 89' lang='lat' dir='ltr'><strong>est</strong></span> 
     </span>
     <span class='ocr_line' id='line_1_23' title="bbox 1140 2349 1907 2432; baseline 0.008 -23"><span class='ocrx_word' id='word_1_219' title='bbox 1140 2349 1277 2428; x_wconf 79' lang='lat' dir='ltr'>haeresis,</span> <span class='ocrx_word' id='word_1_220' title='bbox 1291 2353 1368 2429; x_wconf 90' lang='lat' dir='ltr'>quiu</span> <span class='ocrx_word' id='word_1_221' title='bbox 1381 2352 1488 2430; x_wconf 85' lang='lat' dir='ltr'>gratiae</span> <span class='ocrx_word' id='word_1_222' title='bbox 1501 2351 1570 2411; x_wconf 86' lang='lat' dir='ltr'>iens</span> <span class='ocrx_word' id='word_1_223' title='bbox 1583 2351 1688 2426; x_wconf 87' lang='lat' dir='ltr'>totius,</span> <span class='ocrx_word' id='word_1_224' title='bbox 1700 2371 1771 2431; x_wconf 77' lang='lat' dir='ltr'><strong>que</strong></span> <span class='ocrx_word' id='word_1_225' title='bbox 1781 2352 1907 2432; x_wconf 90' lang='lat' dir='ltr'>quidem</span> 
     </span>
     <span class='ocr_line' id='line_1_24' title="bbox 323 2440 1904 2525; baseline -0.001 -18"><span class='ocrx_word' id='word_1_226' title='bbox 323 2445 499 2507; x_wconf 83' lang='lat' dir='ltr'>Huuinibus</span> <span class='ocrx_word' id='word_1_227' title='bbox 518 2446 571 2508; x_wconf 84' lang='lat' dir='ltr'><strong>sut</strong></span> <span class='ocrx_word' id='word_1_228' title='bbox 594 2445 655 2525; x_wconf 81' lang='lat' dir='ltr'>teps</span> <span class='ocrx_word' id='word_1_229' title='bbox 677 2442 854 2524; x_wconf 73' lang='lat' dir='ltr'>depectitur,</span> <span class='ocrx_word' id='word_1_230' title='bbox 870 2454 897 2505; x_wconf 87' lang='lat' dir='ltr'><strong>et</strong></span> <span class='ocrx_word' id='word_1_231' title='bbox 920 2440 1092 2523; x_wconf 76' lang='grc'><strong>6611611166</strong></span> <span class='ocrx_word' id='word_1_232' title='bbox 1142 2442 1266 2520; x_wconf 88' lang='lat' dir='ltr'>proprie</span> <span class='ocrx_word' id='word_1_233' title='bbox 1282 2443 1380 2521; x_wconf 88' lang='lat' dir='ltr'>gratie</span> <span class='ocrx_word' id='word_1_234' title='bbox 1393 2442 1518 2518; x_wconf 89' lang='lat' dir='ltr'>dicitur,</span> <span class='ocrx_word' id='word_1_235' title='bbox 1533 2443 1671 2504; x_wconf 82' lang='lat' dir='ltr'>Christus</span> <span class='ocrx_word' id='word_1_236' title='bbox 1684 2444 1725 2504; x_wconf 85' lang='lat' dir='ltr'><strong>sit</strong></span> <span class='ocrx_word' id='word_1_237' title='bbox 1738 2445 1904 2520; x_wconf 80' lang='lat' dir='ltr'>liomiuus3</span> 
     </span>
     <span class='ocr_line' id='line_1_25' title="bbox 362 2533 1908 2617; baseline -0.001 -19"><span class='ocrx_word' id='word_1_238' title='bbox 362 2538 480 2617; x_wconf 74' lang='lat' dir='ltr'>affuisse</span> <span class='ocrx_word' id='word_1_239' title='bbox 492 2537 624 2617; x_wconf 75' lang='lat' dir='ltr'>qratiam</span> <span class='ocrx_word' id='word_1_240' title='bbox 635 2535 751 2599; x_wconf 75' lang='lat' dir='ltr'>Christi</span> <span class='ocrx_word' id='word_1_241' title='bbox 762 2535 981 2597; x_wconf 83' lang='lat' dir='ltr'>demarstratur</span> <span class='ocrx_word' id='word_1_242' title='bbox 994 2553 1091 2612; x_wconf 80' lang='lat' dir='ltr'>arpe-</span> <span class='ocrx_word' id='word_1_243' title='bbox 1141 2538 1172 2593; x_wconf 89' lang='lat' dir='ltr'><strong>et</strong></span> <span class='ocrx_word' id='word_1_244' title='bbox 1185 2533 1279 2594; x_wconf 90' lang='lat' dir='ltr'>unius</span> <span class='ocrx_word' id='word_1_245' title='bbox 1294 2534 1376 2595; x_wconf 90' lang='lat' dir='ltr'>illius</span> <span class='ocrx_word' id='word_1_246' title='bbox 1389 2536 1508 2596; x_wconf 89' lang='lat' dir='ltr'>meritis</span> <span class='ocrx_word' id='word_1_247' title='bbox 1526 2535 1567 2595; x_wconf 88' lang='lat' dir='ltr'><strong>ad</strong></span> <span class='ocrx_word' id='word_1_248' title='bbox 1587 2535 1718 2596; x_wconf 85' lang='grc'><strong>66161666</strong></span> <span class='ocrx_word' id='word_1_249' title='bbox 1738 2537 1908 2597; x_wconf 88' lang='lat' dir='ltr'>necessarie</span> 
     </span>
     <span class='ocr_line' id='line_1_26' title="bbox 362 2625 1908 2711; baseline -0.001 -20"><span class='ocrx_word' id='word_1_250' title='bbox 362 2638 457 2695; x_wconf 81' lang='lat' dir='ltr'>mento</span> <span class='ocrx_word' id='word_1_251' title='bbox 468 2629 552 2711; x_wconf 78' lang='lat' dir='ltr'>lorge</span> <span class='ocrx_word' id='word_1_252' title='bbox 562 2628 752 2702; x_wconf 73' lang='grc'><strong>6611116166,</strong></span> <span class='ocrx_word' id='word_1_253' title='bbox 762 2635 789 2690; x_wconf 87' lang='grc'><strong>61</strong></span> <span class='ocrx_word' id='word_1_254' title='bbox 798 2629 977 2690; x_wconf 82' lang='lat' dir='ltr'>Artomorum</span> <span class='ocrx_word' id='word_1_255' title='bbox 988 2625 1091 2687; x_wconf 73' lang='grc'><strong>6161116</strong></span> <span class='ocrx_word' id='word_1_256' title='bbox 1141 2625 1284 2686; x_wconf 88' lang='lat' dir='ltr'>omnium</span> <span class='ocrx_word' id='word_1_257' title='bbox 1297 2631 1476 2706; x_wconf 90' lang='lat' dir='ltr'>temporum</span> <span class='ocrx_word' id='word_1_258' title='bbox 1489 2627 1605 2687; x_wconf 80' lang='lat' dir='ltr'>auxilia</span> <span class='ocrx_word' id='word_1_259' title='bbox 1624 2628 1730 2703; x_wconf 75' lang='lat' dir='ltr'>gratiae</span> <span class='ocrx_word' id='word_1_260' title='bbox 1742 2628 1908 2690; x_wconf 86' lang='lat' dir='ltr'>tribuenda</span> 
     </span>
     <span class='ocr_line' id='line_1_27' title="bbox 364 2717 1906 2798; baseline -0.003 -12"><span class='ocrx_word' id='word_1_261' title='bbox 364 2720 563 2786; x_wconf 71' lang='lat' dir='ltr'>hallucinatio</span> <span class='ocrx_word' id='word_1_262' title='bbox 576 2720 771 2784; x_wconf 77' lang='lat' dir='ltr'>moriautur.</span> <span class='ocrx_word' id='word_1_263' title='bbox 1139 2717 1226 2778; x_wconf 86' lang='grc'><strong>61611</strong></span> <span class='ocrx_word' id='word_1_264' title='bbox 1250 2719 1348 2779; x_wconf 89' lang='lat' dir='ltr'>Nemo</span> <span class='ocrx_word' id='word_1_265' title='bbox 1372 2719 1488 2779; x_wconf 81' lang='lat' dir='ltr'>iudaeis</span> <span class='ocrx_word' id='word_1_266' title='bbox 1515 2719 1548 2778; x_wconf 91' lang='grc'><strong>16</strong></span> <span class='ocrx_word' id='word_1_267' title='bbox 1574 2719 1642 2798; x_wconf 90' lang='grc'><strong>1636</strong></span> <span class='ocrx_word' id='word_1_268' title='bbox 1669 2721 1765 2780; x_wconf 84' lang='lat' dir='ltr'>veteri</span> <span class='ocrx_word' id='word_1_269' title='bbox 1789 2721 1906 2781; x_wconf 89' lang='lat' dir='ltr'>nullam</span> 
     </span>
     <span class='ocr_line' id='line_1_28' title="bbox 1139 2809 1906 2892; baseline 0.005 -23"><span class='ocrx_word' id='word_1_270' title='bbox 1139 2809 1249 2887; x_wconf 79' lang='grc'><strong>366116</strong></span> <span class='ocrx_word' id='word_1_271' title='bbox 1275 2811 1390 2871; x_wconf 88' lang='lat' dir='ltr'>stillam</span> <span class='ocrx_word' id='word_1_272' title='bbox 1423 2811 1601 2889; x_wconf 73' lang='lat' dir='ltr'>adspersam</span> <span class='ocrx_word' id='word_1_273' title='bbox 1633 2811 1727 2872; x_wconf 89' lang='lat' dir='ltr'>fuisse</span> <span class='ocrx_word' id='word_1_274' title='bbox 1757 2811 1817 2872; x_wconf 88' lang='lat' dir='ltr'>nisi</span> <span class='ocrx_word' id='word_1_275' title='bbox 1849 2832 1906 2892; x_wconf 87' lang='lat' dir='ltr'><strong>per</strong></span> 
     </span>
     <span class='ocr_line' id='line_1_29' title="bbox 1132 2901 1905 2981; baseline 0.006 -20"><span class='ocrx_word' id='word_1_276' title='bbox 1132 2901 1306 2979; x_wconf 64' lang='lat' dir='ltr'>Christum,</span> <span class='ocrx_word' id='word_1_277' title='bbox 1327 2907 1381 2964; x_wconf 90' lang='lat' dir='ltr'><strong>aut</strong></span> <span class='ocrx_word' id='word_1_278' title='bbox 1402 2902 1510 2977; x_wconf 89' lang='lat' dir='ltr'>nescit,</span> <span class='ocrx_word' id='word_1_279' title='bbox 1531 2908 1588 2963; x_wconf 88' lang='grc'><strong>661</strong></span> <span class='ocrx_word' id='word_1_280' title='bbox 1605 2908 1709 2981; x_wconf 89' lang='grc'><strong>66361.</strong></span> <span class='ocrx_word' id='word_1_281' title='bbox 1733 2905 1905 2966; x_wconf 81' lang='lat' dir='ltr'>Posteriora</span> 
     </span>
     <span class='ocr_line' id='line_1_30' title="bbox 362 2992 1904 3076; baseline 0 -18"><span class='ocrx_word' id='word_1_282' title='bbox 362 2998 389 3058; x_wconf 91' lang='lat' dir='ltr'><strong>I.</strong></span> <span class='ocrx_word' id='word_1_283' title='bbox 409 2992 1090 3074; x_wconf 83' lang='lat' dir='ltr'>Nuncquodhujusdisputationisreliquum</span> <span class='ocrx_word' id='word_1_284' title='bbox 1138 2992 1243 3073; x_wconf 79' lang='lat' dir='ltr'>iteepie</span> <span class='ocrx_word' id='word_1_285' title='bbox 1256 3012 1349 3056; x_wconf 90' lang='lat' dir='ltr'>sensa</span> <span class='ocrx_word' id='word_1_286' title='bbox 1369 2996 1500 3076; x_wconf 80' lang='lat' dir='ltr'>pretium</span> <span class='ocrx_word' id='word_1_287' title='bbox 1522 2995 1609 3056; x_wconf 81' lang='lat' dir='ltr'>illam</span> <span class='ocrx_word' id='word_1_288' title='bbox 1631 2994 1826 3076; x_wconf 67' lang='lat' dir='ltr'>residentem</span> <span class='ocrx_word' id='word_1_289' title='bbox 1844 3015 1904 3058; x_wconf 86' lang='lat' dir='ltr'>ser·</span> 
     </span>
     <span class='ocr_line' id='line_1_31' title="bbox 322 3084 1902 3168; baseline -0.002 -16"><span class='ocrx_word' id='word_1_290' title='bbox 322 3096 368 3152; x_wconf 81' lang='grc'><strong>661</strong></span> <span class='ocrx_word' id='word_1_291' title='bbox 381 3106 515 3168; x_wconf 82' lang='lat' dir='ltr'>exequar</span> <span class='ocrx_word' id='word_1_292' title='bbox 529 3107 537 3163; x_wconf 93' lang='lat'>;</span> <span class='ocrx_word' id='word_1_293' title='bbox 551 3092 583 3147; x_wconf 92' lang='lat' dir='ltr'><strong>et</strong></span> <span class='ocrx_word' id='word_1_294' title='bbox 596 3086 656 3147; x_wconf 86' lang='lat' dir='ltr'>illis</span> <span class='ocrx_word' id='word_1_295' title='bbox 669 3086 774 3159; x_wconf 87' lang='lat' dir='ltr'>etiem,</span> <span class='ocrx_word' id='word_1_296' title='bbox 790 3085 844 3164; x_wconf 89' lang='lat' dir='ltr'><strong>qui</strong></span> <span class='ocrx_word' id='word_1_297' title='bbox 857 3085 915 3146; x_wconf 86' lang='lat' dir='ltr'><strong>sub</strong></span> <span class='ocrx_word' id='word_1_298' title='bbox 928 3084 997 3163; x_wconf 88' lang='lat' dir='ltr'>lege</span> <span class='ocrx_word' id='word_1_299' title='bbox 1010 3102 1088 3163; x_wconf 92' lang='lat' dir='ltr'>quo·</span> <span class='ocrx_word' id='word_1_300' title='bbox 1139 3084 1229 3146; x_wconf 83' lang='lat' dir='ltr'>candi</span> <span class='ocrx_word' id='word_1_301' title='bbox 1236 3086 1338 3167; x_wconf 73' lang='lat' dir='ltr'>legem,</span> <span class='ocrx_word' id='word_1_302' title='bbox 1346 3087 1483 3166; x_wconf 87' lang='lat' dir='ltr'>utpolite</span> <span class='ocrx_word' id='word_1_303' title='bbox 1494 3086 1712 3167; x_wconf 86' lang='lat' dir='ltr'>eleganterque</span> <span class='ocrx_word' id='word_1_304' title='bbox 1720 3088 1902 3166; x_wconf 89' lang='lat' dir='ltr'>loquuntur,</span> 
     </span>
     <span class='ocr_line' id='line_1_32' title="bbox 322 3176 1905 3263; baseline -0.001 -20"><span class='ocrx_word' id='word_1_305' title='bbox 322 3201 383 3263; x_wconf 91' lang='lat' dir='ltr'>quo</span> <span class='ocrx_word' id='word_1_306' title='bbox 416 3180 525 3257; x_wconf 89' lang='lat' dir='ltr'>modo,</span> <span class='ocrx_word' id='word_1_307' title='bbox 554 3179 586 3239; x_wconf 92' lang='lat' dir='ltr'><strong>id</strong></span> <span class='ocrx_word' id='word_1_308' title='bbox 613 3184 659 3239; x_wconf 91' lang='lat' dir='ltr'><strong>est</strong></span> <span class='ocrx_word' id='word_1_309' title='bbox 686 3177 836 3249; x_wconf 89' lang='lat' dir='ltr'>secundo,</span> <span class='ocrx_word' id='word_1_310' title='bbox 868 3194 904 3238; x_wconf 87' lang='lat' dir='ltr'><strong>ac</strong></span> <span class='ocrx_word' id='word_1_311' title='bbox 939 3177 1089 3238; x_wconf 88' lang='lat' dir='ltr'>deteriore</span> <span class='ocrx_word' id='word_1_312' title='bbox 1138 3176 1178 3237; x_wconf 89' lang='lat' dir='ltr'><strong>ab</strong></span> <span class='ocrx_word' id='word_1_313' title='bbox 1202 3179 1319 3240; x_wconf 79' lang='lat' dir='ltr'>iudeis</span> <span class='ocrx_word' id='word_1_314' title='bbox 1341 3179 1519 3258; x_wconf 88' lang='lat' dir='ltr'>abjudicant</span> <span class='ocrx_word' id='word_1_315' title='bbox 1535 3198 1542 3240; x_wconf 72' lang='grc' dir='ltr'><strong>ε</strong></span> <span class='ocrx_word' id='word_1_316' title='bbox 1558 3184 1709 3259; x_wconf 85' lang='lat' dir='ltr'>tanquam</span> <span class='ocrx_word' id='word_1_317' title='bbox 1731 3179 1774 3240; x_wconf 87' lang='lat' dir='ltr'><strong>ita</strong></span> <span class='ocrx_word' id='word_1_318' title='bbox 1795 3182 1905 3259; x_wconf 72' lang='grc'><strong>666611</strong></span> 
     </span>
     <span class='ocr_line' id='line_1_33' title="bbox 322 3269 1904 3352; baseline -0.002 -16"><span class='ocrx_word' id='word_1_319' title='bbox 322 3271 590 3349; x_wconf 81' lang='grc'><strong>1666661,61161666</strong></span> <span class='ocrx_word' id='word_1_320' title='bbox 604 3271 712 3350; x_wconf 80' lang='lat' dir='ltr'>gratiae</span> <span class='ocrx_word' id='word_1_321' title='bbox 725 3269 905 3349; x_wconf 86' lang='lat' dir='ltr'>praesidium</span> <span class='ocrx_word' id='word_1_322' title='bbox 914 3270 1086 3331; x_wconf 88' lang='lat' dir='ltr'>ostendam:</span> <span class='ocrx_word' id='word_1_323' title='bbox 1138 3275 1209 3331; x_wconf 88' lang='lat' dir='ltr'>aeut</span> <span class='ocrx_word' id='word_1_324' title='bbox 1233 3289 1241 3330; x_wconf 76' lang='lat'><em>2</em></span> <span class='ocrx_word' id='word_1_325' title='bbox 1269 3295 1283 3324; x_wconf 78' lang='grc' dir='ltr'><strong>α</strong></span> <span class='ocrx_word' id='word_1_326' title='bbox 1306 3271 1374 3331; x_wconf 86' lang='lat' dir='ltr'><strong>Non</strong></span> <span class='ocrx_word' id='word_1_327' title='bbox 1401 3271 1523 3332; x_wconf 83' lang='grc'><strong>61161666</strong></span> <span class='ocrx_word' id='word_1_328' title='bbox 1546 3272 1727 3332; x_wconf 84' lang='lat' dir='ltr'>bominibus</span> <span class='ocrx_word' id='word_1_329' title='bbox 1754 3273 1811 3333; x_wconf 81' lang='grc'><strong>6616</strong></span> <span class='ocrx_word' id='word_1_330' title='bbox 1836 3273 1904 3352; x_wconf 87' lang='grc'><strong>1636</strong></span> 
     </span>
     <span class='ocr_line' id='line_1_34' title="bbox 320 3362 1904 3446; baseline -0.001 -18"><span class='ocrx_word' id='word_1_331' title='bbox 320 3386 361 3429; x_wconf 80' lang='lat' dir='ltr'><strong>ex</strong></span> <span class='ocrx_word' id='word_1_332' title='bbox 381 3386 443 3446; x_wconf 90' lang='lat' dir='ltr'>quo</span> <span class='ocrx_word' id='word_1_333' title='bbox 461 3364 544 3426; x_wconf 90' lang='lat' dir='ltr'>istud</span> <span class='ocrx_word' id='word_1_334' title='bbox 563 3364 735 3425; x_wconf 87' lang='lat' dir='ltr'>necessario</span> <span class='ocrx_word' id='word_1_335' title='bbox 753 3369 914 3442; x_wconf 86' lang='lat' dir='ltr'>aequetur,</span> <span class='ocrx_word' id='word_1_336' title='bbox 930 3362 1089 3424; x_wconf 83' lang='lat' dir='ltr'>falsissime</span> <span class='ocrx_word' id='word_1_337' title='bbox 1139 3362 1311 3423; x_wconf 87' lang='lat' dir='ltr'>viventibus</span> <span class='ocrx_word' id='word_1_338' title='bbox 1329 3362 1480 3423; x_wconf 84' lang='lat' dir='ltr'>auxilium</span> <span class='ocrx_word' id='word_1_339' title='bbox 1504 3363 1603 3424; x_wconf 90' lang='lat' dir='ltr'>ullum</span> <span class='ocrx_word' id='word_1_340' title='bbox 1626 3365 1733 3443; x_wconf 80' lang='grc'><strong>366116</strong></span> <span class='ocrx_word' id='word_1_341' title='bbox 1750 3366 1789 3426; x_wconf 90' lang='lat' dir='ltr'><strong>ad</strong></span> <span class='ocrx_word' id='word_1_342' title='bbox 1802 3365 1904 3445; x_wconf 89' lang='lat' dir='ltr'>legem</span> 
     </span>
     <span class='ocr_line' id='line_1_35' title="bbox 319 3455 1904 3537; baseline -0.001 -17"><span class='ocrx_word' id='word_1_343' title='bbox 319 3458 471 3537; x_wconf 88' lang='lat' dir='ltr'>jactatum</span> <span class='ocrx_word' id='word_1_344' title='bbox 497 3457 558 3517; x_wconf 90' lang='lat' dir='ltr'><strong>huc</strong></span> <span class='ocrx_word' id='word_1_345' title='bbox 585 3455 625 3516; x_wconf 90' lang='lat' dir='ltr'><strong>ab</strong></span> <span class='ocrx_word' id='word_1_346' title='bbox 651 3455 841 3531; x_wconf 78' lang='grc'><strong>1666666616,</strong></span> <span class='ocrx_word' id='word_1_347' title='bbox 862 3455 942 3515; x_wconf 88' lang='grc'><strong>611611</strong></span> <span class='ocrx_word' id='word_1_348' title='bbox 964 3473 1089 3534; x_wconf 88' lang='lat' dir='ltr'>prorsus</span> <span class='ocrx_word' id='word_1_349' title='bbox 1138 3456 1331 3531; x_wconf 81' lang='lat' dir='ltr'>servandam,</span> <span class='ocrx_word' id='word_1_350' title='bbox 1346 3455 1396 3517; x_wconf 80' lang='lat' dir='ltr'><strong>vel</strong></span> <span class='ocrx_word' id='word_1_351' title='bbox 1411 3455 1539 3535; x_wconf 88' lang='lat' dir='ltr'>aliquod</span> <span class='ocrx_word' id='word_1_352' title='bbox 1552 3462 1742 3535; x_wconf 82' lang='lat' dir='ltr'>praereptum</span> <span class='ocrx_word' id='word_1_353' title='bbox 1762 3457 1829 3535; x_wconf 69' lang='lat' dir='ltr'>ejus</span> <span class='ocrx_word' id='word_1_354' title='bbox 1843 3458 1904 3518; x_wconf 82' lang='lat' dir='ltr'>sui-</span> 
     </span>
     <span class='ocr_line' id='line_1_36' title="bbox 320 3546 1902 3630; baseline 0 -19"><span class='ocrx_word' id='word_1_355' title='bbox 320 3549 418 3611; x_wconf 81' lang='lat' dir='ltr'>vcteri</span> <span class='ocrx_word' id='word_1_356' title='bbox 445 3547 503 3609; x_wconf 89' lang='lat' dir='ltr'><strong>sub</strong></span> <span class='ocrx_word' id='word_1_357' title='bbox 529 3549 608 3626; x_wconf 89' lang='grc'><strong>1636,</strong></span> <span class='ocrx_word' id='word_1_358' title='bbox 628 3566 665 3608; x_wconf 89' lang='grc'><strong>66</strong></span> <span class='ocrx_word' id='word_1_359' title='bbox 687 3548 895 3620; x_wconf 87' lang='lat' dir='ltr'>Testamenta,</span> <span class='ocrx_word' id='word_1_360' title='bbox 915 3546 1089 3625; x_wconf 68' lang='grc'><strong>6116666116</strong></span> <span class='ocrx_word' id='word_1_361' title='bbox 1137 3547 1902 3630; x_wconf 56' lang='grc'><strong>16166116666666666616311616116666111616666-</strong></span> 
     </span>
     <span class='ocr_line' id='line_1_37' title="bbox 321 3638 1902 3722; baseline 0.003 -20"><span class='ocrx_word' id='word_1_362' title='bbox 321 3642 430 3721; x_wconf 76' lang='lat' dir='ltr'>gretie</span> <span class='ocrx_word' id='word_1_363' title='bbox 469 3640 587 3701; x_wconf 78' lang='lat' dir='ltr'>lausiacis</span> <span class='ocrx_word' id='word_1_364' title='bbox 632 3638 817 3699; x_wconf 87' lang='lat' dir='ltr'>attributum</span> <span class='ocrx_word' id='word_1_365' title='bbox 852 3654 860 3698; x_wconf 73' lang='grc' dir='ltr'><strong><em>ε</em></strong></span> <span class='ocrx_word' id='word_1_366' title='bbox 895 3638 1088 3717; x_wconf 84' lang='lat' dir='ltr'>reliquasque</span> <span class='ocrx_word' id='word_1_367' title='bbox 1138 3640 1310 3702; x_wconf 76' lang='lat' dir='ltr'>tandum.»</span> <span class='ocrx_word' id='word_1_368' title='bbox 1327 3640 1385 3701; x_wconf 89' lang='lat' dir='ltr'><strong>Hic</strong></span> <span class='ocrx_word' id='word_1_369' title='bbox 1410 3656 1484 3700; x_wconf 84' lang='lat' dir='ltr'>vero</span> <span class='ocrx_word' id='word_1_370' title='bbox 1511 3641 1714 3719; x_wconf 89' lang='lat' dir='ltr'>repetendum</span> <span class='ocrx_word' id='word_1_371' title='bbox 1738 3647 1795 3718; x_wconf 87' lang='lat' dir='ltr'>est,</span> <span class='ocrx_word' id='word_1_372' title='bbox 1819 3645 1902 3722; x_wconf 88' lang='lat' dir='ltr'>quad</span> 
     </span>
     <span class='ocr_line' id='line_1_38' title="bbox 320 3730 1899 3815; baseline 0.002 -22"><span class='ocrx_word' id='word_1_373' title='bbox 320 3734 450 3809; x_wconf 89' lang='grc'><strong>6666166,</strong></span> <span class='ocrx_word' id='word_1_374' title='bbox 465 3731 625 3811; x_wconf 89' lang='lat' dir='ltr'>inquibus</span> <span class='ocrx_word' id='word_1_375' title='bbox 642 3730 811 3792; x_wconf 80' lang='lat' dir='ltr'>refutandis</span> <span class='ocrx_word' id='word_1_376' title='bbox 832 3748 897 3790; x_wconf 92' lang='grc'><strong>666</strong></span> <span class='ocrx_word' id='word_1_377' title='bbox 919 3731 985 3790; x_wconf 88' lang='grc'><strong>6166</strong></span> <span class='ocrx_word' id='word_1_378' title='bbox 998 3731 1087 3791; x_wconf 78' lang='lat' dir='ltr'>ladio</span> <span class='ocrx_word' id='word_1_379' title='bbox 1137 3748 1229 3812; x_wconf 89' lang='grc'><strong>66666</strong></span> <span class='ocrx_word' id='word_1_380' title='bbox 1237 3732 1338 3811; x_wconf 84' lang='lat' dir='ltr'>capite</span> <span class='ocrx_word' id='word_1_381' title='bbox 1344 3732 1545 3794; x_wconf 87' lang='lat' dir='ltr'>antecedente</span> <span class='ocrx_word' id='word_1_382' title='bbox 1554 3733 1646 3794; x_wconf 88' lang='lat' dir='ltr'>docui</span> <span class='ocrx_word' id='word_1_383' title='bbox 1659 3731 1682 3794; x_wconf 80' lang='lat'><strong>¹:</strong></span> <span class='ocrx_word' id='word_1_384' title='bbox 1697 3732 1822 3815; x_wconf 74' lang='lat' dir='ltr'>sublege</span> <span class='ocrx_word' id='word_1_385' title='bbox 1832 3754 1899 3813; x_wconf 80' lang='lat' dir='ltr'>esse,</span> 
     </span>
     <span class='ocr_line' id='line_1_39' title="bbox 319 3822 1902 3905; baseline 0.003 -20"><span class='ocrx_word' id='word_1_386' title='bbox 319 3825 469 3887; x_wconf 87' lang='lat' dir='ltr'>hactenus</span> <span class='ocrx_word' id='word_1_387' title='bbox 482 3841 680 3903; x_wconf 89' lang='lat' dir='ltr'>occupemur.</span> <span class='ocrx_word' id='word_1_388' title='bbox 702 3824 781 3884; x_wconf 89' lang='lat' dir='ltr'><strong>Nam</strong></span> <span class='ocrx_word' id='word_1_389' title='bbox 806 3840 878 3883; x_wconf 91' lang='lat' dir='ltr'><strong>cum</strong></span> <span class='ocrx_word' id='word_1_390' title='bbox 891 3822 954 3882; x_wconf 91' lang='lat' dir='ltr'>duo</span> <span class='ocrx_word' id='word_1_391' title='bbox 973 3840 1088 3899; x_wconf 87' lang='lat' dir='ltr'>genere</span> <span class='ocrx_word' id='word_1_392' title='bbox 1135 3825 1185 3886; x_wconf 83' lang='lat' dir='ltr'><strong>vel</strong></span> <span class='ocrx_word' id='word_1_393' title='bbox 1198 3824 1251 3886; x_wconf 82' lang='lat' dir='ltr'><strong>sub</strong></span> <span class='ocrx_word' id='word_1_394' title='bbox 1266 3826 1444 3887; x_wconf 81' lang='lat' dir='ltr'>Testamenta</span> <span class='ocrx_word' id='word_1_395' title='bbox 1459 3824 1549 3885; x_wconf 71' lang='grc'><strong>661611</strong></span> <span class='ocrx_word' id='word_1_396' title='bbox 1556 3871 1564 3901; x_wconf 94' lang='grc'><strong>,</strong></span> <span class='ocrx_word' id='word_1_397' title='bbox 1579 3824 1704 3905; x_wconf 84' lang='lat' dir='ltr'>proprie</span> <span class='ocrx_word' id='word_1_398' title='bbox 1723 3826 1793 3886; x_wconf 87' lang='lat' dir='ltr'>illos</span> <span class='ocrx_word' id='word_1_399' title='bbox 1811 3827 1902 3889; x_wconf 86' lang='lat' dir='ltr'>intel-</span> 
     </span>
     <span class='ocr_line' id='line_1_40' title="bbox 319 3913 1899 3996; baseline 0.001 -18"><span class='ocrx_word' id='word_1_400' title='bbox 319 3917 504 3978; x_wconf 75' lang='lat' dir='ltr'>iudeorum</span> <span class='ocrx_word' id='word_1_401' title='bbox 517 3916 684 3976; x_wconf 87' lang='lat' dir='ltr'>hominum</span> <span class='ocrx_word' id='word_1_402' title='bbox 702 3913 890 3989; x_wconf 80' lang='lat' dir='ltr'>exstiterint,</span> <span class='ocrx_word' id='word_1_403' title='bbox 905 3932 963 3992; x_wconf 89' lang='lat' dir='ltr'><strong>pro</strong></span> <span class='ocrx_word' id='word_1_404' title='bbox 974 3913 1087 3992; x_wconf 90' lang='lat' dir='ltr'>duplici</span> <span class='ocrx_word' id='word_1_405' title='bbox 1135 3915 1202 3994; x_wconf 86' lang='lat' dir='ltr'>ligi,</span> <span class='ocrx_word' id='word_1_406' title='bbox 1217 3917 1271 3995; x_wconf 93' lang='lat' dir='ltr'><strong>qui</strong></span> <span class='ocrx_word' id='word_1_407' title='bbox 1280 3915 1357 3995; x_wconf 88' lang='lat' dir='ltr'>justi</span> <span class='ocrx_word' id='word_1_408' title='bbox 1366 3934 1431 3977; x_wconf 91' lang='grc'><strong>666</strong></span> <span class='ocrx_word' id='word_1_409' title='bbox 1443 3921 1543 3993; x_wconf 84' lang='lat' dir='ltr'>erant,</span> <span class='ocrx_word' id='word_1_410' title='bbox 1552 3935 1588 3978; x_wconf 89' lang='grc'><strong>66</strong></span> <span class='ocrx_word' id='word_1_411' title='bbox 1597 3917 1704 3978; x_wconf 85' lang='grc'><strong>666611.</strong></span> <span class='ocrx_word' id='word_1_412' title='bbox 1716 3918 1899 3996; x_wconf 88' lang='lat' dir='ltr'>Hujusmodi</span> 
     </span>
     <span class='ocr_line' id='line_1_41' title="bbox 318 4005 1899 4088; baseline 0.002 -19"><span class='ocrx_word' id='word_1_413' title='bbox 318 4007 503 4069; x_wconf 87' lang='grc'><strong>11166611666</strong></span> <span class='ocrx_word' id='word_1_414' title='bbox 518 4007 658 4085; x_wconf 84' lang='lat' dir='ltr'>sublege</span> <span class='ocrx_word' id='word_1_415' title='bbox 675 4006 827 4081; x_wconf 85' lang='lat' dir='ltr'>degendi,</span> <span class='ocrx_word' id='word_1_416' title='bbox 849 4023 943 4085; x_wconf 91' lang='lat' dir='ltr'>quam</span> <span class='ocrx_word' id='word_1_417' title='bbox 957 4005 1085 4085; x_wconf 80' lang='lat' dir='ltr'>exposui</span> <span class='ocrx_word' id='word_1_418' title='bbox 1135 4008 1219 4069; x_wconf 87' lang='lat' dir='ltr'>enim</span> <span class='ocrx_word' id='word_1_419' title='bbox 1232 4009 1413 4088; x_wconf 82' lang='lat' dir='ltr'>apologista,</span> <span class='ocrx_word' id='word_1_420' title='bbox 1428 4014 1465 4069; x_wconf 89' lang='lat' dir='ltr'><strong>ut</strong></span> <span class='ocrx_word' id='word_1_421' title='bbox 1484 4008 1602 4069; x_wconf 88' lang='lat' dir='ltr'>ibidem</span> <span class='ocrx_word' id='word_1_422' title='bbox 1615 4014 1773 4070; x_wconf 80' lang='grc'><strong>66166666</strong></span> <span class='ocrx_word' id='word_1_423' title='bbox 1791 4016 1847 4086; x_wconf 88' lang='grc'><strong>661,</strong></span> <span class='ocrx_word' id='word_1_424' title='bbox 1860 4012 1899 4072; x_wconf 89' lang='lat' dir='ltr'><strong>ad</strong></span> 
     </span>
     <span class='ocr_line' id='line_1_42' title="bbox 319 4096 1897 4180; baseline 0.002 -18"><span class='ocrx_word' id='word_1_425' title='bbox 319 4099 512 4163; x_wconf 86' lang='lat' dir='ltr'>antecedenti</span> <span class='ocrx_word' id='word_1_426' title='bbox 542 4099 661 4176; x_wconf 83' lang='lat' dir='ltr'>eapite3</span> <span class='ocrx_word' id='word_1_427' title='bbox 688 4098 713 4157; x_wconf 88' lang='lat' dir='ltr'><strong>si</strong></span> <span class='ocrx_word' id='word_1_428' title='bbox 736 4098 774 4158; x_wconf 92' lang='lat' dir='ltr'><strong>de</strong></span> <span class='ocrx_word' id='word_1_429' title='bbox 793 4096 965 4177; x_wconf 84' lang='lat' dir='ltr'>posteriori,</span> <span class='ocrx_word' id='word_1_430' title='bbox 988 4116 1086 4177; x_wconf 89' lang='lat' dir='ltr'>eoque</span> <span class='ocrx_word' id='word_1_431' title='bbox 1134 4117 1252 4161; x_wconf 88' lang='lat' dir='ltr'>novum</span> <span class='ocrx_word' id='word_1_432' title='bbox 1286 4101 1441 4180; x_wconf 81' lang='lat' dir='ltr'>pertinere</span> <span class='ocrx_word' id='word_1_433' title='bbox 1473 4102 1703 4162; x_wconf 85' lang='lat' dir='ltr'>Testamentum</span> <span class='ocrx_word' id='word_1_434' title='bbox 1735 4102 1897 4165; x_wconf 83' lang='grc'><strong>6616116661.</strong></span> 
     </span>
     <span class='ocr_line' id='line_1_43' title="bbox 320 4189 1900 4273; baseline 0.001 -20"><span class='ocrx_word' id='word_1_435' title='bbox 320 4191 471 4253; x_wconf 85' lang='lat' dir='ltr'>deteriore</span> <span class='ocrx_word' id='word_1_436' title='bbox 484 4189 610 4270; x_wconf 88' lang='lat' dir='ltr'>probari</span> <span class='ocrx_word' id='word_1_437' title='bbox 622 4194 736 4269; x_wconf 87' lang='lat' dir='ltr'>potest,</span> <span class='ocrx_word' id='word_1_438' title='bbox 757 4207 820 4250; x_wconf 88' lang='grc'><strong>666</strong></span> <span class='ocrx_word' id='word_1_439' title='bbox 847 4189 887 4250; x_wconf 91' lang='lat' dir='ltr'><strong>ab</strong></span> <span class='ocrx_word' id='word_1_440' title='bbox 912 4209 948 4251; x_wconf 91' lang='grc'><strong>66</strong></span> <span class='ocrx_word' id='word_1_441' title='bbox 973 4191 1087 4251; x_wconf 83' lang='lat' dir='ltr'>Christi</span> <span class='ocrx_word' id='word_1_442' title='bbox 1136 4193 1201 4254; x_wconf 88' lang='lat' dir='ltr'>Soli</span> <span class='ocrx_word' id='word_1_443' title='bbox 1226 4211 1300 4273; x_wconf 86' lang='lat' dir='ltr'>ergo</span> <span class='ocrx_word' id='word_1_444' title='bbox 1323 4192 1405 4254; x_wconf 85' lang='lat' dir='ltr'>vitiis</span> <span class='ocrx_word' id='word_1_445' title='bbox 1420 4194 1600 4272; x_wconf 85' lang='grc'><strong>6666666116</strong></span> <span class='ocrx_word' id='word_1_446' title='bbox 1623 4192 1745 4269; x_wconf 86' lang='grc'><strong>16661111,</strong></span> <span class='ocrx_word' id='word_1_447' title='bbox 1770 4194 1829 4255; x_wconf 85' lang='grc'><strong>1666</strong></span> <span class='ocrx_word' id='word_1_448' title='bbox 1855 4210 1900 4255; x_wconf 69' lang='lat' dir='ltr'>esst</span> 
     </span>
     <span class='ocr_line' id='line_1_44' title="bbox 318 4280 1896 4367; baseline 0.001 -22"><span class='ocrx_word' id='word_1_449' title='bbox 318 4280 1084 4364; x_wconf 81' lang='lat' dir='ltr'>gratiamabfuisse3quiadepriori,propterillos,</span> <span class='ocrx_word' id='word_1_450' title='bbox 1134 4285 1273 4346; x_wconf 88' lang='lat' dir='ltr'>carnales</span> <span class='ocrx_word' id='word_1_451' title='bbox 1297 4285 1411 4357; x_wconf 76' lang='grc'><strong>1611661,</strong></span> <span class='ocrx_word' id='word_1_452' title='bbox 1441 4285 1705 4364; x_wconf 87' lang='lat' dir='ltr'>quemadmodum</span> <span class='ocrx_word' id='word_1_453' title='bbox 1733 4286 1790 4346; x_wconf 90' lang='lat' dir='ltr'><strong>sub</strong></span> <span class='ocrx_word' id='word_1_454' title='bbox 1819 4287 1896 4367; x_wconf 87' lang='lat' dir='ltr'>lege,</span> 
     </span>
     <span class='ocr_line' id='line_1_45' title="bbox 318 4372 1897 4457; baseline 0.002 -20"><span class='ocrx_word' id='word_1_455' title='bbox 318 4372 1084 4456; x_wconf 83' lang='lat' dir='ltr'>quasinexemplumpietatisacsanctitetisuttuli,</span> <span class='ocrx_word' id='word_1_456' title='bbox 1135 4376 1176 4438; x_wconf 88' lang='lat' dir='ltr'><strong>ita</strong></span> <span class='ocrx_word' id='word_1_457' title='bbox 1199 4377 1309 4457; x_wconf 75' lang='lat' dir='ltr'>gratie</span> <span class='ocrx_word' id='word_1_458' title='bbox 1342 4376 1465 4457; x_wconf 89' lang='lat' dir='ltr'>penitus</span> <span class='ocrx_word' id='word_1_459' title='bbox 1499 4382 1658 4455; x_wconf 80' lang='lat' dir='ltr'>expertes,</span> <span class='ocrx_word' id='word_1_460' title='bbox 1693 4376 1897 4455; x_wconf 84' lang='lat' dir='ltr'>Anemorum,</span> 
     </span>
     <span class='ocr_line' id='line_1_46' title="bbox 318 4464 1898 4551; baseline 0.002 -22"><span class='ocrx_word' id='word_1_461' title='bbox 318 4466 455 4529; x_wconf 88' lang='lat' dir='ltr'>dubitari</span> <span class='ocrx_word' id='word_1_462' title='bbox 472 4485 537 4527; x_wconf 91' lang='lat' dir='ltr'><strong>non</strong></span> <span class='ocrx_word' id='word_1_463' title='bbox 558 4470 677 4545; x_wconf 84' lang='lat' dir='ltr'>potest3</span> <span class='ocrx_word' id='word_1_464' title='bbox 700 4464 740 4525; x_wconf 88' lang='lat' dir='ltr'><strong>de</strong></span> <span class='ocrx_word' id='word_1_465' title='bbox 764 4464 908 4527; x_wconf 84' lang='lat' dir='ltr'>universa</span> <span class='ocrx_word' id='word_1_466' title='bbox 924 4471 1028 4545; x_wconf 88' lang='grc'><strong>36616,</strong></span> <span class='ocrx_word' id='word_1_467' title='bbox 1051 4486 1087 4528; x_wconf 90' lang='grc'><strong>66</strong></span> <span class='ocrx_word' id='word_1_468' title='bbox 1133 4475 1166 4531; x_wconf 92' lang='grc'><strong>61</strong></span> <span class='ocrx_word' id='word_1_469' title='bbox 1215 4469 1338 4548; x_wconf 86' lang='grc'><strong>6616661</strong></span> <span class='ocrx_word' id='word_1_470' title='bbox 1374 4469 1490 4529; x_wconf 89' lang='lat' dir='ltr'>harum</span> <span class='ocrx_word' id='word_1_471' title='bbox 1529 4469 1710 4548; x_wconf 80' lang='grc'><strong>6661631616</strong></span> <span class='ocrx_word' id='word_1_472' title='bbox 1753 4471 1898 4551; x_wconf 89' lang='grc'><strong>66161666</strong></span> 
     </span>
     <span class='ocr_line' id='line_1_47' title="bbox 319 4556 1271 4640; baseline -0.001 -19"><span class='ocrx_word' id='word_1_473' title='bbox 319 4576 476 4640; x_wconf 83' lang='lat' dir='ltr'>synagoga</span> <span class='ocrx_word' id='word_1_474' title='bbox 489 4557 627 4619; x_wconf 86' lang='grc'><strong>66616616</strong></span> <span class='ocrx_word' id='word_1_475' title='bbox 650 4575 700 4618; x_wconf 84' lang='grc'><strong>666</strong></span> <span class='ocrx_word' id='word_1_476' title='bbox 713 4557 789 4632; x_wconf 88' lang='grc'><strong>6611;</strong></span> <span class='ocrx_word' id='word_1_477' title='bbox 814 4556 993 4637; x_wconf 86' lang='lat' dir='ltr'>liquidoque</span> <span class='ocrx_word' id='word_1_478' title='bbox 1011 4577 1084 4620; x_wconf 90' lang='lat' dir='ltr'>con-</span> <span class='ocrx_word' id='word_1_479' title='bbox 1134 4560 1271 4622; x_wconf 83' lang='lat' dir='ltr'>fuerunt.</span> 
     </span>
     <span class='ocr_line' id='line_1_48' title="bbox 319 4648 2055 4731; baseline 0.003 -20"><span class='ocrx_word' id='word_1_480' title='bbox 319 4651 423 4727; x_wconf 87' lang='lat' dir='ltr'>stabit,</span> <span class='ocrx_word' id='word_1_481' title='bbox 437 4650 518 4711; x_wconf 92' lang='grc'><strong>66111</strong></span> <span class='ocrx_word' id='word_1_482' title='bbox 540 4649 606 4727; x_wconf 89' lang='lat' dir='ltr'>ejus</span> <span class='ocrx_word' id='word_1_483' title='bbox 632 4648 713 4728; x_wconf 86' lang='lat' dir='ltr'>parti</span> <span class='ocrx_word' id='word_1_484' title='bbox 734 4650 866 4728; x_wconf 78' lang='grc'><strong>36611616</strong></span> <span class='ocrx_word' id='word_1_485' title='bbox 889 4656 920 4711; x_wconf 86' lang='grc'><strong>61</strong></span> <span class='ocrx_word' id='word_1_486' title='bbox 937 4648 1086 4711; x_wconf 89' lang='lat' dir='ltr'>idoneum</span> <span class='ocrx_word' id='word_1_487' title='bbox 1174 4653 1231 4713; x_wconf 90' lang='lat' dir='ltr'>lll.</span> <span class='ocrx_word' id='word_1_488' title='bbox 1253 4653 1347 4731; x_wconf 78' lang='lat' dir='ltr'>lltqrd</span> <span class='ocrx_word' id='word_1_489' title='bbox 1368 4651 1465 4713; x_wconf 82' lang='lat' dir='ltr'>sihor</span> <span class='ocrx_word' id='word_1_490' title='bbox 1481 4650 1899 4731; x_wconf 79' lang='lat' dir='ltr'>dmerrnt,quo‹labrud1c1</span> <span class='ocrx_word' id='word_1_491' title='bbox 1930 4684 2000 4729; x_wconf 90' lang='grc'><strong>3,</strong></span> <span class='ocrx_word' id='word_1_492' title='bbox 1995 4683 2055 4726; x_wconf 84' lang='grc'><strong>,33</strong></span> 
     </span>
     <span class='ocr_line' id='line_1_49' title="bbox 319 4697 2047 4835; baseline 0.002 -31"><span class='ocrx_word' id='word_1_493' title='bbox 319 4742 471 4805; x_wconf 82' lang='lat' dir='ltr'>auxilium</span> <span class='ocrx_word' id='word_1_494' title='bbox 494 4740 636 4803; x_wconf 82' lang='lat' dir='ltr'>defuisse</span> <span class='ocrx_word' id='word_1_495' title='bbox 658 4741 763 4801; x_wconf 86' lang='lat' dir='ltr'>Hoc</span> <span class='ocrx_word' id='word_1_496' title='bbox 740 4759 765 4801; x_wconf 90' lang='grc'><strong>66</strong></span> <span class='ocrx_word' id='word_1_497' title='bbox 787 4741 867 4802; x_wconf 83' lang='grc'><strong>661</strong></span> <span class='ocrx_word' id='word_1_498' title='bbox 859 4759 953 4820; x_wconf 84' lang='lat' dir='ltr'>ipsos,</span> <span class='ocrx_word' id='word_1_499' title='bbox 977 4749 1086 4803; x_wconf 89' lang='lat' dir='ltr'>contra</span> <span class='ocrx_word' id='word_1_500' title='bbox 1134 4697 2047 4835; x_wconf 54' lang='grc' dir='ltr'><strong>66661666666666666161666661666666666166661Ἳέ,118ίῖ</strong></span> 
     </span>
     <span class='ocr_line' id='line_1_50' title="bbox 319 4832 2055 4941; baseline 0 -45"><span class='ocrx_word' id='word_1_501' title='bbox 319 4854 398 4915; x_wconf 89' lang='lat' dir='ltr'>quos</span> <span class='ocrx_word' id='word_1_502' title='bbox 421 4834 514 4895; x_wconf 88' lang='lat' dir='ltr'>mado</span> <span class='ocrx_word' id='word_1_503' title='bbox 542 4834 752 4937; x_wconf 82' lang='lat' dir='ltr'>disputamus,</span> <span class='ocrx_word' id='word_1_504' title='bbox 775 4832 864 4894; x_wconf 77' lang='lat' dir='ltr'>fateri</span> <span class='ocrx_word' id='word_1_505' title='bbox 893 4842 924 4893; x_wconf 91' lang='lat' dir='ltr'><strong>et</strong></span> <span class='ocrx_word' id='word_1_506' title='bbox 947 4835 1087 4895; x_wconf 78' lang='lat' dir='ltr'>assentiri</span> <span class='ocrx_word' id='word_1_507' title='bbox 1134 4836 1246 4915; x_wconf 88' lang='lat' dir='ltr'>quibus</span> <span class='ocrx_word' id='word_1_508' title='bbox 1259 4835 1400 4897; x_wconf 81' lang='lat' dir='ltr'>extricari</span> <span class='ocrx_word' id='word_1_509' title='bbox 1414 4842 1446 4897; x_wconf 91' lang='grc'><strong>61</strong></span> <span class='ocrx_word' id='word_1_510' title='bbox 1459 4836 1597 4915; x_wconf 86' lang='lat' dir='ltr'>expediri</span> <span class='ocrx_word' id='word_1_511' title='bbox 1610 4835 1698 4896; x_wconf 86' lang='lat' dir='ltr'>nulla</span> <span class='ocrx_word' id='word_1_512' title='bbox 1711 4852 1767 4897; x_wconf 87' lang='lat' dir='ltr'><strong>sua</strong></span> <span class='ocrx_word' id='word_1_513' title='bbox 1775 4839 1899 4901; x_wconf 82' lang='grc'><strong>6666116</strong></span> <span class='ocrx_word' id='word_1_514' title='bbox 1923 4844 1993 4888; x_wconf 69' lang='lat' dir='ltr'>Chre</span> <span class='ocrx_word' id='word_1_515' title='bbox 1960 4845 2055 4941; x_wconf 59' lang='grc'><strong>616666</strong></span> 
     </span>
     <span class='ocr_line' id='line_1_51' title="bbox 318 4924 2055 5011; baseline 0.001 -24"><span class='ocrx_word' id='word_1_516' title='bbox 318 4927 413 4988; x_wconf 89' lang='lat' dir='ltr'>etiam</span> <span class='ocrx_word' id='word_1_517' title='bbox 426 4925 538 4987; x_wconf 80' lang='lat' dir='ltr'>invitos</span> <span class='ocrx_word' id='word_1_518' title='bbox 558 4925 708 5004; x_wconf 83' lang='lat' dir='ltr'>cogimus,</span> <span class='ocrx_word' id='word_1_519' title='bbox 722 4924 797 5004; x_wconf 91' lang='lat' dir='ltr'>quid</span> <span class='ocrx_word' id='word_1_520' title='bbox 818 4925 877 4986; x_wconf 93' lang='lat' dir='ltr'>erit</span> <span class='ocrx_word' id='word_1_521' title='bbox 899 4924 931 4984; x_wconf 89' lang='lat' dir='ltr'><strong>vi</strong></span> <span class='ocrx_word' id='word_1_522' title='bbox 948 4925 1087 4987; x_wconf 80' lang='lat' dir='ltr'>veritatis</span> <span class='ocrx_word' id='word_1_523' title='bbox 1133 4928 1219 4989; x_wconf 88' lang='grc'><strong>11666</strong></span> <span class='ocrx_word' id='word_1_524' title='bbox 1245 4929 1600 5007; x_wconf 75' lang='grc'><strong>66166661866666666</strong></span> <span class='ocrx_word' id='word_1_525' title='bbox 1618 4928 1703 4989; x_wconf 88' lang='lat' dir='ltr'>enim</span> <span class='ocrx_word' id='word_1_526' title='bbox 1720 4932 1899 5011; x_wconf 85' lang='lat' dir='ltr'>quempiam</span> <span class='ocrx_word' id='word_1_527' title='bbox 1923 4951 1977 4995; x_wconf 74' lang='lat' dir='ltr'><strong>aem</strong></span> <span class='ocrx_word' id='word_1_528' title='bbox 1979 4955 2055 4995; x_wconf 66' lang='lat' dir='ltr'>onam·</span> 
     </span>
     <span class='ocr_line' id='line_1_52' title="bbox 318 5010 2021 5101; baseline 0.004 -21"><span class='ocrx_word' id='word_1_529' title='bbox 318 5016 574 5098; x_wconf 84' lang='grc'><strong>16166616611661</strong></span> <span class='ocrx_word' id='word_1_530' title='bbox 597 5016 910 5096; x_wconf 75' lang='grc'><strong>6666616666666</strong></span> <span class='ocrx_word' id='word_1_531' title='bbox 924 5017 1299 5095; x_wconf 81' lang='grc'><strong>6611661666166666</strong></span> <span class='ocrx_word' id='word_1_532' title='bbox 1322 5021 1375 5082; x_wconf 91' lang='lat' dir='ltr'>illo</span> <span class='ocrx_word' id='word_1_533' title='bbox 1400 5021 1544 5101; x_wconf 90' lang='lat' dir='ltr'>populo</span> <span class='ocrx_word' id='word_1_534' title='bbox 1534 5021 1677 5098; x_wconf 79' lang='lat' dir='ltr'>impium,</span> <span class='ocrx_word' id='word_1_535' title='bbox 1692 5040 1729 5082; x_wconf 90' lang='lat' dir='ltr'><strong>ac</strong></span> <span class='ocrx_word' id='word_1_536' title='bbox 1746 5023 1899 5085; x_wconf 78' lang='grc'><strong>6616661666</strong></span> <span class='ocrx_word' id='word_1_537' title='bbox 1979 5010 2021 5048; x_wconf 78' lang='lat'><strong>¹¹¹¹·</strong></span> 
     </span>
     <span class='ocr_line' id='line_1_53' title="bbox 318 5108 1900 5193; baseline 0.005 -22"><span class='ocrx_word' id='word_1_538' title='bbox 318 5117 350 5172; x_wconf 90' lang='lat' dir='ltr'><strong>et</strong></span> <span class='ocrx_word' id='word_1_539' title='bbox 362 5128 517 5190; x_wconf 87' lang='lat' dir='ltr'>nusquam</span> <span class='ocrx_word' id='word_1_540' title='bbox 538 5109 614 5171; x_wconf 87' lang='lat' dir='ltr'>alias</span> <span class='ocrx_word' id='word_1_541' title='bbox 633 5108 745 5170; x_wconf 85' lang='grc'><strong>6661166</strong></span> <span class='ocrx_word' id='word_1_542' title='bbox 766 5108 1002 5189; x_wconf 79' lang='lat' dir='ltr'>evidentiusque</span> <span class='ocrx_word' id='word_1_543' title='bbox 1015 5129 1086 5172; x_wconf 89' lang='grc'><strong>666-</strong></span> <span class='ocrx_word' id='word_1_544' title='bbox 1132 5112 1314 5189; x_wconf 69' lang='lat' dir='ltr'>bominem</span> <span class='ocrx_word' id='word_1_545' title='bbox 1340 5118 1395 5175; x_wconf 88' lang='grc'><strong>661</strong></span> <span class='ocrx_word' id='word_1_546' title='bbox 1416 5130 1489 5174; x_wconf 88' lang='lat' dir='ltr'><strong>eum</strong></span> <span class='ocrx_word' id='word_1_547' title='bbox 1511 5113 1657 5192; x_wconf 86' lang='lat' dir='ltr'>denique,</span> <span class='ocrx_word' id='word_1_548' title='bbox 1679 5115 1734 5193; x_wconf 92' lang='lat' dir='ltr'><strong>qui</strong></span> <span class='ocrx_word' id='word_1_549' title='bbox 1761 5116 1900 5192; x_wconf 79' lang='grc'><strong>36661666</strong></span> 
     </span>
     <span class='ocr_line' id='line_1_54' title="bbox 318 5198 1900 5287; baseline 0.004 -22"><span class='ocrx_word' id='word_1_550' title='bbox 318 5202 407 5281; x_wconf 85' lang='lat' dir='ltr'>stitit,</span> <span class='ocrx_word' id='word_1_551' title='bbox 421 5203 545 5285; x_wconf 78' lang='grc'><strong>6666116</strong></span> <span class='ocrx_word' id='word_1_552' title='bbox 557 5198 692 5263; x_wconf 70' lang='lat' dir='ltr'>enebris</span> <span class='ocrx_word' id='word_1_553' title='bbox 704 5218 847 5280; x_wconf 88' lang='lat' dir='ltr'>oppressa</span> <span class='ocrx_word' id='word_1_554' title='bbox 860 5200 900 5261; x_wconf 88' lang='lat' dir='ltr'><strong>sit</strong></span> <span class='ocrx_word' id='word_1_555' title='bbox 920 5198 988 5264; x_wconf 78' lang='lat' dir='ltr'>haec</span> <span class='ocrx_word' id='word_1_556' title='bbox 1001 5202 1084 5265; x_wconf 81' lang='lat' dir='ltr'>Ano·</span> <span class='ocrx_word' id='word_1_557' title='bbox 1134 5205 1237 5285; x_wconf 90' lang='lat' dir='ltr'>aliquo</span> <span class='ocrx_word' id='word_1_558' title='bbox 1263 5205 1427 5268; x_wconf 86' lang='lat' dir='ltr'>commissa</span> <span class='ocrx_word' id='word_1_559' title='bbox 1452 5205 1581 5285; x_wconf 74' lang='grc'><strong>66166166</strong></span> <span class='ocrx_word' id='word_1_560' title='bbox 1602 5205 1698 5268; x_wconf 77' lang='lat' dir='ltr'>fidem</span> <span class='ocrx_word' id='word_1_561' title='bbox 1723 5225 1810 5287; x_wconf 84' lang='lat' dir='ltr'>sse,</span> <span class='ocrx_word' id='word_1_562' title='bbox 1827 5228 1900 5271; x_wconf 86' lang='lat' dir='ltr'><strong>cum</strong></span> 
     </span>
    </p>
   </div>
   <div class='ocr_carea' id='block_1_3' title="bbox 344 5403 488 5467">
    <p class='ocr_par' dir='ltr' id='par_1_3' title="bbox 344 5403 488 5467">
     <span class='ocr_line' id='line_1_55' title="bbox 344 5403 488 5467; baseline 0.014 -19"><span class='ocrx_word' id='word_1_563' title='bbox 344 5403 447 5467; x_wconf 75' lang='grc'><strong>116663.</strong></span> <span class='ocrx_word' id='word_1_564' title='bbox 465 5403 488 5450; x_wconf 79' lang='lat' dir='ltr'><strong>t.</strong></span> 
     </span>
    </p>
   </div>
   <div class='ocr_carea' id='block_1_4' title="bbox 0 0 2072 6178">
    <p class='ocr_par' dir='ltr' id='par_1_4' title="bbox 0 0 2072 6178">
     <span class='ocr_line' id='line_1_56' title="bbox 0 0 2072 6178; baseline 0 4"><span class='ocrx_word' id='word_1_565' title='bbox 0 0 2072 6178; x_wconf 95' lang='lat' dir='ltr'><strong> </strong></span> 
     </span>
    </p>
   </div>
  </div>
 </body>
</html>
