4078 6162
558 278 609 338 DE
628 274 930 351 INGARNATIONE,
952 275 1026 337 LlB.
1049 276 1110 353 ΙΙΙ,
1133 277 1218 343 CAP.
1239 276 1322 341 XVl.
1675 286 1731 352 lssl

147 438 302 520 compleri
323 460 360 503 ac
382 440 489 522 perlici
510 441 641 503 dicatur.
658 441 709 504 Sia
731 440 817 502 enim
830 439 921 501 ratio·
967 438 1253 519 adiuretDomiao,
1265 445 1736 526 onmrpirttuseutzsedtamen

147 530 230 593 nalis
249 532 374 609 anima,
390 551 463 595 oum
479 533 518 595 sit
537 552 575 594 ex
595 539 728 610 natura,
746 538 778 594 et
791 532 921 594 essentia
969 532 1120 594 Dominus
1142 553 1206 596 non
1228 536 1297 598 ideo
1325 539 1360 597 nt
1387 539 1499 617 major,
1520 543 1663 619 quamvis
1682 544 1737 606 fiat

147 640 207 683 sua
220 641 295 703 pars
313 625 460 701 hominis,
480 631 512 687 et
523 624 655 687 humani
671 626 809 705 corporis
820 625 922 686 forma
968 623 1032 700 ille,
1045 626 1100 704 qui
1117 628 1254 688 adhaeret
1274 629 1419 690 Domino.
1439 651 1454 688 c
1472 633 1515 692 Ex
1527 633 1587 694 hou
1600 634 1667 696 loco
1681 636 1734 698 de·

148 721 345 798 attactuque,
360 718 573 779 naturalehoc
584 718 689 797 hahet,
707 723 743 778 ut
757 723 789 779 et
802 718 836 778 in
852 733 921 778 cor·
969 724 1122 780 monstrat
1142 720 1344 799 Augustinus,
1373 722 1460 783 nulla
1482 741 1516 785 re
1540 725 1643 786 addita
1663 744 1736 789 ma·

148 825 227 887 pore
240 809 442 890 producatur,
457 810 491 870 in
505 827 603 890 eoque
621 809 748 890 incipiat
767 808 919 871 existere:
965 806 1079 886 jarem,
1101 817 1156 872 aut
1176 812 1390 891 perfectiorem
1412 814 1481 875 fieri
1500 815 1620 878 Deum:
1644 837 1679 881 ac
1695 838 1736 883 ne

149 901 230 961 etin
243 900 348 981 ipsum
365 901 491 979 reverti,
505 919 542 962 aa
560 920 633 963 cum
646 902 755 963 ecdem
775 899 922 980 conjungi
970 917 1136 979 personam
1155 904 1282 983 quidem
1309 905 1448 985 divinam
1472 909 1660 987 quamlibet3
1687 912 1737 975 vel

149 997 292 1072 expetat;
315 992 408 1055 etiam
421 993 478 1054 ubi
495 1011 535 1054 ex
550 993 632 1054 illius
654 993 871 1068 contubernio,
891 997 923 1052 et
971 992 1091 1053 duabus
1104 994 1242 1076 reliquis,
1257 998 1320 1058 sive
1335 997 1437 1060 addita
1450 999 1527 1079 ipsa,
1550 1001 1662 1080 tribus,
1676 1004 1736 1065 mi-

148 1085 309 1165 amplexu,
336 1091 406 1164 post
433 1085 595 1147 interitum
614 1085 761 1161 hominis,
776 1083 918 1147 evolavit
970 1101 1080 1145 norem
1093 1104 1158 1147 esse
1171 1106 1179 1148 ι
1194 1089 1244 1148 vel
1262 1089 1350 1162 duas,
1370 1094 1481 1164 tresve,
1507 1093 1639 1171 maiores
1658 1114 1738 1157 una·

148 1177 238 1238 lianc
257 1178 354 1257 igitur
375 1183 496 1239 nauum
517 1196 582 1240 suas
604 1178 835 1257 perfectionem,
860 1176 921 1239 hoc
970 1192 1105 1256 quaque.
1121 1179 1209 1252 Quod
1228 1180 1327 1241 multo
1348 1182 1446 1261 magis
1465 1182 1615 1245 affirmari
1627 1186 1735 1263 debet3

149 1276 195 1330 est
216 1270 372 1345 nativum,
398 1278 429 1333 et
442 1269 611 1351 optabilem
625 1276 750 1343 statum,
764 1271 870 1331 anima
883 1286 922 1331 ex
969 1265 1095 1344 quando
1117 1285 1189 1328 cum
1217 1268 1322 1330 divina
1348 1287 1480 1349 persona
1507 1290 1557 1333 res
1582 1277 1738 1355 quaepiam

148 1361 369 1441 conjugatione
386 1362 440 1423 illa
460 1362 669 1442 consequitur,
693 1362 832 1441 adeoque
850 1379 920 1441 per·
969 1360 1057 1417 tanto
1079 1357 1218 1431 inferior,
1246 1364 1277 1421 et
1300 1379 1319 1421 a
1346 1362 1409 1423 Deo
1431 1362 1508 1424 faeta
1529 1367 1734 1445 componitur.

147 1453 264 1516 ficitur.
282 1455 371 1530 Quod
384 1456 419 1516 in
433 1457 495 1517 Deo
510 1454 613 1516 Verbo
625 1472 713 1516 secus
726 1453 839 1515 evenit.
855 1454 921 1516 Hoc
971 1447 1040 1508 lion
1054 1450 1136 1511 enim
1155 1450 1350 1513 incremento
1363 1452 1468 1533 aliquo
1487 1455 1522 1515 fit
1535 1458 1691 1532 mundior,
1707 1465 1739 1521 et

145 1547 235 1613 enim
249 1548 292 1609 ab
305 1557 464 1628 assumpta
476 1555 589 1609 natura
600 1547 674 1609 novi
686 1545 766 1608 nibil
779 1547 919 1628 acquirit,
970 1542 1105 1603 auctior:
1122 1562 1179 1605 nee
1200 1562 1217 1603 e
1237 1545 1393 1606 contrario
1409 1547 1498 1626 quasi
1516 1554 1598 1610 statu
1617 1551 1739 1612 minuta

149 1658 207 1701 nec
213 1639 920 1713 maiatumestrubstaatioum,nectricaturae,
971 1632 1137 1696 decrescit:
1151 1637 1300 1716 quoniam
1314 1638 1398 1700 unde
1410 1639 1592 1703 alterutrum
1606 1643 1740 1723 pooatm

148 1731 181 1793 id
204 1736 253 1793 est
271 1731 563 1794 submistautioum:
588 1732 634 1792 uti
654 1732 791 1793 ioannes
813 1733 921 1792 Dama·
971 1742 1036 1786 non
1049 1726 1154 1805 habet,
1175 1747 1269 1807 quam
1282 1730 1430 1807 infinitas,
1445 1733 1657 1815 stabilitasque
1676 1737 1740 1797 vir·

148 1842 262 1887 seeum
276 1825 412 1906 appellat
425 1824 447 1902 ¹,
469 1825 704 1886 individuorum
720 1822 923 1905 proprietates
970 1817 1046 1878 tutis
1069 1818 1109 1879 ab
1136 1821 1224 1880 omni
1251 1826 1319 1882 tum
1346 1822 1505 1902 profectu,
1531 1831 1599 1886 tum
1626 1827 1740 1906 injuria

148 1915 352 1980 eovocabulo
362 1916 795 1996 designansquastrooratui,
804 1915 921 1977 dicunt.
971 1912 1082 1979 lutam,
1096 1909 1338 1993 inviolatumque
1352 1920 1488 1994 praestat.

148 2009 243 2070 Nulla
258 2008 394 2089 denique
415 2009 557 2090 qualitas,
582 2008 724 2071 caudens
745 2007 832 2069 nulla
850 2027 921 2088 per·

147 2100 252 2177 factio,
267 2100 442 2162 absolutam
455 2101 490 2161 in
502 2101 589 2163 omni
601 2118 726 2181 genere,
742 2100 923 2179 infinitaque

148 2194 330 2274 perfectam,
341 2212 444 2274 neque
454 2194 628 2274 cujuspiam
637 2198 780 2270 egentem
791 2199 878 2254 extra
891 2211 923 2254 se

148 2286 198 2348 rei
210 2292 369 2360 naturam,
385 2305 421 2348 ae
429 2304 595 2367 personam
608 2286 743 2362 afficere,
754 2291 809 2346 aut
817 2302 924 2348 cumu-

148 2378 218 2441 lare
244 2379 359 2459 potuit.
389 2400 405 2437 a
434 2378 620 2440 Emmanuel
649 2379 733 2440 enim
760 2377 923 2439 nobiscum

149 2472 252 2547 Deus,
276 2477 311 2531 ut
331 2470 372 2532 ait
398 2470 506 2532 Petrus
527 2469 698 2543 Damiani²,
726 2488 788 2531 una
802 2487 924 2549 semper
981 2494 996 2522 ο

148 2570 196 2625 est
219 2563 254 2623 in
278 2568 383 2623 sancta
406 2561 558 2623 ‘trinitate
583 2580 725 2643 persona,
752 2580 824 2641 quae
845 2564 924 2624 sicut
973 2558 1185 2642 Propouuutur
1202 2561 1323 2643 aliqua,
1343 2581 1411 2644 quae
1431 2568 1611 2644 superiorem
1633 2566 1668 2630 ae
1682 2566 1739 2651 ty-

1152 2246 1377 2336 CAPUT
1430 2252 1556 2338 XVI.

148 2672 317 2735 nunquam
346 2672 365 2715 a
396 2653 589 2732 plenitudine
624 2671 689 2716 suae
715 2653 840 2715 virtutis
866 2654 923 2714 im·

148 2748 265 2824 minui,
286 2747 331 2808 ita
343 2765 402 2807 nee
414 2747 517 2826 potuit
537 2766 593 2827 per
616 2745 760 2827 copulam
774 2750 923 2827 susceptae

147 2838 357 2901 humanitatis
371 2838 489 2918 augeri.
506 2859 522 2896 n

8 2942 125 3054 mir*
188 2933 259 2993 XV.
288 2931 390 3008 Hujus
412 2930 459 2991 rai
485 2948 576 2991 causa
602 2949 642 2991 ex
666 2931 733 3012 ipsa
756 2931 924 2993 divinitatis

148 3023 341 3096 conditione,
357 3041 393 3083 ac
414 3023 603 3103 proprietate
618 3023 754 3103 petitur:
769 3042 839 3104 quae
851 3042 923 3086 cum

149 3114 380 3196 simplicissima
389 3114 438 3189 sit,
447 3115 525 3175 nihil
537 3132 666 3192 novum,
677 3116 923 3178 etadventitium

148 3226 261 3289 capere
275 3208 358 3268 intra
375 3224 407 3268 se
420 3212 533 3287 potest,
547 3226 610 3287 quo
622 3207 762 3285 formari,
784 3215 839 3271 aut
853 3228 922 3289 per·

147 3301 200 3362 fici
214 3300 347 3363 dicatur.
361 3299 414 3360 Fst
427 3299 512 3360 enim
529 3302 589 3361 hoo
601 3318 694 3362 omne
708 3301 790 3382 quod
804 3300 918 3377 habet3

147 3412 185 3455 ac
204 3411 278 3473 quae
302 3392 384 3453 inest
406 3390 452 3451 illi
472 3390 605 3467 bonitas,
635 3397 666 3452 et
686 3392 847 3472 sapientia,
872 3392 923 3454 vel

148 3485 283 3567 quodvis
304 3483 399 3560 aliud,
427 3483 510 3563 quad
537 3483 716 3545 attributum
746 3483 921 3562 nominant,

147 3578 218 3659 ipsa
242 3582 290 3638 est
313 3575 452 3655 ejusdem
474 3580 598 3652 natura,
624 3583 656 3638 et
677 3576 818 3638 essentia
845 3576 923 3637 Cum

148 3670 248 3750 igitar
262 3666 465 3729 immutabilis
474 3666 513 3728 sit
524 3667 670 3743 essentia,
684 3673 720 3729 ut
734 3686 791 3729 nec
803 3667 924 3730 lebabi

148 3762 189 3824 de
209 3760 265 3823 illa
278 3760 375 3840 possit
388 3759 517 3841 aliquid,
538 3778 596 3822 nec
608 3760 648 3821 ad
662 3776 732 3821 eam
745 3759 848 3838 adjici,
863 3758 925 3820 nisi

148 3853 350 3916 interimatur
361 3870 401 3914 ex
412 3857 478 3913 toto
491 3872 499 3914 r
513 3852 711 3915 manifestum
727 3857 774 3913 est
794 3851 838 3913 rei
853 3851 925 3912 nul·

148 3945 212 4007 lius
225 3945 266 4006 ad
277 3946 376 4006 Deum
389 3945 594 4007 accessionem
608 3962 697 4024 posse
710 3943 780 4005 fieri
796 3963 803 4005 :
823 3964 839 4002 a
853 3944 925 4005 Gor-

149 4055 229 4119 pora
242 4037 358 4118 quippe
377 4036 579 4116 adjunctione
603 4054 658 4097 sua
678 4034 853 4112 crescunt’,
881 4036 925 4097 ait

148 4130 357 4210 Augustinus.
368 4128 515 4202 Quamvis
525 4129 611 4190 anim
620 4128 675 4208 qui
684 4127 820 4190 adhaeret
832 4128 925 4189 uxori

148 4241 227 4291 suae,
242 4239 345 4283 unum
364 4238 477 4302 corpus
499 4220 535 4281 lit
549 4240 556 4280 :
572 4221 673 4299 majus
688 4225 794 4281 tamen
810 4237 924 4299 corpus

149 4314 196 4388 lit,
213 4316 343 4395 quamsi
358 4312 522 4375 saliusviri
531 4318 621 4389 esset,
632 4317 687 4372 cut
697 4312 791 4373 salius
803 4312 921 4374 uxoris.

149 4406 186 4467 ln
198 4406 295 4468 rebus
305 4411 409 4467 autem
418 4404 640 4484 spiritualibus,
655 4421 727 4465 cum
738 4404 843 4465 minor
856 4421 924 4465 ma·

145 4499 209 4578 jori
222 4498 416 4574 amarescit,
440 4496 519 4559 sicut
541 4501 683 4559 ereatura
705 4496 847 4573 creatori,
870 4496 924 4557 illa

149 4590 186 4652 fit
220 4590 338 4668 major,
359 4605 455 4668 quam
477 4593 559 4664 erat,
582 4606 648 4649 non
663 4587 756 4649 ille.»
792 4586 923 4665 subjicit

150 4682 334 4763 preclaram
343 4680 473 4742 omnino
483 4679 647 4756 rationem,
657 4685 688 4741 et
697 4679 736 4740 ad
745 4679 923 4740 institutum

151 4774 275 4835 anobis
297 4789 475 4835 sermonem
494 4772 780 4834 accommodatam:
797 4792 813 4830 u
834 4772 871 4831 ln
884 4769 922 4831 iis

151 4866 238 4927 enim
265 4883 336 4945 quae
356 4882 422 4926 non
445 4864 528 4925 mole
552 4881 666 4944 magna
688 4868 777 4940 sunt,
798 4862 925 4924 horest

152 4957 253 5036 mains
277 4974 365 5032 esse,
393 4956 478 5037 quod
500 4961 546 5018 est
573 4954 685 5016 melius
709 4973 786 5017 esse.
814 4953 924 5016 Melior

1010 2652 1119 2734 portasi
1136 2654 1487 2735 composito-seutentiam
1512 2658 1668 2734 intonare
1693 2663 1739 2722 vi-

1012 2742 1130 2808 dentur.
1149 2748 1179 2806 t.
1206 2746 1251 2807 Ae
1265 2746 1398 2828 primum
1425 2747 1677 2819 Scholastieorum
1705 2752 1741 2813 de

1013 2833 1067 2898 itae
1089 2837 1248 2917 quastione
1265 2857 1368 2919 pupua
1386 2848 1588 2901 remoratur:
1612 2843 1740 2905 marinae

1012 2929 1191 3009 sepontium,
1213 2929 1267 3009 qui
1288 2928 1436 2992 Citri'stum
1454 2930 1542 2993 aliud
1561 2952 1617 2994 rese
1638 2935 1741 2996 uolunt

1013 3018 1050 3082 ab
1063 3018 1214 3101 hypostasi
1230 3020 1357 3083 Christi.
1378 3024 1408 3083 ἢ.
1432 3023 1504 3099 Oua
1524 3023 1678 3088 distinctio
1696 3045 1740 3089 re·

1012 3111 1144 3192 saltatur.
1155 3116 1184 3175 3.
1200 3112 1351 3177 Probatur
1360 3134 1427 3177 uero
1435 3117 1603 3196 compositio
1610 3137 1740 3200 waere

1015 3202 1182 3267 Christian
1203 3204 1266 3286 ipsa
1286 3208 1401 3269 ratione
1418 3208 1582 3271 unitionis:
1603 3212 1634 3271 l.
1659 3211 1741 3274 Unde

1012 3296 1110 3358 oborta
1123 3301 1161 3357 sit
1175 3297 1275 3377 opinio
1286 3300 1458 3377 uepautium
1467 3319 1525 3361 esse
1537 3303 1738 3383 compositam.

1013 3385 1124 3469 Nempe
1136 3387 1216 3469 quod
1227 3408 1286 3451 uon
1303 3388 1539 3452 animadvertunt
1559 3390 1739 3473 hypostasim

1013 3498 1115 3541 uomeo
1141 3498 1196 3542 esse
1212 3490 1377 3544 concretum
1399 3502 1436 3545 ea
1453 3492 1575 3559 natura,
1602 3493 1630 3547 et
1651 3486 1740 3549 subri-

1011 3571 1107 3633 atomi
1121 3574 1315 3654 proprietate.
1345 3575 1375 3636 5.
1402 3575 1447 3636 De
1473 3577 1615 3639 concretis
1643 3579 1738 3641 uomi-

1010 3664 1095 3725 uibus
1115 3665 1232 3726 utiliter
1249 3674 1351 3728 notata
1365 3669 1514 3748 quadam
1534 3671 1565 3732 6.
1580 3669 1606 3732 S
1622 3669 1741 3734 roomo

1012 3756 1091 3818 loeus
1102 3756 1223 3838 quidam
1237 3757 1419 3822 illustratur.
1436 3759 1680 3824 illumitramur
1692 3782 1737 3840 ea,

1011 3866 1079 3928 quer
1105 3848 1245 3911 adomrm
1271 3851 1459 3930 compositam
1484 3870 1639 3932 perseum
1666 3853 1740 3935 obji-

1011 3940 1150 4003 eiuotur:
1164 3959 1199 4002 ae
1210 3941 1343 4021 primum
1360 3940 1524 4004 ostenditur
1542 3943 1621 4005 nittt
1635 3954 1739 4009 eeutra

1011 4030 1085 4094 leam
1124 4032 1218 4093 allato
1261 4030 1390 4094 Petrum
1423 4033 1588 4096 testimonia
1628 4036 1736 4115 focae.

1011 4127 1039 4189 9.
1052 4125 1127 4185 Tum
1136 4123 1251 4205 aliquot
1264 4133 1439 4205 arpumeuta
1450 4125 1615 4189 solvuntur.
1629 4128 1738 4206 Expli-

1012 4225 1098 4279 catur
1114 4216 1282 4278 accuratius
1300 4218 1516 4298 compositiones
1536 4218 1623 4280 iilius
1644 4221 1734 4286 ratio.

1012 4311 1060 4371 to.
1083 4307 1152 4369 Nou
1170 4307 1278 4389 perfici
1300 4309 1338 4369 ab
1358 4307 1489 4372 humana
1512 4319 1623 4375 natura
1643 4312 1738 4395 lippo-

1010 4399 1115 4461 rtarim
1128 4399 1267 4461 divinam.
1284 4403 1331 4462 tt.
1356 4398 1418 4462 Nee
1432 4405 1513 4482 requi
1525 4411 1663 4483 quartam
1681 4424 1738 4468 esse

1013 4493 1046 4554 iu
1058 4491 1120 4554 Deo
1135 4508 1298 4573 personam.
1315 4494 1363 4553 l3.
1379 4492 1531 4573 Artaapmi
1544 4495 1679 4575 quadam
1692 4497 1739 4560 ob-

1004 4588 1087 4664 jecta
1101 4582 1273 4658 diluuntur,
1287 4591 1315 4643 et
1327 4583 1473 4663 petieratis
1492 4585 1654 4651 emanatio
1668 4608 1737 4671 pro·

1010 4675 1135 4829 gamar
1160 4672 1333 4736 adsimiles
1358 4674 1557 4740 comitatiores
1584 4698 1739 4743 aerumma

1052 4776 1093 4827 tu.

1012 4951 1036 5011 l.
1060 4949 1739 5032 Abhaccompositaehypostasistraetatione

153 5055 260 5111 autem
285 5049 323 5111 lit
346 5048 472 5129 spiritus
497 5048 626 5126 abcrrjus
653 5052 821 5115 creaturae,
852 5063 924 5126 cum
970 5042 1137 5104 recessuris
1159 5060 1263 5104 moras
1285 5044 1430 5122 injiciunt
1451 5063 1537 5106 acres
1554 5048 1679 5126 quidam
1694 5048 1739 5109 di·

153 5141 291 5204 adheret
304 5140 447 5213 creatori,
464 5139 600 5221 quamsi
620 5157 685 5199 non
699 5138 855 5200 adhaereat
869 5156 877 5198 ι
892 5142 924 5198 et
971 5140 1161 5216 mutatores,
1183 5139 1215 5196 et
1233 5135 1268 5195 in
1287 5135 1463 5197 scholarum
1489 5138 1738 5201 contentionibus

155 5230 223 5295 idco
250 5233 345 5295 etiam
375 5232 475 5312 major
509 5230 584 5312 quia
611 5229 733 5292 melior.
768 5229 830 5307 Oui
854 5248 923 5310 erpo
971 5227 1141 5301 exercitati,
1157 5227 1211 5307 qui
1225 5226 1311 5288 nefas
1320 5232 1432 5307 putant
1444 5228 1477 5289 id
1489 5230 1637 5309 profiteri,
1654 5231 1737 5310 quod

184 5433 195 5478 t
211 5433 258 5480 ur.
267 5436 294 5481 de
305 5434 368 5482 tuat.
376 5433 466 5481 rot-t
478 5431 535 5479 Pstr.
546 5433 609 5479 bam.
617 5432 696 5489 opus.
711 5444 727 5486 r,
739 5444 759 5479 a.
772 5432 853 5478 u.-3
866 5432 923 5489 Aug.
936 5431 964 5477 vt
976 5432 1004 5477 ts
1013 5430 1074 5477 uta.
1085 5439 1105 5476 t.
1116 5439 1186 5481 ruu—
1204 5426 1217 5473 t
1231 5430 1299 5477 icor.
1308 5439 1338 5481 vr,
1352 5428 1383 5474 1⁷.
