3994 6164
529 310 579 369 DE
598 306 901 385 tumultifluas,
923 309 1001 370 LIB.
1024 309 1050 379 Ι,
1073 309 1157 371 ClP.
1180 311 1234 371 XI.
1615 316 1676 378 901

106 470 279 536 ιιΙΙιιιιΙιιιιι
286 471 658 552 preconiiscelebrment.
675 476 860 552 Gregorium
907 476 983 538 dam
1003 491 1134 549 morem,
1160 493 1232 537 cum
1245 474 1356 537 libellis
1367 476 1442 553 suis,
1459 482 1489 538 et
1508 495 1573 540 uno
1585 479 1676 541 volu-

105 565 244 647 imprimis
258 565 487 628 Nazianzenum
501 567 619 647 aliquot
632 567 672 629 ad
684 586 757 629 eum
775 567 858 629 litte·
906 568 992 630 mine
1014 567 1168 629 Theodori
1190 568 1411 649 Mopsuesteui‚
1432 570 1509 632 scire
1521 571 1671 646 uolentes,

105 657 341 737 rasscripsisse¹,
369 659 532 721 Facundus
546 661 665 737 asserit,
685 659 737 740 qui
760 678 858 722 unam
907 666 1014 723 utrum
1039 659 1178 721 doctrina
1205 660 1375 737 Theodori,
1403 680 1445 723 an
1473 663 1616 740 Rabulaa,
1643 667 1675 726 et

105 767 200 815 canrm
212 750 399 831 descripsit¹:
414 752 713 833 uteberpsostomi
726 754 859 814 adeum·
906 753 1007 816 Aeacii
1026 770 1101 814 vera
1114 770 1179 813 esse
1201 752 1385 833 probaretur
1403 774 1418 813 s
1436 754 1480 815 ait
1499 754 1669 818 Liberatus.

104 843 168 906 dem
179 844 214 904 ab
223 843 325 905 exilio.
343 844 451 925 Cyrilli
466 862 590 925 quoque
602 842 810 906 honorificum
820 845 858 906 de
906 846 1036 907 Proclus
1055 863 1089 907 re
1105 845 1268 924 diligenter
1290 845 1477 921 examinata,
1499 847 1672 928 epistolam,

104 936 152 998 illo
173 935 380 997 testimoninm
403 942 556 1000 memorat
569 934 592 998 ⁸:
611 938 734 1000 tametsi
752 944 858 1018 postea
906 939 970 999 sive
983 943 1116 1013 tomum,
1137 938 1354 1019 utappellant,
1373 930 1494 1018 scripsit
1513 939 1675 1002 adarme-

105 1027 293 1110 sariptiseum
305 1033 428 1091 notasse
448 1028 664 1110 perhibeatur;
682 1030 856 1110 dequol'a·
907 1049 981 1103 nos,
1010 1031 1044 1091 in
1067 1049 1129 1109 quo
1157 1049 1319 1110 suppresso
1344 1031 1499 1092 Theodori
1525 1033 1672 1111 nomine,

104 1120 453 1201 cundnmeumdemlega
466 1121 780 1203 librooctaro,capite
792 1140 858 1183 sex·
906 1122 1049 1203 impium,
1070 1122 1153 1201 quod
1167 1123 1196 1183 ei
1208 1122 1448 1199 adscribebatur‚
1469 1123 1674 1203 dogmacon-

103 1214 196 1288 to.Qai
204 1214 494 1295 quidem'lheodori
502 1213 857 1295 patrocinium,inlibris
905 1215 1001 1275 traria
1033 1214 1221 1294 professione
1256 1215 1426 1276 damnavit.
1469 1216 1557 1289 Quod
1591 1219 1675 1279 enim

103 1307 260 1381 duodecim,
277 1324 356 1387 quos
373 1325 431 1388 pro
443 1307 543 1368 tribus
559 1306 707 1388 Capitulis
723 1305 854 1387 scripsit,
905 1306 1086 1368 'theodorus
1101 1305 1146 1387 (ut
1156 1308 1201 1368 ait
1213 1306 1537 1388 DionysiusExignus,
1552 1308 1586 1369 in
1600 1328 1676 1387 prae·

102 1404 226 1461 accurate
245 1399 400 1480 suscepit:
423 1403 459 1460 ut
479 1405 585 1480 postea
598 1398 747 1476 dicemus,
762 1398 857 1459 abiet
905 1397 1019 1459 latione
1033 1398 1073 1459 ad
1090 1398 1251 1479 epistolam
1273 1398 1375 1459 Procli
1396 1399 1538 1461 Latinoa
1558 1419 1590 1462 se
1611 1420 1674 1464 ser-

101 1494 136 1553 de
147 1492 202 1554 the
216 1490 358 1572 epistola,
373 1510 444 1573 quaa
457 1492 596 1571 ejusdcm
608 1490 855 1553 commendatio-
906 1508 999 1551 mone
1012 1489 1175 1571 redditam)
1195 1510 1211 1547 a
1226 1490 1382 1551 Christum
1393 1491 1561 1554 Dominum
1575 1510 1675 1556 unum

101 1600 164 1648 nem
175 1584 322 1647 continet.
658 1626 663 1631 -
906 1600 944 1644 ex
971 1582 1124 1643 Trinitate
1138 1583 1315 1643 nullatenus
1337 1582 1524 1662 lateratim
1547 1604 1586 1646 ex
1612 1605 1675 1666 quo

137 1678 170 1739 ll.
187 1676 373 1739 Incredibile
393 1694 467 1738 vero
491 1681 537 1738 est
556 1676 652 1755 dictu,
678 1680 795 1756 quanta
817 1676 856 1738 de
906 1675 1102 1755 sequebatur,
1124 1680 1259 1754 quatuor
1276 1676 1310 1737 in
1327 1675 1425 1736 tribus
1443 1694 1590 1756 personas
1609 1681 1677 1741 ads·

100 1769 148 1831 illo
166 1768 335 1831 Catholieos
356 1768 448 1844 inter,
472 1774 502 1829 et
522 1787 616 1848 quam
637 1769 804 1829 vehemens
818 1768 857 1830 sit
905 1766 980 1834 trui
999 1766 1139 1846 duosque
1153 1768 1208 1829 Dei
1224 1767 1336 1827 Filios:
1352 1768 1501 1847 quoniam
1517 1769 1675 1832 Christum

101 1866 160 1924 orta
176 1861 350 1925 contentio:
372 1879 441 1942 quae
463 1860 555 1942 panlo
577 1865 647 1941 post
668 1860 855 1941 Ephesinam
907 1858 1076 1920 Dominum
1091 1863 1210 1920 constat
1223 1876 1287 1920 esse
1299 1860 1408 1934 Deum,
1425 1879 1460 1921 ae
1473 1860 1526 1921 Dei
1541 1862 1673 1924 Filium:

100 1955 241 2035 synodum
263 1953 374 2034 agitari
398 1960 509 2033 coepta,
529 1953 741 2034 paulatimque
755 1972 857 2014 corro-
906 1951 1021 2012 idcireo
1035 1951 1164 2012 Procles
1182 1956 1322 2013 accurata
1342 1952 1481 2013 oratione
1496 1953 1673 2033 disputarit,

101 2045 213 2119 borota,
241 2047 371 2109 demum
403 2045 590 2107 lastiniano'
616 2045 789 2125 imperante
822 2044 856 2105 in
907 2042 1063 2104 Christum
1076 2060 1139 2104 esse
1153 2060 1263 2104 verum
1274 2043 1386 2121 Deum,
1402 2050 1544 2105 etunum
1558 2046 1596 2106 de
1610 2047 1677 2107 Tri·

100 2143 231 2217 apertam
262 2138 366 2220 erupit
398 2136 588 2200 incendium.
621 2139 688 2212 Quo
715 2142 855 2218 tempore
905 2135 1020 2196 nitate:
1047 2134 1153 2196 necin
1167 2152 1204 2196 ea
1227 2141 1370 2214 quartam
1394 2136 1545 2199 exstitisse
1568 2156 1674 2218 perso·

100 2230 314 2293 famosaillade
326 2230 429 2293 tribus
439 2229 578 2309 capitulis
590 2236 743 2290 commota
758 2247 857 2310 quaes
905 2242 991 2288 nam.

100 2322 144 2384 tio
157 2330 215 2399 est;
228 2342 291 2404 quaa
304 2322 438 2404 ingenti,
453 2340 489 2384 ao
501 2319 855 2402 propemodumexitiali
946 2320 1003 2379 ΙΙΙ.
1031 2320 1120 2380 Hunc
1143 2325 1265 2380 tomum
1284 2338 1340 2400 per
1359 2320 1557 2382 Theodorum
1569 2323 1675 2386 diaco·

100 2414 217 2477 dissidio
236 2417 417 2478 catholicam
444 2414 584 2476 distraxit
605 2412 783 2476 Ecclesiam.
811 2415 855 2474 lle
905 2427 982 2472 num
997 2411 1036 2472 ad
1049 2412 1201 2472 loannem
1216 2412 1300 2472 misit
1315 2413 1540 2475 Antiochenam
1557 2416 1674 2495 episeo-

99 2506 152 2567 hsc
185 2509 342 2587 posteriori
376 2510 555 2587 tempestate
591 2506 692 2567 dicam
725 2509 853 2586 postea:
904 2520 992 2583 pum,
1007 2503 1151 2581 subjectis
1174 2502 1291 2583 aliquot
1304 2505 1455 2584 oapitrrlis,
1472 2524 1541 2586 quae
1555 2507 1594 2569 ab
1612 2509 1677 2572 bre·

99 2616 175 2660 nunc
186 2601 223 2662 da
236 2600 331 2680 priori
345 2616 445 2681 panea
458 2598 633 2660 crhistoria
646 2602 783 2677 repetam
799 2604 855 2672 ;ut
903 2595 1005 2656 retiola
1027 2595 1153 2674 vulgata
1171 2594 1349 2657 terebantur
1366 2614 1373 2659 t
1391 2603 1499 2678 petens
1516 2599 1556 2660 ab
1573 2618 1625 2677 eo,
1640 2607 1677 2662 ut

99 2689 217 2770 intelligi
231 2692 337 2771 possit,
359 2690 474 2770 quibus
487 2708 526 2751 ex
548 2689 646 2750 initiis
663 2694 729 2749 tam
743 2689 854 2751 ardens
904 2687 1050 2747 omnibus
1070 2692 1185 2749 attente
1206 2688 1358 2768 perlectis,
1378 2690 1453 2769 quid
1476 2691 1603 2753 sentiret
1618 2712 1675 2754 ex·

100 2782 128 2842 ln
151 2783 301 2845 Theodori
329 2800 447 2844 nomen
461 2800 496 2843 ac
521 2783 706 2842 memoriam
729 2780 854 2842 invidie
903 2784 1069 2858 promeret,
1081 2785 1112 2839 et
1120 2778 1257 2859 epistolae
1271 2780 1487 2842 subscriberet.
1500 2784 1582 2844 Facit
1591 2786 1675 2863 quod

99 2875 212 2937 damma
226 2876 360 2938 conflata
374 2874 425 2935 sit.
902 2878 1028 2950 rogatus
1049 2872 1151 2933 iuerat
1174 2873 1193 2933 J
1197 2890 1322 2947 oannes
1339 2879 1370 2934 et
1383 2871 1486 2934 Procli
1500 2880 1620 2935 tomum
1636 2876 1675 2936 ad
1699 2880 1703 2886 '

9 2982 84 3090 m
132 2967 303 3029 Damnata
294 2986 328 3027 ιιι
345 2965 499 3047 Ephesina
517 2965 636 3045 synodo
652 2982 723 3025 eum
741 2962 853 3026 heresi
903 2964 1055 3025 Armenos
1081 2981 1153 3025 oum
1176 2964 1239 3024 suis
1267 2965 1460 3045 approbavit.
1492 2967 1583 3027 Gesta
1608 2966 1676 3030 hec

9 3076 144 3141 „nara
173 3056 347 3132 Nestorio,
369 3076 406 3119 ac
424 3057 511 3118 libris
531 3058 597 3136 ejus
629 3057 853 3137 imperatorum
902 3060 975 3116 sunt
988 3074 1071 3117 anno
1086 3056 1200 3116 Christi
1213 3058 1283 3120 435.

9 3142 63 3249 *¹*
100 3150 184 3213 edicto
197 3148 387 3231 proscriptis,
400 3149 686 3225 lautores,1llrusao
698 3148 850 3229 dampnis,
943 3147 1001 3208 Pos
1003 3149 1094 3208 thece
1107 3147 1235 3208 Basilius
1245 3149 1374 3227 quidam
1384 3149 1532 3211 diaconus
1541 3149 1675 3212 Alexan

9 3206 293 3322 “quorumdam
327 3245 542 3323 episcoporum
575 3240 703 3320 scripta,
739 3240 851 3346 quibus
903 3237 1001 3300 driam
1025 3239 1190 3318 proiectus,
1214 3244 1337 3301 tomum
1358 3240 1459 3317 illum,
1476 3259 1549 3303 cum
1564 3244 1674 3306 Arme·

100 3335 196 3397 erroris
217 3334 392 3397 Nestoriani
412 3350 533 3395 venena
547 3332 661 3394 erant
653 3350 802 3413 inspersa,
819 3334 852 3393 in
903 3345 1017 3390 norum
1041 3330 1153 3392 libellis
1178 3330 1290 3392 obtulit
1318 3332 1445 3438 cyrillo,
1467 3340 1498 3395 et
1529 3335 1676 3398 adversus

98 3426 193 3506 rugus
206 3427 310 3502 edere,
321 3443 358 3487 ao
369 3425 569 3486 disseminare
581 3428 759 3505 coeperunt:
771 3443 851 3504 prae·
903 3422 1141 3483 'theodorum
1116 3440 1182 3501 equs
1207 3423 1351 3484 excitavit
1370 3425 1532 3486 animum:
1548 3427 1624 3489 adeo
1640 3433 1676 3490 ut

99 3522 188 3580 satim
210 3517 339 3581 Diodori
358 3517 525 3593 Tarsensis,
540 3523 572 3578 et
593 3516 748 3578 'theodori
764 3517 854 3596 Mop-
902 3518 965 3574 tres
990 3519 1097 3574 contra
1115 3514 1296 3591 Diodorum,
1312 3521 1343 3575 et
1356 3515 1554 3578 Theodorum
1579 3520 1675 3582 libros

98 3613 236 3674 melani:
265 3611 320 3691 qui
353 3616 496 3671 auctores
527 3609 667 3671 Nestorio
701 3608 853 3688 dogmatis
902 3606 1127 3682 conscriberet,
1150 3612 1181 3667 et
1200 3611 1348 3686 quartum
1375 3608 1413 3670 de
1435 3610 1673 3673 iucarnatione:

98 3702 198 3765 inhndi
218 3702 312 3764 lmese
330 3701 545 3783 perhibentur,
565 3701 611 3761 uti
630 3718 724 3779 snpra
743 3701 853 3762 memi·
902 3697 1079 3779 dequibus
1112 3703 1218 3778 postea
1252 3699 1364 3762 dicam.
1394 3702 1513 3763 Exinde
1546 3703 1675 3765 Basilius

98 3795 226 3858 nimrs‘:
254 3812 369 3875 eosque
390 3793 506 3869 libros,
531 3810 593 3872 quo
620 3791 715 3853 latius
742 3810 852 3854 eorum
902 3790 1203 3870 Constantinopolim
1218 3791 1257 3852 ad
1269 3792 1413 3853 Proetum
1427 3794 1566 3870 veniens,
1584 3794 1675 3856 libel-

99 3888 233 3965 pernicies
254 3891 427 3968 propagata
449 3890 596 3964 serperet,
620 3882 654 3943 in
678 3884 850 3963 Syriacam,
901 3882 966 3942 lnm
999 3881 1130 3963 scripsit,
1160 3901 1223 3962 quo
1258 3884 1413 3944 'theodori
1447 3886 1672 3964 Mopsuesteni,

98 3978 311 4055 Armeniacum,
339 3984 371 4040 et
391 3976 547 4039 Persicam
567 3976 711 4052 linguam
724 3975 853 4037 transfe-
902 3974 1031 4052 perinde
1044 3979 1080 4034 ut
1093 3974 1179 4051 Arii,
1194 3981 1226 4035 et
1247 3974 1402 4049 Ennomli,
1418 3976 1566 4053 notanda,
1582 3984 1613 4039 et
1628 3979 1674 4039 vi-

97 4073 193 4133 rendos
215 4077 386 4133 curarunt:
404 4067 559 4132 'theodori
581 4067 737 4149 imprimis
761 4068 852 4146 blop·
902 4066 995 4126 tanda
1020 4084 1086 4127 esse
1112 4066 1225 4146 scripta
1246 4066 1406 4128 contendit
1428 4086 1435 4126 ι
1460 4067 1548 4141 Quod
1572 4068 1675 4149 ipsum

99 4165 229 4239 mesteni,
249 4164 304 4244 qui
327 4161 469 4224 omnium
483 4159 748 4241 pestilentissimus
759 4158 854 4220 babe-
902 4158 1117 4219 vehementius
1130 4159 1258 4238 quidam
1271 4176 1310 4220 en
1331 4159 1482 4221 Armenia
1500 4161 1673 4224 Constanti-

98 4251 186 4317 hstnr.
200 4256 272 4330 Quo
291 4255 426 4330 cognito,
449 4253 579 4315 Aeacius
596 4251 806 4328 Melitinensis,
823 4257 854 4312 et
902 4250 1041 4330 nopolim
1067 4251 1226 4311 venientes
1254 4250 1396 4311 Monachi
1426 4250 1546 4312 efficere
1573 4254 1675 4314 conati

99 4347 205 4409 Rana
220 4348 395 4408 Edesscnus
408 4344 545 4425 episcopi
555 4344 594 4405 ad
609 4346 762 4405 Armenes
776 4343 854 4423 epis·
902 4346 995 4404 sunl.-
1001 4341 1148 4421 Idemque
1162 4359 1218 4421 per
1232 4341 1368 4402 Orientis
1388 4342 1537 4416 civitates,
1554 4348 1585 4405 et
1605 4362 1675 4405 mo-

99 4454 176 4520 eopos
195 4440 409 4520 scripserunt,
442 4437 604 4498 hortantes
630 4453 670 4497 ne
697 4434 853 4496 Theodori
902 4434 1037 4518 hasteria
1069 4435 1360 4509 circumcursantes,
1396 4434 1484 4496 velut
1514 4435 1674 4498 classicam

99 4528 177 4593 taras
201 4532 426 4606 admitterent,
453 4534 603 4608 tanquam
628 4527 785 4602 heretici,
822 4531 854 4588 et
902 4532 1009 4589 contra
1027 4527 1226 4588 Theodorum
1247 4528 1434 4588 cecinerunt.
1450 4527 1567 4601 Quibus
1588 4548 1673 4591 com-

101 4622 275 4687 llestorianm
294 4621 374 4684 labis
392 4621 542 4683 auctoris:
562 4619 800 4681 reclamantibus
815 4632 853 4679 ex
902 4623 1005 4680 motus
1025 4620 1162 4681 loannes
1189 4619 1401 4680 Antiochenus
1423 4626 1485 4681 tres
1505 4638 1563 4701 pro
1576 4622 1674 4684 Theo·

101 4711 853 4794 sdrcrsoCilicibnsepiscopis,etpopalaremsunm
902 4710 977 4772 doro
990 4711 1112 4788 scripsit
1123 4710 1276 4790 epistolas,
1298 4728 1395 4773 unam
1409 4712 1448 4773 ad
1466 4712 1674 4776 Theodosium

102 4813 191 4871 corba
200 4810 340 4882 illorum,
355 4811 392 4866 ut
403 4804 552 4880 ferebant,
564 4804 714 4865 invidiam
726 4801 854 4864 tutanti-
902 4801 1122 4881 imperatorem
1143 4822 1151 4863 ε
1175 4802 1265 4881 cujus
1283 4803 1493 4883 fragmentum
1512 4805 1674 4889 descripsit

102 4895 157 4961 bus.
170 4904 261 4963 liare
284 4897 419 4980 permoti
440 4896 595 4959 Armeniae
613 4895 750 4976 episcopi
763 4911 851 4955 oom-
901 4894 1066 4956 Facundus
1084 4893 1339 4956 Hermianensis⁸
1364 4914 1373 4958 ι
1393 4896 1487 4958 aliam
1507 4897 1546 4959 ad
1573 4900 1672 4979 cyril·

102 4993 177 5052 mni
187 5006 341 5056 consensu
351 4988 469 5069 legatos
482 4988 522 5050 ad
535 4987 683 5049 Proetum
699 4988 850 5048 Constan-
901 4985 968 5047 lum
986 4983 1010 5046 ἰ
1023 4984 1147 5048 tertiam
1155 4986 1195 5048 ad
1207 4985 1380 5049 Proclum⁸.
1396 4988 1515 5063 Quibus
1528 4989 1674 5051 omnibus

102 5080 326 5162 linopolitanum
357 5080 535 5162 episcopum
568 5080 740 5142 decemnnt
772 5076 850 5137 duos
900 5076 960 5138 boc
974 5077 1085 5156 effecit,
1101 5083 1137 5139 ut
1150 5095 1190 5139 ne
1202 5079 1357 5141 Theodori
1368 5097 1485 5141 nomen
1497 5098 1569 5143 eum
1579 5081 1673 5160 scrip

102 5169 258 5255 mltum,
273 5172 468 5237 ethberium
487 5170 692 5254 presbyteros,
713 5184 850 5233 saecun-
900 5166 940 5229 tls
973 5169 1039 5250 ejus
1071 5169 1195 5250 publica
1225 5170 1425 5234 damnatione
1453 5171 1669 5252 plecteretur:

9 5416 10 5423 ¹
125 5406 481 5468 taqspmrxcerxccm
495 5412 600 5449 eamr
610 5400 1105 5460 iQaaaatCrchidspudi'solvll
1076 5398 1280 5448 -...-³ldlllt
1292 5398 1501 5454 tlibhltcllrcv
1516 5404 1663 5462 capacior

9 5480 10 5517 3
105 5467 402 5531 knew-mmmm
411 5469 521 5524 scier
523 5467 614 5525 ›S⁰··
587 5467 769 5514 -..-·tl.lbll
780 5466 1090 5518 tldFse.l.-ttllorr
1100 5462 1451 5512 015..1ιοιι1ιιοο.ιιι1ἰσ111.
