<?xml version="1.0" encoding="UTF-8"?>
<!DOCTYPE html PUBLIC "-//W3C//DTD XHTML 1.0 Transitional//EN"
    "http://www.w3.org/TR/xhtml1/DTD/xhtml1-transitional.dtd">
<html xmlns="http://www.w3.org/1999/xhtml" xml:lang="en" lang="en">
 <head>
  <title>
</title>
<meta http-equiv="Content-Type" content="text/html;charset=utf-8" />
  <meta name='ocr-system' content='tesseract 3.04.00' />
  <meta name='ocr-capabilities' content='ocr_page ocr_carea ocr_par ocr_line ocrx_word'/>
</head>
<body>
  <div class='ocr_page' id='page_1' title='image "./dogmatatheologi00unkngoog_0408.png"; bbox 0 0 4036 6162; ppageno 0'>
   <div class='ocr_carea' id='block_1_1' title="bbox 519 333 1670 409">
    <p class='ocr_par' dir='ltr' id='par_1_1' title="bbox 519 333 1670 409">
     <span class='ocr_line' id='line_1_1' title="bbox 519 333 1670 409; baseline -0.003 -14"><span class='ocrx_word' id='word_1_1' title='bbox 519 335 570 395; x_wconf 85' lang='lat' dir='ltr'><strong>DE</strong></span> <span class='ocrx_word' id='word_1_2' title='bbox 589 333 895 408; x_wconf 81' lang='lat' dir='ltr'><strong>INBARN-ATlONE,</strong></span> <span class='ocrx_word' id='word_1_3' title='bbox 917 333 990 396; x_wconf 86' lang='lat' dir='ltr'><strong>LlB.</strong></span> <span class='ocrx_word' id='word_1_4' title='bbox 1014 334 1069 409; x_wconf 92' lang='lat' dir='ltr'><strong>Ill,</strong></span> <span class='ocrx_word' id='word_1_5' title='bbox 1093 333 1177 394; x_wconf 78' lang='lat' dir='ltr'><strong>CAP.</strong></span> <span class='ocrx_word' id='word_1_6' title='bbox 1201 333 1241 394; x_wconf 93' lang='lat' dir='ltr'><strong>Il.</strong></span> <span class='ocrx_word' id='word_1_7' title='bbox 1610 335 1670 395; x_wconf 78' lang='lat'><strong>377</strong></span> 
     </span>
    </p>
   </div>
   <div class='ocr_carea' id='block_1_2' title="bbox 7 498 1831 3802">
    <p class='ocr_par' dir='ltr' id='par_1_2' title="bbox 7 498 1831 3802">
     <span class='ocr_line' id='line_1_2' title="bbox 103 498 1672 580; baseline -0.004 -14"><span class='ocrx_word' id='word_1_8' title='bbox 103 504 152 566; x_wconf 87' lang='lat' dir='ltr'><strong>Dei</strong></span> <span class='ocrx_word' id='word_1_9' title='bbox 172 506 202 562; x_wconf 88' lang='lat' dir='ltr'><strong>et</strong></span> <span class='ocrx_word' id='word_1_10' title='bbox 219 500 365 578; x_wconf 74' lang='lat' dir='ltr'><strong>hominis,</strong></span> <span class='ocrx_word' id='word_1_11' title='bbox 392 521 408 559; x_wconf 87' lang='grc' dir='ltr'><strong>ν</strong></span> <span class='ocrx_word' id='word_1_12' title='bbox 438 506 497 564; x_wconf 86' lang='lat' dir='ltr'><strong>etc.</strong></span> <span class='ocrx_word' id='word_1_13' title='bbox 521 499 668 580; x_wconf 86' lang='lat' dir='ltr'><strong>Leporius</strong></span> <span class='ocrx_word' id='word_1_14' title='bbox 691 499 724 560; x_wconf 83' lang='lat' dir='ltr'><strong>io</strong></span> <span class='ocrx_word' id='word_1_15' title='bbox 743 498 856 562; x_wconf 76' lang='lat' dir='ltr'><em>Libello</em></span> <span class='ocrx_word' id='word_1_16' title='bbox 906 499 1007 578; x_wconf 93' lang='lat' dir='ltr'><strong>primo</strong></span> <span class='ocrx_word' id='word_1_17' title='bbox 1025 507 1129 561; x_wconf 78' lang='lat' dir='ltr'><strong>contro</strong></span> <span class='ocrx_word' id='word_1_18' title='bbox 1152 498 1338 576; x_wconf 69' lang='lat' dir='ltr'><strong>li&#39;estotiom5</strong></span> <span class='ocrx_word' id='word_1_19' title='bbox 1363 516 1457 579; x_wconf 88' lang='lat' dir='ltr'><strong>quem</strong></span> <span class='ocrx_word' id='word_1_20' title='bbox 1471 498 1575 561; x_wconf 90' lang='lat' dir='ltr'><strong>locum</strong></span> <span class='ocrx_word' id='word_1_21' title='bbox 1598 516 1672 560; x_wconf 81' lang='lat' dir='ltr'><strong>mon</strong></span> 
     </span>
     <span class='ocr_line' id='line_1_3' title="bbox 103 591 1672 674; baseline -0.003 -17"><span class='ocrx_word' id='word_1_22' title='bbox 103 591 322 666; x_wconf 74' lang='lat' dir='ltr'><strong><em>Emendationis,</em></strong></span> <span class='ocrx_word' id='word_1_23' title='bbox 343 595 469 670; x_wconf 78' lang='lat' dir='ltr'><strong>«Deus,</strong></span> <span class='ocrx_word' id='word_1_24' title='bbox 484 592 605 674; x_wconf 85' lang='lat' dir='ltr'><strong>inquit,</strong></span> <span class='ocrx_word' id='word_1_25' title='bbox 619 592 856 653; x_wconf 76' lang='lat' dir='ltr'><strong>misericorditer</strong></span> <span class='ocrx_word' id='word_1_26' title='bbox 906 591 1049 654; x_wconf 85' lang='lat' dir='ltr'><strong>referam.</strong></span> <span class='ocrx_word' id='word_1_27' title='bbox 1074 593 1310 672; x_wconf 70' lang='lat' dir='ltr'><strong>chrysostomus</strong></span> <span class='ocrx_word' id='word_1_28' title='bbox 1322 592 1396 654; x_wconf 85' lang='lat' dir='ltr'><strong>item</strong></span> <span class='ocrx_word' id='word_1_29' title='bbox 1412 592 1497 670; x_wconf 81' lang='lat' dir='ltr'><strong>apud</strong></span> <span class='ocrx_word' id='word_1_30' title='bbox 1510 593 1672 653; x_wconf 79' lang='lat' dir='ltr'><strong>[tumesce-</strong></span> 
     </span>
     <span class='ocr_line' id='line_1_4' title="bbox 103 674 1672 765; baseline -0.004 -15"><span class='ocrx_word' id='word_1_31' title='bbox 103 692 210 750; x_wconf 82' lang='lat' dir='ltr'><strong>usturoe</strong></span> <span class='ocrx_word' id='word_1_32' title='bbox 232 685 348 746; x_wconf 83' lang='lat' dir='ltr'><strong>mixtus</strong></span> <span class='ocrx_word' id='word_1_33' title='bbox 365 691 411 747; x_wconf 86' lang='lat' dir='ltr'><strong>est</strong></span> <span class='ocrx_word' id='word_1_34' title='bbox 435 685 603 761; x_wconf 83' lang='lat' dir='ltr'><strong>humunae3</strong></span> <span class='ocrx_word' id='word_1_35' title='bbox 627 703 692 746; x_wconf 90' lang='lat' dir='ltr'><strong>non</strong></span> <span class='ocrx_word' id='word_1_36' title='bbox 718 684 858 745; x_wconf 85' lang='lat' dir='ltr'><strong>humens</strong></span> <span class='ocrx_word' id='word_1_37' title='bbox 905 683 1381 765; x_wconf 74' lang='lat' dir='ltr'><strong>numinEelopissdivinitatem</strong></span> <span class='ocrx_word' id='word_1_38' title='bbox 1394 702 1466 746; x_wconf 89' lang='lat' dir='ltr'><strong>cum</strong></span> <span class='ocrx_word' id='word_1_39' title='bbox 1478 674 1672 747; x_wconf 71' lang='lat' dir='ltr'><strong>humanitate</strong></span> 
     </span>
     <span class='ocr_line' id='line_1_5' title="bbox 102 775 1672 857; baseline -0.003 -17"><span class='ocrx_word' id='word_1_40' title='bbox 102 784 201 840; x_wconf 80' lang='lat' dir='ltr'><strong>nutura</strong></span> <span class='ocrx_word' id='word_1_41' title='bbox 214 784 334 839; x_wconf 79' lang='lat' dir='ltr'><strong>usturae</strong></span> <span class='ocrx_word' id='word_1_42' title='bbox 348 783 395 839; x_wconf 86' lang='lat' dir='ltr'><strong>est</strong></span> <span class='ocrx_word' id='word_1_43' title='bbox 402 778 501 839; x_wconf 82' lang='lat' dir='ltr'><strong>mixtu</strong></span> <span class='ocrx_word' id='word_1_44' title='bbox 508 777 663 838; x_wconf 78' lang='lat' dir='ltr'><strong>divine.»</strong></span> <span class='ocrx_word' id='word_1_45' title='bbox 905 775 1140 857; x_wconf 62' lang='lat' dir='ltr'><strong>temperatuml,</strong></span> <span class='ocrx_word' id='word_1_46' title='bbox 1162 797 1178 834; x_wconf 85' lang='grc' dir='ltr'><strong>ν</strong></span> <span class='ocrx_word' id='word_1_47' title='bbox 1201 777 1289 838; x_wconf 85' lang='lat' dir='ltr'><strong>dixit.</strong></span> <span class='ocrx_word' id='word_1_48' title='bbox 1311 776 1471 839; x_wconf 88' lang='lat' dir='ltr'><strong>Nemesius</strong></span> <span class='ocrx_word' id='word_1_49' title='bbox 1494 793 1617 856; x_wconf 87' lang='lat' dir='ltr'><strong>quoquc</strong></span> <span class='ocrx_word' id='word_1_50' title='bbox 1638 775 1672 835; x_wconf 90' lang='lat' dir='ltr'><strong>in</strong></span> 
     </span>
     <span class='ocr_line' id='line_1_6' title="bbox 137 867 1672 949; baseline -0.004 -16"><span class='ocrx_word' id='word_1_51' title='bbox 137 872 193 933; x_wconf 78' lang='lat' dir='ltr'><strong>leo</strong></span> <span class='ocrx_word' id='word_1_52' title='bbox 209 870 329 949; x_wconf 87' lang='lat' dir='ltr'><strong>primus</strong></span> <span class='ocrx_word' id='word_1_53' title='bbox 352 888 495 931; x_wconf 87' lang='lat' dir='ltr'><strong>sermone</strong></span> <span class='ocrx_word' id='word_1_54' title='bbox 514 870 605 930; x_wconf 84' lang='lat' dir='ltr'><strong>tertio</strong></span> <span class='ocrx_word' id='word_1_55' title='bbox 632 867 667 929; x_wconf 84' lang='lat' dir='ltr'><strong>de</strong></span> <span class='ocrx_word' id='word_1_56' title='bbox 692 867 858 930; x_wconf 84' lang='lat' dir='ltr'><strong>Nativitote</strong></span> <span class='ocrx_word' id='word_1_57' title='bbox 906 867 986 929; x_wconf 91' lang='lat' dir='ltr'><strong>libro</strong></span> <span class='ocrx_word' id='word_1_58' title='bbox 1007 868 1322 947; x_wconf 79' lang='lat' dir='ltr'><strong>dolVotoroltominis,</strong></span> <span class='ocrx_word' id='word_1_59' title='bbox 1341 887 1485 932; x_wconf 80' lang='lat' dir='ltr'><strong>errorum</strong></span> <span class='ocrx_word' id='word_1_60' title='bbox 1498 868 1588 929; x_wconf 90' lang='lat' dir='ltr'><strong>illum</strong></span> <span class='ocrx_word' id='word_1_61' title='bbox 1605 884 1672 928; x_wconf 86' lang='lat' dir='ltr'><strong>esse</strong></span> 
     </span>
     <span class='ocr_line' id='line_1_7' title="bbox 105 959 1670 1040; baseline -0.004 -14"><span class='ocrx_word' id='word_1_62' title='bbox 105 962 215 1035; x_wconf 78' lang='lat' dir='ltr'><strong>Clrr’sti,</strong></span> <span class='ocrx_word' id='word_1_63' title='bbox 235 970 384 1023; x_wconf 72' lang='lat' dir='ltr'><strong>austures</strong></span> <span class='ocrx_word' id='word_1_64' title='bbox 398 962 487 1023; x_wconf 82' lang='lat' dir='ltr'><strong>elteri</strong></span> <span class='ocrx_word' id='word_1_65' title='bbox 503 961 634 1024; x_wconf 84' lang='lat' dir='ltr'><strong>alterum</strong></span> <span class='ocrx_word' id='word_1_66' title='bbox 654 960 787 1033; x_wconf 77' lang='lat' dir='ltr'><strong>misceri,</strong></span> <span class='ocrx_word' id='word_1_67' title='bbox 802 959 855 1020; x_wconf 89' lang='lat' dir='ltr'><strong>uit.</strong></span> <span class='ocrx_word' id='word_1_68' title='bbox 906 959 1012 1021; x_wconf 85' lang='lat' dir='ltr'><strong>scribit</strong></span> <span class='ocrx_word' id='word_1_69' title='bbox 1035 963 1275 1040; x_wconf 78' lang='lat' dir='ltr'><strong>temperationis,</strong></span> <span class='ocrx_word' id='word_1_70' title='bbox 1305 968 1336 1023; x_wconf 87' lang='lat' dir='ltr'><strong>et</strong></span> <span class='ocrx_word' id='word_1_71' title='bbox 1360 961 1508 1024; x_wconf 89' lang='lat' dir='ltr'><strong>unitionis</strong></span> <span class='ocrx_word' id='word_1_72' title='bbox 1530 960 1670 1020; x_wconf 89' lang='lat' dir='ltr'><strong>modum.</strong></span> 
     </span>
     <span class='ocr_line' id='line_1_8' title="bbox 104 1052 1671 1134; baseline -0.003 -17"><span class='ocrx_word' id='word_1_73' title='bbox 104 1056 155 1120; x_wconf 86' lang='lat' dir='ltr'><strong>Nec</strong></span> <span class='ocrx_word' id='word_1_74' title='bbox 176 1054 218 1114; x_wconf 88' lang='lat' dir='ltr'><strong>sic</strong></span> <span class='ocrx_word' id='word_1_75' title='bbox 238 1060 372 1122; x_wconf 85' lang='lat' dir='ltr'><strong>nsturs,</strong></span> <span class='ocrx_word' id='word_1_76' title='bbox 400 1053 519 1134; x_wconf 85' lang='lat' dir='ltr'><strong>inquit,</strong></span> <span class='ocrx_word' id='word_1_77' title='bbox 547 1054 580 1114; x_wconf 90' lang='lat' dir='ltr'><strong>in</strong></span> <span class='ocrx_word' id='word_1_78' title='bbox 608 1052 784 1114; x_wconf 81' lang='lat' dir='ltr'><strong>societatem</strong></span> <span class='ocrx_word' id='word_1_79' title='bbox 810 1053 856 1112; x_wconf 90' lang='lat' dir='ltr'><strong>sui</strong></span> <span class='ocrx_word' id='word_1_80' title='bbox 907 1055 1121 1132; x_wconf 81' lang='lat' dir='ltr'><strong>Temperatur,</strong></span> <span class='ocrx_word' id='word_1_81' title='bbox 1141 1058 1172 1115; x_wconf 90' lang='lat' dir='ltr'><strong>et</strong></span> <span class='ocrx_word' id='word_1_82' title='bbox 1185 1061 1290 1115; x_wconf 83' lang='lat' dir='ltr'><strong>monet</strong></span> <span class='ocrx_word' id='word_1_83' title='bbox 1312 1055 1414 1115; x_wconf 89' lang='lat' dir='ltr'><strong>omnis</strong></span> <span class='ocrx_word' id='word_1_84' title='bbox 1430 1068 1540 1133; x_wconf 84' lang='lat' dir='ltr'><strong>expers</strong></span> <span class='ocrx_word' id='word_1_85' title='bbox 1558 1052 1671 1113; x_wconf 81' lang='lat' dir='ltr'><strong>admis-</strong></span> 
     </span>
     <span class='ocr_line' id='line_1_9' title="bbox 102 1144 1537 1226; baseline -0.006 -15"><span class='ocrx_word' id='word_1_86' title='bbox 102 1147 232 1211; x_wconf 67' lang='lat' dir='ltr'><strong>sutoris</strong></span> <span class='ocrx_word' id='word_1_87' title='bbox 245 1152 294 1208; x_wconf 88' lang='lat' dir='ltr'><strong>est</strong></span> <span class='ocrx_word' id='word_1_88' title='bbox 314 1151 493 1226; x_wconf 72' lang='lat' dir='ltr'><strong>assumpta,</strong></span> <span class='ocrx_word' id='word_1_89' title='bbox 518 1151 554 1206; x_wconf 92' lang='lat' dir='ltr'><strong>ut</strong></span> <span class='ocrx_word' id='word_1_90' title='bbox 576 1145 628 1205; x_wconf 87' lang='lat' dir='ltr'><strong>ille</strong></span> <span class='ocrx_word' id='word_1_91' title='bbox 645 1144 798 1205; x_wconf 78' lang='lat' dir='ltr'><strong>hahiutor</strong></span> <span class='ocrx_word' id='word_1_92' title='bbox 828 1149 859 1204; x_wconf 91' lang='lat' dir='ltr'><strong>et</strong></span> <span class='ocrx_word' id='word_1_93' title='bbox 907 1145 1012 1220; x_wconf 85' lang='lat' dir='ltr'><strong>tionis,</strong></span> <span class='ocrx_word' id='word_1_94' title='bbox 1027 1145 1225 1223; x_wconf 88' lang='lat' dir='ltr'><strong>confusionis,</strong></span> <span class='ocrx_word' id='word_1_95' title='bbox 1240 1150 1271 1207; x_wconf 89' lang='lat' dir='ltr'><strong>et</strong></span> <span class='ocrx_word' id='word_1_96' title='bbox 1283 1146 1509 1226; x_wconf 65' lang='lat' dir='ltr'><strong>corruptionis.</strong></span> <span class='ocrx_word' id='word_1_97' title='bbox 1521 1165 1537 1202; x_wconf 81' lang='grc' dir='ltr'><strong>υ</strong></span> 
     </span>
     <span class='ocr_line' id='line_1_10' title="bbox 102 1236 1671 1318; baseline -0.003 -17"><span class='ocrx_word' id='word_1_98' title='bbox 102 1241 147 1302; x_wconf 84' lang='lat' dir='ltr'><strong>ills</strong></span> <span class='ocrx_word' id='word_1_99' title='bbox 168 1239 384 1300; x_wconf 83' lang='lat' dir='ltr'><strong>habitaculum</strong></span> <span class='ocrx_word' id='word_1_100' title='bbox 405 1244 502 1300; x_wconf 86' lang='lat' dir='ltr'><strong>esset:</strong></span> <span class='ocrx_word' id='word_1_101' title='bbox 527 1238 579 1299; x_wconf 89' lang='lat' dir='ltr'><strong>sed</strong></span> <span class='ocrx_word' id='word_1_102' title='bbox 605 1238 658 1310; x_wconf 88' lang='lat' dir='ltr'><strong>ita,</strong></span> <span class='ocrx_word' id='word_1_103' title='bbox 683 1243 720 1298; x_wconf 87' lang='lat' dir='ltr'><strong>ut</strong></span> <span class='ocrx_word' id='word_1_104' title='bbox 737 1242 858 1298; x_wconf 75' lang='lat' dir='ltr'><strong>nutrires</strong></span> <span class='ocrx_word' id='word_1_105' title='bbox 949 1237 1030 1298; x_wconf 82' lang='lat' dir='ltr'><strong>Sene</strong></span> <span class='ocrx_word' id='word_1_106' title='bbox 1065 1237 1222 1299; x_wconf 87' lang='lat' dir='ltr'><strong>Christum</strong></span> <span class='ocrx_word' id='word_1_107' title='bbox 1251 1257 1307 1318; x_wconf 86' lang='lat' dir='ltr'><strong>por</strong></span> <span class='ocrx_word' id='word_1_108' title='bbox 1338 1237 1534 1299; x_wconf 66' lang='lat' dir='ltr'><strong>Eucharistiae</strong></span> <span class='ocrx_word' id='word_1_109' title='bbox 1564 1236 1671 1297; x_wconf 79' lang='lat' dir='ltr'><strong>Sacru-</strong></span> 
     </span>
     <span class='ocr_line' id='line_1_11' title="bbox 102 1329 1831 1411; baseline -0.003 -18"><span class='ocrx_word' id='word_1_110' title='bbox 102 1332 176 1394; x_wconf 85' lang='lat' dir='ltr'><strong>dteri</strong></span> <span class='ocrx_word' id='word_1_111' title='bbox 189 1331 287 1392; x_wconf 76' lang='lat' dir='ltr'><strong>alteru</strong></span> <span class='ocrx_word' id='word_1_112' title='bbox 298 1332 512 1392; x_wconf 75' lang='lat' dir='ltr'><strong>misceretur.»</strong></span> <span class='ocrx_word' id='word_1_113' title='bbox 526 1331 605 1392; x_wconf 88' lang='lat' dir='ltr'><strong>Usus</strong></span> <span class='ocrx_word' id='word_1_114' title='bbox 619 1335 664 1389; x_wconf 89' lang='lat' dir='ltr'><strong>cst</strong></span> <span class='ocrx_word' id='word_1_115' title='bbox 674 1329 859 1390; x_wconf 80' lang='lat' dir='ltr'><strong>Claudianus</strong></span> <span class='ocrx_word' id='word_1_116' title='bbox 908 1335 1050 1391; x_wconf 87' lang='lat' dir='ltr'><strong>mentum</strong></span> <span class='ocrx_word' id='word_1_117' title='bbox 1078 1340 1307 1411; x_wconf 79' lang='grc' dir='ltr'><strong>συνωσκίρυασναι,</strong></span> <span class='ocrx_word' id='word_1_118' title='bbox 1330 1337 1361 1391; x_wconf 91' lang='lat' dir='ltr'><strong>et</strong></span> <span class='ocrx_word' id='word_1_119' title='bbox 1393 1330 1478 1391; x_wconf 91' lang='lat' dir='ltr'><strong>uniri</strong></span> <span class='ocrx_word' id='word_1_120' title='bbox 1511 1329 1673 1389; x_wconf 88' lang='lat' dir='ltr'><strong>nobiscum</strong></span> <span class='ocrx_word' id='word_1_121' title='bbox 1699 1332 1831 1386; x_wconf 61' lang='lat' dir='ltr'><strong>resumes.</strong></span> 
     </span>
     <span class='ocr_line' id='line_1_12' title="bbox 103 1419 1672 1502; baseline -0.001 -18"><span class='ocrx_word' id='word_1_122' title='bbox 103 1422 231 1485; x_wconf 67' lang='lat' dir='ltr'><strong>misensis*</strong></span> <span class='ocrx_word' id='word_1_123' title='bbox 241 1424 340 1484; x_wconf 89' lang='lat' dir='ltr'><strong>verbo</strong></span> <span class='ocrx_word' id='word_1_124' title='bbox 352 1469 361 1497; x_wconf 96' lang='lat'><strong>,</strong></span> <span class='ocrx_word' id='word_1_125' title='bbox 376 1422 457 1484; x_wconf 90' lang='lat' dir='ltr'><strong>libro</strong></span> <span class='ocrx_word' id='word_1_126' title='bbox 470 1422 562 1483; x_wconf 86' lang='lat' dir='ltr'><strong>tertio</strong></span> <span class='ocrx_word' id='word_1_127' title='bbox 577 1420 612 1482; x_wconf 85' lang='lat' dir='ltr'><strong>de</strong></span> <span class='ocrx_word' id='word_1_128' title='bbox 632 1425 713 1482; x_wconf 85' lang='lat' dir='ltr'><strong>stolo</strong></span> <span class='ocrx_word' id='word_1_129' title='bbox 731 1419 839 1482; x_wconf 78' lang='lat' dir='ltr'><strong>oooiuoe</strong></span> <span class='ocrx_word' id='word_1_130' title='bbox 847 1441 858 1490; x_wconf 91' lang='lat'><strong>,·</strong></span> <span class='ocrx_word' id='word_1_131' title='bbox 909 1421 1043 1501; x_wconf 73' lang='lat' dir='ltr'><strong>cyrillus</strong></span> <span class='ocrx_word' id='word_1_132' title='bbox 1054 1422 1175 1483; x_wconf 66' lang='lat' dir='ltr'><strong>suerit:</strong></span> <span class='ocrx_word' id='word_1_133' title='bbox 1191 1429 1226 1483; x_wconf 90' lang='lat' dir='ltr'><strong>ut</strong></span> <span class='ocrx_word' id='word_1_134' title='bbox 1236 1423 1392 1502; x_wconf 82' lang='lat' dir='ltr'><strong>proculab</strong></span> <span class='ocrx_word' id='word_1_135' title='bbox 1406 1422 1458 1482; x_wconf 90' lang='lat' dir='ltr'><strong>illa</strong></span> <span class='ocrx_word' id='word_1_136' title='bbox 1470 1439 1546 1482; x_wconf 83' lang='lat' dir='ltr'><strong>voce</strong></span> <span class='ocrx_word' id='word_1_137' title='bbox 1559 1421 1672 1483; x_wconf 84' lang='lat' dir='ltr'><strong>intelli·</strong></span> 
     </span>
     <span class='ocr_line' id='line_1_13' title="bbox 102 1511 1393 1592; baseline -0.001 -15"><span class='ocrx_word' id='word_1_138' title='bbox 102 1515 282 1577; x_wconf 84' lang='lat' dir='ltr'><strong>etPsulinus</strong></span> <span class='ocrx_word' id='word_1_139' title='bbox 295 1516 330 1575; x_wconf 92' lang='lat' dir='ltr'><strong>in</strong></span> <span class='ocrx_word' id='word_1_140' title='bbox 345 1515 489 1576; x_wconf 82' lang='lat' dir='ltr'><strong>Carmine</strong></span> <span class='ocrx_word' id='word_1_141' title='bbox 506 1513 543 1574; x_wconf 84' lang='lat' dir='ltr'><strong>de</strong></span> <span class='ocrx_word' id='word_1_142' title='bbox 563 1511 645 1574; x_wconf 82' lang='lat' dir='ltr'><strong>Celso</strong></span> <span class='ocrx_word' id='word_1_143' title='bbox 659 1530 755 1592; x_wconf 81' lang='lat' dir='ltr'><strong>puero</strong></span> <span class='ocrx_word' id='word_1_144' title='bbox 766 1512 859 1591; x_wconf 81' lang='lat' dir='ltr'><strong>paulo</strong></span> <span class='ocrx_word' id='word_1_145' title='bbox 907 1519 1000 1592; x_wconf 80' lang='lat' dir='ltr'><strong>gutur</strong></span> <span class='ocrx_word' id='word_1_146' title='bbox 1013 1514 1393 1576; x_wconf 76' lang='lat' dir='ltr'><strong>esseconfusionisnotiol.</strong></span> 
     </span>
     <span class='ocr_line' id='line_1_14' title="bbox 101 1604 1672 1689; baseline -0.001 -21"><span class='ocrx_word' id='word_1_147' title='bbox 101 1615 159 1689; x_wconf 88' lang='lat' dir='ltr'><strong>post</strong></span> <span class='ocrx_word' id='word_1_148' title='bbox 175 1608 312 1668; x_wconf 85' lang='lat' dir='ltr'><strong>initium.</strong></span> <span class='ocrx_word' id='word_1_149' title='bbox 336 1606 467 1684; x_wconf 76' lang='lat' dir='ltr'><strong>Vigilius</strong></span> <span class='ocrx_word' id='word_1_150' title='bbox 485 1606 519 1666; x_wconf 90' lang='lat' dir='ltr'><strong>in</strong></span> <span class='ocrx_word' id='word_1_151' title='bbox 536 1604 616 1665; x_wconf 90' lang='lat' dir='ltr'><strong>libro</strong></span> <span class='ocrx_word' id='word_1_152' title='bbox 639 1604 741 1683; x_wconf 90' lang='lat' dir='ltr'><strong>primo</strong></span> <span class='ocrx_word' id='word_1_153' title='bbox 758 1611 859 1664; x_wconf 82' lang='lat' dir='ltr'><strong>contro</strong></span> <span class='ocrx_word' id='word_1_154' title='bbox 948 1608 1019 1667; x_wconf 84' lang='lat' dir='ltr'><strong>lum</strong></span> <span class='ocrx_word' id='word_1_155' title='bbox 1026 1615 1181 1688; x_wconf 73' lang='grc' dir='ltr'><strong>ἀνακράσεως</strong></span> <span class='ocrx_word' id='word_1_156' title='bbox 1190 1608 1418 1671; x_wconf 80' lang='lat' dir='ltr'><strong>vocobulousus</strong></span> <span class='ocrx_word' id='word_1_157' title='bbox 1428 1606 1672 1668; x_wconf 86' lang='lat' dir='ltr'><strong>estAthunasius.</strong></span> 
     </span>
     <span class='ocr_line' id='line_1_15' title="bbox 101 1696 1676 1779; baseline -0.003 -18"><span class='ocrx_word' id='word_1_158' title='bbox 101 1698 269 1779; x_wconf 72' lang='lat' dir='ltr'><strong>distychon’,</strong></span> <span class='ocrx_word' id='word_1_159' title='bbox 282 1698 412 1759; x_wconf 70' lang='lat' dir='ltr'><strong>siler-nis</strong></span> <span class='ocrx_word' id='word_1_160' title='bbox 425 1703 569 1757; x_wconf 77' lang='lat' dir='ltr'><strong>naturum</strong></span> <span class='ocrx_word' id='word_1_161' title='bbox 581 1697 635 1771; x_wconf 87' lang='lat' dir='ltr'><strong>sit,</strong></span> <span class='ocrx_word' id='word_1_162' title='bbox 647 1696 687 1756; x_wconf 82' lang='lat' dir='ltr'><strong>ita</strong></span> <span class='ocrx_word' id='word_1_163' title='bbox 698 1713 754 1775; x_wconf 88' lang='lat' dir='ltr'><strong>per</strong></span> <span class='ocrx_word' id='word_1_164' title='bbox 768 1696 860 1756; x_wconf 87' lang='lat' dir='ltr'><strong>susci·</strong></span> <span class='ocrx_word' id='word_1_165' title='bbox 913 1699 1046 1774; x_wconf 73' lang='lat' dir='ltr'><strong>«Nobis,</strong></span> <span class='ocrx_word' id='word_1_166' title='bbox 1062 1700 1173 1778; x_wconf 89' lang='lat' dir='ltr'><strong>inquit,</strong></span> <span class='ocrx_word' id='word_1_167' title='bbox 1189 1700 1324 1779; x_wconf 79' lang='lat' dir='ltr'><strong>henigne</strong></span> <span class='ocrx_word' id='word_1_168' title='bbox 1338 1705 1383 1759; x_wconf 84' lang='lat' dir='ltr'><strong>est</strong></span> <span class='ocrx_word' id='word_1_169' title='bbox 1394 1699 1512 1775; x_wconf 89' lang='lat' dir='ltr'><strong>unitus,</strong></span> <span class='ocrx_word' id='word_1_170' title='bbox 1525 1697 1676 1777; x_wconf 87' lang='lat' dir='ltr'><strong>primitias</strong></span> 
     </span>
     <span class='ocr_line' id='line_1_16' title="bbox 101 1787 1671 1871; baseline -0.001 -21"><span class='ocrx_word' id='word_1_171' title='bbox 101 1791 199 1871; x_wconf 86' lang='lat' dir='ltr'><strong>pientis</strong></span> <span class='ocrx_word' id='word_1_172' title='bbox 211 1790 469 1851; x_wconf 83' lang='lat' dir='ltr'><strong>commixtionem</strong></span> <span class='ocrx_word' id='word_1_173' title='bbox 483 1789 516 1850; x_wconf 91' lang='lat' dir='ltr'><strong>in</strong></span> <span class='ocrx_word' id='word_1_174' title='bbox 528 1789 623 1849; x_wconf 90' lang='lat' dir='ltr'><strong>Verbi</strong></span> <span class='ocrx_word' id='word_1_175' title='bbox 637 1787 780 1848; x_wconf 82' lang='lat' dir='ltr'><strong>transisse</strong></span> <span class='ocrx_word' id='word_1_176' title='bbox 793 1806 861 1867; x_wconf 91' lang='lat' dir='ltr'><strong>per-</strong></span> <span class='ocrx_word' id='word_1_177' title='bbox 909 1797 1029 1853; x_wconf 85' lang='lat' dir='ltr'><strong>nostras</strong></span> <span class='ocrx_word' id='word_1_178' title='bbox 1034 1791 1166 1853; x_wconf 88' lang='lat' dir='ltr'><strong>induens</strong></span> <span class='ocrx_word' id='word_1_179' title='bbox 1176 1792 1283 1867; x_wconf 84' lang='lat' dir='ltr'><strong>sihi,et</strong></span> <span class='ocrx_word' id='word_1_180' title='bbox 1289 1810 1361 1853; x_wconf 89' lang='lat' dir='ltr'><strong>eum</strong></span> <span class='ocrx_word' id='word_1_181' title='bbox 1372 1791 1432 1851; x_wconf 85' lang='lat' dir='ltr'><strong>illis</strong></span> <span class='ocrx_word' id='word_1_182' title='bbox 1438 1795 1641 1870; x_wconf 73' lang='lat' dir='ltr'><strong>temperatus</strong></span> <span class='ocrx_word' id='word_1_183' title='bbox 1645 1809 1671 1850; x_wconf 85' lang='grc' dir='ltr'><strong>,ν</strong></span> 
     </span>
     <span class='ocr_line' id='line_1_17' title="bbox 102 1880 1674 1963; baseline -0.001 -20"><span class='ocrx_word' id='word_1_184' title='bbox 102 1901 206 1951; x_wconf 87' lang='lat' dir='ltr'><strong>sonem,</strong></span> <span class='ocrx_word' id='word_1_185' title='bbox 222 1888 259 1943; x_wconf 89' lang='lat' dir='ltr'><strong>ut</strong></span> <span class='ocrx_word' id='word_1_186' title='bbox 283 1901 349 1943; x_wconf 85' lang='lat' dir='ltr'><strong>non</strong></span> <span class='ocrx_word' id='word_1_187' title='bbox 363 1888 468 1943; x_wconf 83' lang='lat' dir='ltr'><strong>temen</strong></span> <span class='ocrx_word' id='word_1_188' title='bbox 487 1880 582 1942; x_wconf 87' lang='lat' dir='ltr'><strong>luerit</strong></span> <span class='ocrx_word' id='word_1_189' title='bbox 604 1880 638 1940; x_wconf 90' lang='lat' dir='ltr'><strong>in</strong></span> <span class='ocrx_word' id='word_1_190' title='bbox 660 1880 763 1940; x_wconf 88' lang='lat' dir='ltr'><strong>Verbo</strong></span> <span class='ocrx_word' id='word_1_191' title='bbox 784 1898 859 1940; x_wconf 91' lang='lat' dir='ltr'><strong>oon·</strong></span> <span class='ocrx_word' id='word_1_192' title='bbox 910 1884 1073 1963; x_wconf 81' lang='lat' dir='ltr'><strong>Gregorius</strong></span> <span class='ocrx_word' id='word_1_193' title='bbox 1098 1885 1253 1963; x_wconf 90' lang='lat' dir='ltr'><strong>Nyssenus</strong></span> <span class='ocrx_word' id='word_1_194' title='bbox 1280 1885 1312 1943; x_wconf 90' lang='lat' dir='ltr'><strong>in</strong></span> <span class='ocrx_word' id='word_1_195' title='bbox 1333 1883 1434 1962; x_wconf 92' lang='lat' dir='ltr'><strong>primo</strong></span> <span class='ocrx_word' id='word_1_196' title='bbox 1447 1889 1547 1942; x_wconf 78' lang='lat' dir='ltr'><strong>contro</strong></span> <span class='ocrx_word' id='word_1_197' title='bbox 1571 1881 1674 1943; x_wconf 81' lang='lat' dir='ltr'><strong>Euoc-</strong></span> 
     </span>
     <span class='ocr_line' id='line_1_18' title="bbox 103 1972 1673 2055; baseline 0 -21"><span class='ocrx_word' id='word_1_198' title='bbox 103 1981 222 2055; x_wconf 83' lang='lat' dir='ltr'><strong>sumpte.</strong></span> <span class='ocrx_word' id='word_1_199' title='bbox 237 1996 255 2033; x_wconf 82' lang='lat' dir='ltr'><strong>s</strong></span> <span class='ocrx_word' id='word_1_200' title='bbox 278 1977 335 2035; x_wconf 84' lang='lat' dir='ltr'><strong>Et:</strong></span> <span class='ocrx_word' id='word_1_201' title='bbox 355 1974 497 2034; x_wconf 71' lang='lat' dir='ltr'><strong>«Filium</strong></span> <span class='ocrx_word' id='word_1_202' title='bbox 513 1973 567 2033; x_wconf 87' lang='lat' dir='ltr'><strong>Dei</strong></span> <span class='ocrx_word' id='word_1_203' title='bbox 582 1990 706 2034; x_wconf 87' lang='lat' dir='ltr'><strong>carnem</strong></span> <span class='ocrx_word' id='word_1_204' title='bbox 720 1972 754 2033; x_wconf 92' lang='lat' dir='ltr'><strong>in</strong></span> <span class='ocrx_word' id='word_1_205' title='bbox 767 1990 860 2033; x_wconf 82' lang='lat' dir='ltr'><strong>sacres</strong></span> <span class='ocrx_word' id='word_1_206' title='bbox 910 1974 1020 2051; x_wconf 84' lang='lat' dir='ltr'><strong>mium,</strong></span> <span class='ocrx_word' id='word_1_207' title='bbox 1040 1997 1056 2033; x_wconf 91' lang='lat'>«</span> <span class='ocrx_word' id='word_1_208' title='bbox 1069 1975 1240 2037; x_wconf 80' lang='lat' dir='ltr'><strong>humanam</strong></span> <span class='ocrx_word' id='word_1_209' title='bbox 1254 1982 1398 2036; x_wconf 84' lang='lat' dir='ltr'><strong>usturam</strong></span> <span class='ocrx_word' id='word_1_210' title='bbox 1420 1975 1483 2034; x_wconf 89' lang='lat' dir='ltr'><strong>Deo</strong></span> <span class='ocrx_word' id='word_1_211' title='bbox 1495 1978 1673 2053; x_wconf 75' lang='lat' dir='ltr'><strong>corrumpe-</strong></span> 
     </span>
     <span class='ocr_line' id='line_1_19' title="bbox 103 2064 1673 2146; baseline 0 -21"><span class='ocrx_word' id='word_1_212' title='bbox 103 2067 225 2145; x_wconf 80' lang='lat' dir='ltr'><strong>Virginis</strong></span> <span class='ocrx_word' id='word_1_213' title='bbox 232 2074 326 2129; x_wconf 86' lang='lat' dir='ltr'><strong>utero</strong></span> <span class='ocrx_word' id='word_1_214' title='bbox 333 2064 484 2126; x_wconf 81' lang='lat' dir='ltr'><strong>ineffabili</strong></span> <span class='ocrx_word' id='word_1_215' title='bbox 493 2065 646 2126; x_wconf 85' lang='lat' dir='ltr'><strong>societatis</strong></span> <span class='ocrx_word' id='word_1_216' title='bbox 654 2065 860 2144; x_wconf 81' lang='lat' dir='ltr'><strong>permixtione</strong></span> <span class='ocrx_word' id='word_1_217' title='bbox 910 2075 1010 2128; x_wconf 85' lang='lat' dir='ltr'><strong>retum</strong></span> <span class='ocrx_word' id='word_1_218' title='bbox 1024 2086 1088 2129; x_wconf 89' lang='lat' dir='ltr'><strong>esse</strong></span> <span class='ocrx_word' id='word_1_219' title='bbox 1104 2068 1193 2146; x_wconf 87' lang='lat' dir='ltr'><strong>dicit,</strong></span> <span class='ocrx_word' id='word_1_220' title='bbox 1208 2068 1335 2130; x_wconf 92' lang='lat' dir='ltr'><strong>homine</strong></span> <span class='ocrx_word' id='word_1_221' title='bbox 1349 2066 1419 2141; x_wconf 90' lang='lat' dir='ltr'><strong>illo,</strong></span> <span class='ocrx_word' id='word_1_222' title='bbox 1435 2067 1490 2145; x_wconf 89' lang='lat' dir='ltr'><strong>qui</strong></span> <span class='ocrx_word' id='word_1_223' title='bbox 1505 2066 1538 2125; x_wconf 88' lang='lat' dir='ltr'><strong>in</strong></span> <span class='ocrx_word' id='word_1_224' title='bbox 1553 2065 1673 2126; x_wconf 82' lang='lat' dir='ltr'><strong>Christo</strong></span> 
     </span>
     <span class='ocr_line' id='line_1_20' title="bbox 104 2155 1675 2240; baseline -0.001 -22"><span class='ocrx_word' id='word_1_225' title='bbox 104 2158 140 2218; x_wconf 87' lang='lat' dir='ltr'><strong>its</strong></span> <span class='ocrx_word' id='word_1_226' title='bbox 152 2157 206 2218; x_wconf 86' lang='lat' dir='ltr'><strong>sibi</strong></span> <span class='ocrx_word' id='word_1_227' title='bbox 218 2158 382 2230; x_wconf 77' lang='lat' dir='ltr'><strong>adunasse,</strong></span> <span class='ocrx_word' id='word_1_228' title='bbox 401 2162 436 2217; x_wconf 93' lang='lat' dir='ltr'><strong>ut</strong></span> <span class='ocrx_word' id='word_1_229' title='bbox 447 2156 588 2217; x_wconf 88' lang='lat' dir='ltr'><strong>Verbum</strong></span> <span class='ocrx_word' id='word_1_230' title='bbox 600 2155 706 2231; x_wconf 90' lang='lat' dir='ltr'><strong>homo,</strong></span> <span class='ocrx_word' id='word_1_231' title='bbox 722 2160 753 2216; x_wconf 86' lang='lat' dir='ltr'><strong>et</strong></span> <span class='ocrx_word' id='word_1_232' title='bbox 766 2157 860 2217; x_wconf 91' lang='lat' dir='ltr'><strong>homo</strong></span> <span class='ocrx_word' id='word_1_233' title='bbox 911 2166 973 2234; x_wconf 85' lang='lat' dir='ltr'><strong>est,</strong></span> <span class='ocrx_word' id='word_1_234' title='bbox 1001 2160 1180 2222; x_wconf 82' lang='lat' dir='ltr'><strong>mediatoris</strong></span> <span class='ocrx_word' id='word_1_235' title='bbox 1207 2165 1309 2240; x_wconf 82' lang='lat' dir='ltr'><strong>peries</strong></span> <span class='ocrx_word' id='word_1_236' title='bbox 1331 2165 1517 2238; x_wconf 84' lang='lat' dir='ltr'><strong>exequente:</strong></span> <span class='ocrx_word' id='word_1_237' title='bbox 1545 2159 1596 2218; x_wconf 85' lang='lat' dir='ltr'><strong>cui</strong></span> <span class='ocrx_word' id='word_1_238' title='bbox 1620 2175 1675 2236; x_wconf 87' lang='lat' dir='ltr'><strong>per</strong></span> 
     </span>
     <span class='ocr_line' id='line_1_21' title="bbox 105 2248 1675 2333; baseline -0.001 -22"><span class='ocrx_word' id='word_1_239' title='bbox 105 2252 189 2326; x_wconf 80' lang='lat' dir='ltr'><strong>Deus,</strong></span> <span class='ocrx_word' id='word_1_240' title='bbox 200 2250 343 2330; x_wconf 87' lang='lat' dir='ltr'><strong>idemque</strong></span> <span class='ocrx_word' id='word_1_241' title='bbox 357 2266 450 2325; x_wconf 88' lang='lat' dir='ltr'><strong>unus,</strong></span> <span class='ocrx_word' id='word_1_242' title='bbox 464 2266 528 2308; x_wconf 85' lang='lat' dir='ltr'><strong>non</strong></span> <span class='ocrx_word' id='word_1_243' title='bbox 538 2248 664 2308; x_wconf 77' lang='lat' dir='ltr'><strong>mutatis</strong></span> <span class='ocrx_word' id='word_1_244' title='bbox 677 2252 861 2309; x_wconf 81' lang='lat' dir='ltr'><strong>naturarum</strong></span> <span class='ocrx_word' id='word_1_245' title='bbox 910 2258 1082 2331; x_wconf 83' lang='lat' dir='ltr'><strong>assumptas</strong></span> <span class='ocrx_word' id='word_1_246' title='bbox 1091 2252 1181 2313; x_wconf 89' lang='lat' dir='ltr'><strong>nobis</strong></span> <span class='ocrx_word' id='word_1_247' title='bbox 1195 2252 1356 2333; x_wconf 80' lang='lat' dir='ltr'><strong>primitius,</strong></span> <span class='ocrx_word' id='word_1_248' title='bbox 1368 2256 1435 2311; x_wconf 85' lang='lat' dir='ltr'><strong>toto</strong></span> <span class='ocrx_word' id='word_1_249' title='bbox 1447 2267 1548 2310; x_wconf 84' lang='lat' dir='ltr'><strong>masse</strong></span> <span class='ocrx_word' id='word_1_250' title='bbox 1560 2250 1675 2310; x_wconf 78' lang='lat' dir='ltr'><strong>virtute</strong></span> 
     </span>
     <span class='ocr_line' id='line_1_22' title="bbox 106 2340 1673 2425; baseline 0.001 -24"><span class='ocrx_word' id='word_1_251' title='bbox 106 2341 262 2418; x_wconf 74' lang='lat' dir='ltr'><strong>generibus</strong></span> <span class='ocrx_word' id='word_1_252' title='bbox 273 2341 388 2403; x_wconf 81' lang='lat' dir='ltr'><strong>lieret*.</strong></span> <span class='ocrx_word' id='word_1_253' title='bbox 403 2362 419 2399; x_wconf 86' lang='grc' dir='ltr'><strong>υ</strong></span> <span class='ocrx_word' id='word_1_254' title='bbox 910 2350 1140 2425; x_wconf 87' lang='lat' dir='ltr'><strong>contemperata</strong></span> <span class='ocrx_word' id='word_1_255' title='bbox 1150 2343 1255 2406; x_wconf 59' lang='lat' dir='ltr'><strong>este.»</strong></span> <span class='ocrx_word' id='word_1_256' title='bbox 1273 2345 1311 2405; x_wconf 85' lang='lat' dir='ltr'><strong>Et</strong></span> <span class='ocrx_word' id='word_1_257' title='bbox 1323 2345 1357 2403; x_wconf 91' lang='lat' dir='ltr'><strong>iu</strong></span> <span class='ocrx_word' id='word_1_258' title='bbox 1384 2340 1562 2403; x_wconf 82' lang='lat' dir='ltr'><strong>Coteclsetieo</strong></span> <span class='ocrx_word' id='word_1_259' title='bbox 1575 2341 1673 2402; x_wconf 90' lang='lat' dir='ltr'><strong>libro:</strong></span> 
     </span>
     <span class='ocr_line' id='line_1_23' title="bbox 7 2426 1722 2531; baseline 0.001 -38"><span class='ocrx_word' id='word_1_260' title='bbox 7 2426 77 2531; x_wconf 53' lang='grc' dir='ltr'><strong>ξιτ*</strong></span> <span class='ocrx_word' id='word_1_261' title='bbox 144 2434 211 2494; x_wconf 84' lang='lat' dir='ltr'><strong>XV.</strong></span> <span class='ocrx_word' id='word_1_262' title='bbox 232 2442 321 2513; x_wconf 74' lang='grc' dir='ltr'><strong>Κρᾶσω</strong></span> <span class='ocrx_word' id='word_1_263' title='bbox 332 2433 452 2509; x_wconf 88' lang='lat' dir='ltr'><strong>itidem,</strong></span> <span class='ocrx_word' id='word_1_264' title='bbox 461 2441 643 2514; x_wconf 74' lang='grc' dir='ltr'><strong>είὰυάκρωσιν,</strong></span> <span class='ocrx_word' id='word_1_265' title='bbox 654 2438 708 2493; x_wconf 85' lang='lat' dir='ltr'><strong>sut</strong></span> <span class='ocrx_word' id='word_1_266' title='bbox 719 2441 859 2513; x_wconf 70' lang='grc' dir='ltr'><strong>σύγκρασιν,</strong></span> <span class='ocrx_word' id='word_1_267' title='bbox 914 2437 1172 2514; x_wconf 77' lang='lat' dir='ltr'><strong>«temperationis</strong></span> <span class='ocrx_word' id='word_1_268' title='bbox 1184 2437 1266 2498; x_wconf 90' lang='lat' dir='ltr'><strong>illius</strong></span> <span class='ocrx_word' id='word_1_269' title='bbox 1279 2436 1419 2509; x_wconf 88' lang='lat' dir='ltr'><strong>modum,</strong></span> <span class='ocrx_word' id='word_1_270' title='bbox 1435 2452 1498 2513; x_wconf 85' lang='lat' dir='ltr'><strong>quo</strong></span> <span class='ocrx_word' id='word_1_271' title='bbox 1510 2435 1590 2495; x_wconf 88' lang='lat' dir='ltr'><strong>Deus</strong></span> <span class='ocrx_word' id='word_1_272' title='bbox 1603 2450 1676 2494; x_wconf 90' lang='lat' dir='ltr'><strong>cum</strong></span> <span class='ocrx_word' id='word_1_273' title='bbox 1720 2466 1722 2471; x_wconf 95' lang='lat'>·</span> 
     </span>
     <span class='ocr_line' id='line_1_24' title="bbox 107 2523 1676 2609; baseline 0 -23"><span class='ocrx_word' id='word_1_274' title='bbox 107 2525 270 2605; x_wconf 83' lang='lat' dir='ltr'><strong>complures</strong></span> <span class='ocrx_word' id='word_1_275' title='bbox 282 2527 460 2588; x_wconf 69' lang='lat' dir='ltr'><strong>Gruterum</strong></span> <span class='ocrx_word' id='word_1_276' title='bbox 473 2528 603 2587; x_wconf 79' lang='lat' dir='ltr'><strong>Petrum</strong></span> <span class='ocrx_word' id='word_1_277' title='bbox 617 2528 682 2585; x_wconf 88' lang='lat' dir='ltr'><strong>siue</strong></span> <span class='ocrx_word' id='word_1_278' title='bbox 695 2523 759 2584; x_wconf 86' lang='lat' dir='ltr'><strong>ulls</strong></span> <span class='ocrx_word' id='word_1_279' title='bbox 770 2542 863 2585; x_wconf 88' lang='lat' dir='ltr'><strong>cunc·</strong></span> <span class='ocrx_word' id='word_1_280' title='bbox 909 2528 1037 2589; x_wconf 91' lang='lat' dir='ltr'><strong>homine</strong></span> <span class='ocrx_word' id='word_1_281' title='bbox 1046 2529 1175 2607; x_wconf 85' lang='lat' dir='ltr'><strong>junctus</strong></span> <span class='ocrx_word' id='word_1_282' title='bbox 1186 2532 1243 2604; x_wconf 88' lang='lat' dir='ltr'><strong>est,</strong></span> <span class='ocrx_word' id='word_1_283' title='bbox 1259 2528 1431 2609; x_wconf 85' lang='lat' dir='ltr'><strong>perspicere</strong></span> <span class='ocrx_word' id='word_1_284' title='bbox 1445 2544 1513 2601; x_wconf 89' lang='lat' dir='ltr'><strong>uos,</strong></span> <span class='ocrx_word' id='word_1_285' title='bbox 1525 2532 1556 2587; x_wconf 90' lang='lat' dir='ltr'><strong>et</strong></span> <span class='ocrx_word' id='word_1_286' title='bbox 1568 2543 1676 2605; x_wconf 80' lang='lat' dir='ltr'><strong>cepere</strong></span> 
     </span>
     <span class='ocr_line' id='line_1_25' title="bbox 106 2617 1156 2699; baseline 0 -21"><span class='ocrx_word' id='word_1_287' title='bbox 106 2618 209 2679; x_wconf 85' lang='lat' dir='ltr'><strong>tutione</strong></span> <span class='ocrx_word' id='word_1_288' title='bbox 222 2618 381 2679; x_wconf 85' lang='lat' dir='ltr'><strong>dixerunt.</strong></span> <span class='ocrx_word' id='word_1_289' title='bbox 397 2617 564 2696; x_wconf 81' lang='lat' dir='ltr'><strong>Gregorius</strong></span> <span class='ocrx_word' id='word_1_290' title='bbox 572 2617 781 2678; x_wconf 80' lang='lat' dir='ltr'><strong>Nazianzenus</strong></span> <span class='ocrx_word' id='word_1_291' title='bbox 794 2633 862 2676; x_wconf 82' lang='lat' dir='ltr'><strong>ore·</strong></span> <span class='ocrx_word' id='word_1_292' title='bbox 910 2638 997 2699; x_wconf 90' lang='lat' dir='ltr'><strong>posse</strong></span> <span class='ocrx_word' id='word_1_293' title='bbox 1006 2620 1126 2699; x_wconf 62' lang='lat' dir='ltr'><strong>negat.</strong></span> <span class='ocrx_word' id='word_1_294' title='bbox 1140 2641 1156 2679; x_wconf 83' lang='grc' dir='ltr'><strong>ν</strong></span> 
     </span>
     <span class='ocr_line' id='line_1_26' title="bbox 104 2708 1677 2793; baseline 0.001 -22"><span class='ocrx_word' id='word_1_295' title='bbox 104 2709 176 2771; x_wconf 86' lang='lat' dir='ltr'><strong>tione</strong></span> <span class='ocrx_word' id='word_1_296' title='bbox 189 2727 238 2771; x_wconf 82' lang='lat' dir='ltr'><strong>ml</strong></span> <span class='ocrx_word' id='word_1_297' title='bbox 248 2708 459 2781; x_wconf 66' lang='lat' dir='ltr'><strong>deposelote:</strong></span> <span class='ocrx_word' id='word_1_298' title='bbox 478 2730 490 2767; x_wconf 84' lang='grc' dir='ltr'><strong>ι</strong></span> <span class='ocrx_word' id='word_1_299' title='bbox 507 2726 666 2783; x_wconf 77' lang='lat' dir='ltr'><strong>onorem,</strong></span> <span class='ocrx_word' id='word_1_300' title='bbox 682 2709 734 2781; x_wconf 87' lang='lat' dir='ltr'><strong>ait,</strong></span> <span class='ocrx_word' id='word_1_301' title='bbox 749 2708 862 2768; x_wconf 81' lang='lat' dir='ltr'><strong>mixtu·</strong></span> <span class='ocrx_word' id='word_1_302' title='bbox 950 2712 1085 2793; x_wconf 85' lang='lat' dir='ltr'><strong>cyrillus</strong></span> <span class='ocrx_word' id='word_1_303' title='bbox 1097 2712 1323 2774; x_wconf 81' lang='lat' dir='ltr'><strong>Alexandrinus</strong></span> <span class='ocrx_word' id='word_1_304' title='bbox 1336 2713 1369 2774; x_wconf 89' lang='lat' dir='ltr'><strong>in</strong></span> <span class='ocrx_word' id='word_1_305' title='bbox 1383 2713 1512 2793; x_wconf 81' lang='lat' dir='ltr'><strong>epistole</strong></span> <span class='ocrx_word' id='word_1_306' title='bbox 1524 2711 1625 2792; x_wconf 87' lang='lat' dir='ltr'><strong>prima</strong></span> <span class='ocrx_word' id='word_1_307' title='bbox 1637 2710 1677 2772; x_wconf 82' lang='lat' dir='ltr'><strong>od</strong></span> 
     </span>
     <span class='ocr_line' id='line_1_27' title="bbox 104 2801 1676 2881; baseline -0.003 -14"><span class='ocrx_word' id='word_1_308' title='bbox 104 2803 179 2863; x_wconf 66' lang='grc' dir='ltr'><strong>ταυτί</strong></span> <span class='ocrx_word' id='word_1_309' title='bbox 199 2802 449 2864; x_wconf 78' lang='lat' dir='ltr'><strong>oudmirandsm</strong></span> <span class='ocrx_word' id='word_1_310' title='bbox 461 2802 736 2881; x_wconf 65' lang='lat' dir='ltr'><strong>temperationem</strong></span> <span class='ocrx_word' id='word_1_311' title='bbox 750 2801 757 2861; x_wconf 86' lang='grc' dir='ltr'><strong>ί</strong></span> <span class='ocrx_word' id='word_1_312' title='bbox 780 2821 796 2858; x_wconf 85' lang='grc'><strong>))</strong></span> <span class='ocrx_word' id='word_1_313' title='bbox 823 2802 862 2860; x_wconf 80' lang='lat' dir='ltr'><strong>El</strong></span> <span class='ocrx_word' id='word_1_314' title='bbox 910 2804 1121 2878; x_wconf 79' lang='lat' dir='ltr'><strong>Monoelios,ex</strong></span> <span class='ocrx_word' id='word_1_315' title='bbox 1130 2804 1251 2865; x_wconf 80' lang='lat' dir='ltr'><strong>duabus</strong></span> <span class='ocrx_word' id='word_1_316' title='bbox 1262 2805 1431 2866; x_wconf 77' lang='lat' dir='ltr'><strong>conflatum</strong></span> <span class='ocrx_word' id='word_1_317' title='bbox 1440 2822 1504 2866; x_wconf 89' lang='lat' dir='ltr'><strong>esse</strong></span> <span class='ocrx_word' id='word_1_318' title='bbox 1519 2804 1676 2864; x_wconf 80' lang='lat' dir='ltr'><strong>Christum</strong></span> 
     </span>
     <span class='ocr_line' id='line_1_28' title="bbox 103 2893 1675 2977; baseline 0.001 -23"><span class='ocrx_word' id='word_1_319' title='bbox 103 2895 266 2972; x_wconf 78' lang='lat' dir='ltr'><strong>inepistols</strong></span> <span class='ocrx_word' id='word_1_320' title='bbox 289 2894 394 2973; x_wconf 88' lang='lat' dir='ltr'><strong>priore</strong></span> <span class='ocrx_word' id='word_1_321' title='bbox 417 2893 457 2955; x_wconf 82' lang='lat' dir='ltr'><strong>od</strong></span> <span class='ocrx_word' id='word_1_322' title='bbox 476 2893 647 2955; x_wconf 82' lang='lat' dir='ltr'><strong>Cledooium</strong></span> <span class='ocrx_word' id='word_1_323' title='bbox 661 2901 804 2973; x_wconf 69' lang='grc' dir='ltr'><strong>κερτομίοις</strong></span> <span class='ocrx_word' id='word_1_324' title='bbox 817 2902 862 2966; x_wconf 77' lang='grc' dir='ltr'><strong>τὰς</strong></span> <span class='ocrx_word' id='word_1_325' title='bbox 910 2898 964 2973; x_wconf 82' lang='lat' dir='ltr'><strong>sit,</strong></span> <span class='ocrx_word' id='word_1_326' title='bbox 983 2919 998 2956; x_wconf 82' lang='grc' dir='ltr'><strong>ιι</strong></span> <span class='ocrx_word' id='word_1_327' title='bbox 1012 2915 1082 2977; x_wconf 84' lang='lat' dir='ltr'><strong>quse</strong></span> <span class='ocrx_word' id='word_1_328' title='bbox 1105 2897 1139 2957; x_wconf 94' lang='lat' dir='ltr'><strong>in</strong></span> <span class='ocrx_word' id='word_1_329' title='bbox 1159 2895 1331 2957; x_wconf 80' lang='lat' dir='ltr'><strong>naturalem</strong></span> <span class='ocrx_word' id='word_1_330' title='bbox 1346 2898 1497 2959; x_wconf 82' lang='lat' dir='ltr'><strong>unitatem</strong></span> <span class='ocrx_word' id='word_1_331' title='bbox 1511 2912 1675 2956; x_wconf 87' lang='lat' dir='ltr'><strong>concurre·</strong></span> 
     </span>
     <span class='ocr_line' id='line_1_29' title="bbox 104 2985 1676 3069; baseline 0 -22"><span class='ocrx_word' id='word_1_332' title='bbox 104 2991 171 3059; x_wconf 71' lang='grc' dir='ltr'><strong>ςθσιις</strong></span> <span class='ocrx_word' id='word_1_333' title='bbox 183 2987 275 3063; x_wconf 81' lang='lat' dir='ltr'><strong>dixit,</strong></span> <span class='ocrx_word' id='word_1_334' title='bbox 304 2985 336 3046; x_wconf 88' lang='lat' dir='ltr'><strong>id</strong></span> <span class='ocrx_word' id='word_1_335' title='bbox 361 2991 407 3046; x_wconf 89' lang='lat' dir='ltr'><strong>est</strong></span> <span class='ocrx_word' id='word_1_336' title='bbox 429 2986 605 3061; x_wconf 75' lang='lat' dir='ltr'><strong>commistos,</strong></span> <span class='ocrx_word' id='word_1_337' title='bbox 628 2990 658 3047; x_wconf 87' lang='lat' dir='ltr'><strong>et</strong></span> <span class='ocrx_word' id='word_1_338' title='bbox 672 2991 858 3065; x_wconf 82' lang='lat' dir='ltr'><strong>temperatos.</strong></span> <span class='ocrx_word' id='word_1_339' title='bbox 908 2995 994 3067; x_wconf 88' lang='lat' dir='ltr'><strong>runt,</strong></span> <span class='ocrx_word' id='word_1_340' title='bbox 1020 2994 1051 3050; x_wconf 89' lang='lat' dir='ltr'><strong>et</strong></span> <span class='ocrx_word' id='word_1_341' title='bbox 1077 2988 1161 3068; x_wconf 91' lang='lat' dir='ltr'><strong>quod</strong></span> <span class='ocrx_word' id='word_1_342' title='bbox 1189 2987 1311 3067; x_wconf 87' lang='lat' dir='ltr'><strong>utrique</strong></span> <span class='ocrx_word' id='word_1_343' title='bbox 1337 2989 1498 3069; x_wconf 88' lang='lat' dir='ltr'><strong>proprium</strong></span> <span class='ocrx_word' id='word_1_344' title='bbox 1522 2993 1568 3048; x_wconf 90' lang='lat' dir='ltr'><strong>est</strong></span> <span class='ocrx_word' id='word_1_345' title='bbox 1590 2986 1676 3048; x_wconf 86' lang='lat' dir='ltr'><strong>velut</strong></span> 
     </span>
     <span class='ocr_line' id='line_1_30' title="bbox 104 3075 1679 3161; baseline 0.003 -26"><span class='ocrx_word' id='word_1_346' title='bbox 104 3075 175 3138; x_wconf 84' lang='lat' dir='ltr'><strong>ldem</strong></span> <span class='ocrx_word' id='word_1_347' title='bbox 189 3078 219 3139; x_wconf 84' lang='lat' dir='ltr'><strong>io</strong></span> <span class='ocrx_word' id='word_1_348' title='bbox 236 3077 383 3142; x_wconf 74' lang='lat' dir='ltr'><strong>Carmine</strong></span> <span class='ocrx_word' id='word_1_349' title='bbox 404 3076 439 3138; x_wconf 84' lang='lat' dir='ltr'><strong>de</strong></span> <span class='ocrx_word' id='word_1_350' title='bbox 462 3077 524 3137; x_wconf 87' lang='lat' dir='ltr'><strong>vito</strong></span> <span class='ocrx_word' id='word_1_351' title='bbox 549 3096 613 3153; x_wconf 84' lang='lat' dir='ltr'><strong>suo,</strong></span> <span class='ocrx_word' id='word_1_352' title='bbox 644 3098 660 3135; x_wconf 84' lang='grc' dir='ltr'><strong>(ι</strong></span> <span class='ocrx_word' id='word_1_353' title='bbox 688 3078 745 3138; x_wconf 90' lang='lat' dir='ltr'><strong>Dei</strong></span> <span class='ocrx_word' id='word_1_354' title='bbox 766 3079 860 3140; x_wconf 87' lang='lat' dir='ltr'><strong>Verbi</strong></span> <span class='ocrx_word' id='word_1_355' title='bbox 909 3081 991 3142; x_wconf 86' lang='lat' dir='ltr'><strong>inter</strong></span> <span class='ocrx_word' id='word_1_356' title='bbox 1004 3099 1036 3141; x_wconf 90' lang='lat' dir='ltr'><strong>se</strong></span> <span class='ocrx_word' id='word_1_357' title='bbox 1050 3085 1401 3161; x_wconf 83' lang='lat' dir='ltr'><strong>mutuotemperaruuti.</strong></span> <span class='ocrx_word' id='word_1_358' title='bbox 1416 3080 1521 3141; x_wconf 83' lang='lat' dir='ltr'><strong>nEtin</strong></span> <span class='ocrx_word' id='word_1_359' title='bbox 1535 3077 1679 3140; x_wconf 80' lang='lat' dir='ltr'><strong>Poseltoli</strong></span> 
     </span>
     <span class='ocr_line' id='line_1_31' title="bbox 102 3167 1676 3252; baseline -0.001 -18"><span class='ocrx_word' id='word_1_360' title='bbox 102 3177 173 3246; x_wconf 65' lang='grc' dir='ltr'><strong>πρίων</strong></span> <span class='ocrx_word' id='word_1_361' title='bbox 185 3170 324 3251; x_wconf 79' lang='lat' dir='ltr'><strong>appellnt</strong></span> <span class='ocrx_word' id='word_1_362' title='bbox 335 3187 407 3230; x_wconf 81' lang='lat' dir='ltr'><strong>cum</strong></span> <span class='ocrx_word' id='word_1_363' title='bbox 417 3174 523 3230; x_wconf 79' lang='lat' dir='ltr'><strong>nostra</strong></span> <span class='ocrx_word' id='word_1_364' title='bbox 537 3167 655 3230; x_wconf 67' lang='lat' dir='ltr'><strong>carnel.</strong></span> <span class='ocrx_word' id='word_1_365' title='bbox 671 3189 687 3225; x_wconf 78' lang='lat' dir='ltr'><strong>a</strong></span> <span class='ocrx_word' id='word_1_366' title='bbox 910 3179 1027 3247; x_wconf 82' lang='lat' dir='ltr'><strong>octava,</strong></span> <span class='ocrx_word' id='word_1_367' title='bbox 1042 3195 1058 3231; x_wconf 82' lang='lat' dir='ltr'><strong>o</strong></span> <span class='ocrx_word' id='word_1_368' title='bbox 1067 3191 1169 3252; x_wconf 88' lang='lat' dir='ltr'><strong>neque</strong></span> <span class='ocrx_word' id='word_1_369' title='bbox 1179 3173 1280 3234; x_wconf 79' lang='lat' dir='ltr'><strong>verbis</strong></span> <span class='ocrx_word' id='word_1_370' title='bbox 1289 3172 1446 3252; x_wconf 85' lang='lat' dir='ltr'><strong>explicari,</strong></span> <span class='ocrx_word' id='word_1_371' title='bbox 1457 3190 1558 3251; x_wconf 91' lang='lat' dir='ltr'><strong>neque</strong></span> <span class='ocrx_word' id='word_1_372' title='bbox 1573 3177 1676 3233; x_wconf 88' lang='lat' dir='ltr'><strong>mente</strong></span> 
     </span>
     <span class='ocr_line' id='line_1_32' title="bbox 136 3260 1676 3345; baseline 0.001 -23"><span class='ocrx_word' id='word_1_373' title='bbox 136 3261 206 3334; x_wconf 80' lang='lat' dir='ltr'><strong>Quin</strong></span> <span class='ocrx_word' id='word_1_374' title='bbox 221 3261 365 3341; x_wconf 81' lang='lat' dir='ltr'><strong>cyrillus</strong></span> <span class='ocrx_word' id='word_1_375' title='bbox 377 3262 460 3341; x_wconf 90' lang='lat' dir='ltr'><strong>ipse,</strong></span> <span class='ocrx_word' id='word_1_376' title='bbox 480 3279 607 3322; x_wconf 83' lang='lat' dir='ltr'><strong>sunum</strong></span> <span class='ocrx_word' id='word_1_377' title='bbox 628 3278 693 3322; x_wconf 88' lang='lat' dir='ltr'><strong>esse</strong></span> <span class='ocrx_word' id='word_1_378' title='bbox 706 3260 861 3322; x_wconf 81' lang='lat' dir='ltr'><strong>OErristum</strong></span> <span class='ocrx_word' id='word_1_379' title='bbox 910 3265 1026 3345; x_wconf 90' lang='lat' dir='ltr'><strong>percipi</strong></span> <span class='ocrx_word' id='word_1_380' title='bbox 1058 3266 1187 3325; x_wconf 87' lang='lat' dir='ltr'><strong>omnino</strong></span> <span class='ocrx_word' id='word_1_381' title='bbox 1214 3283 1303 3343; x_wconf 89' lang='lat' dir='ltr'><strong>posse</strong></span> <span class='ocrx_word' id='word_1_382' title='bbox 1331 3264 1405 3325; x_wconf 89' lang='lat' dir='ltr'><strong>dicit</strong></span> <span class='ocrx_word' id='word_1_383' title='bbox 1430 3264 1559 3325; x_wconf 88' lang='lat' dir='ltr'><strong>modum</strong></span> <span class='ocrx_word' id='word_1_384' title='bbox 1586 3263 1676 3324; x_wconf 89' lang='lat' dir='ltr'><strong>illum</strong></span> 
     </span>
     <span class='ocr_line' id='line_1_33' title="bbox 102 3352 1676 3436; baseline 0.002 -23"><span class='ocrx_word' id='word_1_385' title='bbox 102 3355 195 3415; x_wconf 77' lang='lat' dir='ltr'><strong>escrit</strong></span> <span class='ocrx_word' id='word_1_386' title='bbox 206 3372 245 3417; x_wconf 85' lang='lat' dir='ltr'><strong>ex</strong></span> <span class='ocrx_word' id='word_1_387' title='bbox 258 3354 402 3415; x_wconf 83' lang='lat' dir='ltr'><strong>humanu</strong></span> <span class='ocrx_word' id='word_1_388' title='bbox 413 3358 534 3427; x_wconf 80' lang='lat' dir='ltr'><strong>ustura,</strong></span> <span class='ocrx_word' id='word_1_389' title='bbox 551 3357 582 3413; x_wconf 89' lang='lat' dir='ltr'><strong>et</strong></span> <span class='ocrx_word' id='word_1_390' title='bbox 590 3354 653 3414; x_wconf 87' lang='lat' dir='ltr'><strong>Deo</strong></span> <span class='ocrx_word' id='word_1_391' title='bbox 666 3352 768 3413; x_wconf 89' lang='lat' dir='ltr'><strong>Verbo</strong></span> <span class='ocrx_word' id='word_1_392' title='bbox 781 3358 860 3413; x_wconf 87' lang='lat' dir='ltr'><strong>tcm-</strong></span> <span class='ocrx_word' id='word_1_393' title='bbox 908 3352 1171 3436; x_wconf 47' lang='lat' dir='ltr'><strong>temperationis&amp;</strong></span> <span class='ocrx_word' id='word_1_394' title='bbox 1196 3378 1212 3414; x_wconf 86' lang='lat' dir='ltr'><strong>n</strong></span> <span class='ocrx_word' id='word_1_395' title='bbox 1234 3357 1313 3418; x_wconf 88' lang='lat' dir='ltr'><strong>Usus</strong></span> <span class='ocrx_word' id='word_1_396' title='bbox 1326 3362 1372 3417; x_wconf 89' lang='lat' dir='ltr'><strong>est</strong></span> <span class='ocrx_word' id='word_1_397' title='bbox 1389 3360 1419 3416; x_wconf 88' lang='lat' dir='ltr'><strong>et</strong></span> <span class='ocrx_word' id='word_1_398' title='bbox 1433 3354 1626 3435; x_wconf 81' lang='lat' dir='ltr'><strong>Sophronias</strong></span> <span class='ocrx_word' id='word_1_399' title='bbox 1643 3355 1676 3416; x_wconf 90' lang='lat' dir='ltr'><strong>in</strong></span> 
     </span>
     <span class='ocr_line' id='line_1_34' title="bbox 103 3444 1677 3526; baseline -0.001 -19"><span class='ocrx_word' id='word_1_400' title='bbox 103 3452 243 3522; x_wconf 81' lang='lat' dir='ltr'><strong>peratum.</strong></span> <span class='ocrx_word' id='word_1_401' title='bbox 278 3467 295 3504; x_wconf 85' lang='lat' dir='ltr'><strong>n</strong></span> <span class='ocrx_word' id='word_1_402' title='bbox 325 3445 420 3506; x_wconf 83' lang='lat' dir='ltr'><strong>Addit</strong></span> <span class='ocrx_word' id='word_1_403' title='bbox 450 3451 571 3520; x_wconf 86' lang='lat' dir='ltr'><strong>tamen,</strong></span> <span class='ocrx_word' id='word_1_404' title='bbox 608 3444 691 3524; x_wconf 89' lang='lat' dir='ltr'><strong>quod</strong></span> <span class='ocrx_word' id='word_1_405' title='bbox 725 3445 861 3506; x_wconf 89' lang='lat' dir='ltr'><strong>nominis</strong></span> <span class='ocrx_word' id='word_1_406' title='bbox 909 3444 1089 3526; x_wconf 82' lang='lat' dir='ltr'><strong>epistolsod</strong></span> <span class='ocrx_word' id='word_1_407' title='bbox 1115 3444 1278 3526; x_wconf 77' lang='lat' dir='ltr'><strong>Serpiom².</strong></span> <span class='ocrx_word' id='word_1_408' title='bbox 1309 3445 1360 3506; x_wconf 85' lang='lat' dir='ltr'><strong>Sic</strong></span> <span class='ocrx_word' id='word_1_409' title='bbox 1387 3461 1503 3505; x_wconf 90' lang='lat' dir='ltr'><strong>nomen</strong></span> <span class='ocrx_word' id='word_1_410' title='bbox 1522 3453 1677 3524; x_wconf 72' lang='grc' dir='ltr'>συγκράσεως</span> 
     </span>
     <span class='ocr_line' id='line_1_35' title="bbox 101 3534 1679 3617; baseline 0 -21"><span class='ocrx_word' id='word_1_411' title='bbox 101 3534 234 3600; x_wconf 80' lang='lat' dir='ltr'><strong>invidiam</strong></span> <span class='ocrx_word' id='word_1_412' title='bbox 262 3537 405 3599; x_wconf 83' lang='lat' dir='ltr'><strong>molliat:</strong></span> <span class='ocrx_word' id='word_1_413' title='bbox 429 3537 531 3597; x_wconf 75' lang='lat' dir='ltr'><strong>«Non</strong></span> <span class='ocrx_word' id='word_1_414' title='bbox 544 3536 588 3597; x_wconf 79' lang='lat' dir='ltr'><strong>its</strong></span> <span class='ocrx_word' id='word_1_415' title='bbox 601 3542 707 3598; x_wconf 84' lang='lat' dir='ltr'><strong>tumen</strong></span> <span class='ocrx_word' id='word_1_416' title='bbox 721 3537 800 3597; x_wconf 90' lang='lat' dir='ltr'><strong>utin</strong></span> <span class='ocrx_word' id='word_1_417' title='bbox 814 3538 857 3612; x_wconf 92' lang='lat' dir='ltr'><strong>id,</strong></span> <span class='ocrx_word' id='word_1_418' title='bbox 911 3538 1071 3617; x_wconf 81' lang='lat' dir='ltr'><strong>usurpavit</strong></span> <span class='ocrx_word' id='word_1_419' title='bbox 1082 3538 1249 3612; x_wconf 79' lang='lat' dir='ltr'><strong>Gregorius</strong></span> <span class='ocrx_word' id='word_1_420' title='bbox 1260 3535 1625 3615; x_wconf 82' lang='lat' dir='ltr'><strong>stiuuzenusinpriore</strong></span> <span class='ocrx_word' id='word_1_421' title='bbox 1638 3534 1679 3596; x_wconf 84' lang='lat' dir='ltr'><strong>od</strong></span> 
     </span>
     <span class='ocr_line' id='line_1_36' title="bbox 101 3627 1676 3708; baseline -0.002 -18"><span class='ocrx_word' id='word_1_422' title='bbox 101 3630 245 3706; x_wconf 87' lang='lat' dir='ltr'><strong>quodnon</strong></span> <span class='ocrx_word' id='word_1_423' title='bbox 270 3635 348 3707; x_wconf 83' lang='lat' dir='ltr'><strong>erat,</strong></span> <span class='ocrx_word' id='word_1_424' title='bbox 366 3629 524 3689; x_wconf 89' lang='lat' dir='ltr'><strong>conversio</strong></span> <span class='ocrx_word' id='word_1_425' title='bbox 541 3628 621 3690; x_wconf 76' lang='grc' dir='ltr'><strong>ίοοίιι</strong></span> <span class='ocrx_word' id='word_1_426' title='bbox 641 3630 698 3690; x_wconf 88' lang='lat' dir='ltr'><strong>sit:</strong></span> <span class='ocrx_word' id='word_1_427' title='bbox 724 3629 777 3689; x_wconf 88' lang='lat' dir='ltr'><strong>sed</strong></span> <span class='ocrx_word' id='word_1_428' title='bbox 790 3628 860 3691; x_wconf 90' lang='lat' dir='ltr'><strong>ideo</strong></span> <span class='ocrx_word' id='word_1_429' title='bbox 911 3628 1082 3692; x_wconf 84' lang='lat' dir='ltr'><strong>Cledooium</strong></span> <span class='ocrx_word' id='word_1_430' title='bbox 1104 3627 1254 3708; x_wconf 84' lang='lat' dir='ltr'><strong>epistole:</strong></span> <span class='ocrx_word' id='word_1_431' title='bbox 1279 3629 1333 3708; x_wconf 88' lang='lat' dir='ltr'><strong>qui</strong></span> <span class='ocrx_word' id='word_1_432' title='bbox 1355 3628 1441 3689; x_wconf 91' lang='lat' dir='ltr'><strong>locus</strong></span> <span class='ocrx_word' id='word_1_433' title='bbox 1466 3627 1500 3690; x_wconf 91' lang='lat' dir='ltr'><strong>iu</strong></span> <span class='ocrx_word' id='word_1_434' title='bbox 1521 3628 1676 3707; x_wconf 82' lang='lat' dir='ltr'><strong>Ephesius</strong></span> 
     </span>
     <span class='ocr_line' id='line_1_37' title="bbox 100 3719 1675 3802; baseline -0.003 -18"><span class='ocrx_word' id='word_1_435' title='bbox 100 3722 191 3797; x_wconf 82' lang='lat' dir='ltr'><strong>quode</strong></span> <span class='ocrx_word' id='word_1_436' title='bbox 202 3722 335 3801; x_wconf 81' lang='lat' dir='ltr'><strong>Virgine</strong></span> <span class='ocrx_word' id='word_1_437' title='bbox 345 3720 498 3800; x_wconf 89' lang='lat' dir='ltr'><strong>templum</strong></span> <span class='ocrx_word' id='word_1_438' title='bbox 513 3722 752 3802; x_wconf 77' lang='lat' dir='ltr'><strong>assumpserit‘.o</strong></span> <span class='ocrx_word' id='word_1_439' title='bbox 763 3721 813 3782; x_wconf 86' lang='lat' dir='ltr'><strong>Sic</strong></span> <span class='ocrx_word' id='word_1_440' title='bbox 826 3723 860 3784; x_wconf 86' lang='lat' dir='ltr'><strong>in</strong></span> <span class='ocrx_word' id='word_1_441' title='bbox 908 3722 1028 3801; x_wconf 89' lang='lat' dir='ltr'><strong>synodo</strong></span> <span class='ocrx_word' id='word_1_442' title='bbox 1051 3721 1198 3783; x_wconf 84' lang='lat' dir='ltr'><strong>recitatus</strong></span> <span class='ocrx_word' id='word_1_443' title='bbox 1211 3726 1277 3782; x_wconf 88' lang='lat' dir='ltr'><strong>est:</strong></span> <span class='ocrx_word' id='word_1_444' title='bbox 1302 3721 1359 3783; x_wconf 91' lang='lat' dir='ltr'><strong>ubi</strong></span> <span class='ocrx_word' id='word_1_445' title='bbox 1379 3719 1486 3781; x_wconf 75' lang='lat' dir='ltr'><strong>«duas</strong></span> <span class='ocrx_word' id='word_1_446' title='bbox 1500 3719 1535 3779; x_wconf 90' lang='lat' dir='ltr'><strong>in</strong></span> <span class='ocrx_word' id='word_1_447' title='bbox 1552 3719 1675 3779; x_wconf 80' lang='lat' dir='ltr'><strong>Christo</strong></span> 
     </span>
    </p>
   </div>
   <div class='ocr_carea' id='block_1_3' title="bbox 98 3894 1675 5132">
    <p class='ocr_par' dir='ltr' id='par_1_3' title="bbox 99 3894 1674 4056">
     <span class='ocr_line' id='line_1_38' title="bbox 127 3894 1673 3971; baseline -0.005 -18"><span class='ocrx_word' id='word_1_448' title='bbox 127 3899 291 3958; x_wconf 67' lang='lat' dir='ltr'><strong>uNtzlauz.</strong></span> <span class='ocrx_word' id='word_1_449' title='bbox 311 3898 364 3953; x_wconf 75' lang='lat' dir='ltr'><strong>&#39;its</strong></span> <span class='ocrx_word' id='word_1_450' title='bbox 384 3903 428 3968; x_wconf 78' lang='grc' dir='ltr'><strong>τῆς</strong></span> <span class='ocrx_word' id='word_1_451' title='bbox 446 3902 531 3967; x_wconf 78' lang='grc' dir='ltr'><strong>καινῆς</strong></span> <span class='ocrx_word' id='word_1_452' title='bbox 544 3898 640 3971; x_wconf 80' lang='grc' dir='ltr'><strong>μίξεως·</strong></span> <span class='ocrx_word' id='word_1_453' title='bbox 658 3900 736 3967; x_wconf 82' lang='grc' dir='ltr'><strong>ὢτῆς</strong></span> <span class='ocrx_word' id='word_1_454' title='bbox 750 3901 858 3971; x_wconf 82' lang='grc' dir='ltr'><strong>παραδθ·</strong></span> <span class='ocrx_word' id='word_1_455' title='bbox 942 3917 964 3971; x_wconf 74' lang='lat' dir='ltr'><em>q</em></span> <span class='ocrx_word' id='word_1_456' title='bbox 983 3902 1086 3955; x_wconf 74' lang='lat' dir='ltr'><strong>irritu.</strong></span> <span class='ocrx_word' id='word_1_457' title='bbox 1104 3905 1172 3955; x_wconf 82' lang='lat' dir='ltr'><strong>orat.</strong></span> <span class='ocrx_word' id='word_1_458' title='bbox 1189 3915 1206 3954; x_wconf 87' lang='lat' dir='ltr'>v</span> <span class='ocrx_word' id='word_1_459' title='bbox 1221 3904 1295 3954; x_wconf 75' lang='lat' dir='ltr'><strong>cotil-</strong></span> <span class='ocrx_word' id='word_1_460' title='bbox 1311 3894 1583 3954; x_wconf 69' lang='lat' dir='ltr'><strong>Artoo.⁰flvutattt</strong></span> <span class='ocrx_word' id='word_1_461' title='bbox 1599 3896 1673 3966; x_wconf 81' lang='grc' dir='ltr'><strong>ριλαν</strong></span> 
     </span>
     <span class='ocr_line' id='line_1_39' title="bbox 99 3977 1674 4056; baseline -0.006 -16"><span class='ocrx_word' id='word_1_462' title='bbox 99 3979 132 4040; x_wconf 68' lang='grc' dir='ltr'><strong>ίω</strong></span> <span class='ocrx_word' id='word_1_463' title='bbox 140 3984 251 4053; x_wconf 68' lang='grc' dir='ltr'><strong>φάσεως.</strong></span> <span class='ocrx_word' id='word_1_464' title='bbox 907 3982 1009 4055; x_wconf 81' lang='grc' dir='ltr'><strong>θρώπως</strong></span> <span class='ocrx_word' id='word_1_465' title='bbox 1020 3983 1091 4056; x_wconf 73' lang='grc' dir='ltr'><strong>ἡμῖν,</strong></span> <span class='ocrx_word' id='word_1_466' title='bbox 1104 3983 1148 4051; x_wconf 73' lang='grc' dir='ltr'><strong>τὴν</strong></span> <span class='ocrx_word' id='word_1_467' title='bbox 1159 3982 1271 4055; x_wconf 75' lang='grc' dir='ltr'><strong>ἀπαρχὴν</strong></span> <span class='ocrx_word' id='word_1_468' title='bbox 1284 3980 1354 4052; x_wconf 75' lang='grc' dir='ltr'><strong>ἡμῶν</strong></span> <span class='ocrx_word' id='word_1_469' title='bbox 1367 3981 1530 4053; x_wconf 74' lang='grc' dir='ltr'><strong>περιθέμενος,</strong></span> <span class='ocrx_word' id='word_1_470' title='bbox 1545 3977 1586 4031; x_wconf 81' lang='grc' dir='ltr'><strong>καί</strong></span> <span class='ocrx_word' id='word_1_471' title='bbox 1599 3978 1674 4051; x_wconf 69' lang='lat' dir='ltr'><strong>tois-y</strong></span> 
     </span>
    </p>

    <p class='ocr_par' dir='ltr' id='par_1_4' title="bbox 128 4064 1058 4139">
     <span class='ocr_line' id='line_1_40' title="bbox 128 4064 1058 4139; baseline -0.001 -19"><span class='ocrx_word' id='word_1_472' title='bbox 128 4064 143 4120; x_wconf 87' lang='grc' dir='ltr'><strong>θ</strong></span> <span class='ocrx_word' id='word_1_473' title='bbox 158 4066 196 4121; x_wconf 89' lang='lat' dir='ltr'><strong>ld.</strong></span> <span class='ocrx_word' id='word_1_474' title='bbox 217 4066 270 4129; x_wconf 84' lang='grc' dir='ltr'><strong>Ὃς</strong></span> <span class='ocrx_word' id='word_1_475' title='bbox 280 4065 324 4133; x_wconf 78' lang='grc' dir='ltr'><strong>τὴν</strong></span> <span class='ocrx_word' id='word_1_476' title='bbox 339 4066 398 4137; x_wconf 74' lang='grc' dir='ltr'><strong>πρὸς</strong></span> <span class='ocrx_word' id='word_1_477' title='bbox 408 4065 472 4138; x_wconf 77' lang='grc' dir='ltr'><strong>ἡμᾶς</strong></span> <span class='ocrx_word' id='word_1_478' title='bbox 485 4069 530 4119; x_wconf 77' lang='grc' dir='ltr'><strong>τοῦ</strong></span> <span class='ocrx_word' id='word_1_479' title='bbox 543 4065 598 4118; x_wconf 75' lang='grc' dir='ltr'><strong>θεοῦ</strong></span> <span class='ocrx_word' id='word_1_480' title='bbox 612 4065 688 4136; x_wconf 81' lang='grc' dir='ltr'><strong>λόγου</strong></span> <span class='ocrx_word' id='word_1_481' title='bbox 700 4068 796 4137; x_wconf 80' lang='grc' dir='ltr'><strong>κρᾶσιν.</strong></span> <span class='ocrx_word' id='word_1_482' title='bbox 907 4065 1058 4139; x_wconf 85' lang='grc' dir='ltr'><strong>ἀνακραθείς.</strong></span> 
     </span>
    </p>

    <p class='ocr_par' dir='ltr' id='par_1_5' title="bbox 98 4142 1675 4469">
     <span class='ocr_line' id='line_1_41' title="bbox 128 4142 1675 4220; baseline -0.004 -19"><span class='ocrx_word' id='word_1_483' title='bbox 128 4149 265 4205; x_wconf 74' lang='grc' dir='ltr'><strong>αθῐιιιι..</strong></span> <span class='ocrx_word' id='word_1_484' title='bbox 286 4147 333 4203; x_wconf 87' lang='lat' dir='ltr'><strong>lib.</strong></span> <span class='ocrx_word' id='word_1_485' title='bbox 360 4149 406 4204; x_wconf 84' lang='lat' dir='ltr'><strong>XX</strong></span> <span class='ocrx_word' id='word_1_486' title='bbox 425 4147 505 4204; x_wconf 77' lang='lat' dir='ltr'><strong>Titos.</strong></span> <span class='ocrx_word' id='word_1_487' title='bbox 527 4142 570 4210; x_wconf 82' lang='grc' dir='ltr'><strong>Είς</strong></span> <span class='ocrx_word' id='word_1_488' title='bbox 584 4147 631 4220; x_wconf 78' lang='grc' dir='ltr'><strong>ηάρ</strong></span> <span class='ocrx_word' id='word_1_489' title='bbox 646 4148 660 4200; x_wconf 87' lang='grc' dir='ltr'><strong>θ</strong></span> <span class='ocrx_word' id='word_1_490' title='bbox 673 4147 775 4220; x_wconf 81' lang='grc' dir='ltr'><strong>Χριστθς</strong></span> <span class='ocrx_word' id='word_1_491' title='bbox 790 4147 816 4201; x_wconf 82' lang='grc' dir='ltr'><strong>ἔκ</strong></span> <span class='ocrx_word' id='word_1_492' title='bbox 830 4168 857 4203; x_wconf 90' lang='grc' dir='ltr'><strong>τε</strong></span> <span class='ocrx_word' id='word_1_493' title='bbox 942 4148 962 4202; x_wconf 80' lang='lat' dir='ltr'><strong>le</strong></span> <span class='ocrx_word' id='word_1_494' title='bbox 980 4150 1058 4207; x_wconf 76' lang='lat' dir='ltr'><strong>Nrss.</strong></span> <span class='ocrx_word' id='word_1_495' title='bbox 1076 4148 1125 4204; x_wconf 86' lang='lat' dir='ltr'><strong>lib.</strong></span> <span class='ocrx_word' id='word_1_496' title='bbox 1146 4150 1155 4203; x_wconf 97' lang='grc' dir='ltr'>Ι</span> <span class='ocrx_word' id='word_1_497' title='bbox 1181 4154 1256 4204; x_wconf 81' lang='lat' dir='ltr'><strong>cotti.</strong></span> <span class='ocrx_word' id='word_1_498' title='bbox 1272 4151 1350 4203; x_wconf 77' lang='lat' dir='ltr'><strong>Eutt.</strong></span> <span class='ocrx_word' id='word_1_499' title='bbox 1370 4146 1442 4201; x_wconf 87' lang='grc' dir='ltr'><strong>Οθτω</strong></span> <span class='ocrx_word' id='word_1_500' title='bbox 1456 4143 1612 4215; x_wconf 83' lang='grc' dir='ltr'><strong>συνανεκρίθη</strong></span> <span class='ocrx_word' id='word_1_501' title='bbox 1626 4143 1675 4216; x_wconf 79' lang='grc' dir='ltr'><strong>θεῷ</strong></span> 
     </span>
     <span class='ocr_line' id='line_1_42' title="bbox 99 4226 1674 4304; baseline -0.006 -17"><span class='ocrx_word' id='word_1_502' title='bbox 99 4226 285 4300; x_wconf 47' lang='lat' dir='ltr'><strong>tumesco,</strong></span> <span class='ocrx_word' id='word_1_503' title='bbox 298 4230 339 4283; x_wconf 84' lang='grc' dir='ltr'><strong>καί</strong></span> <span class='ocrx_word' id='word_1_504' title='bbox 352 4232 408 4284; x_wconf 78' lang='grc' dir='ltr'><strong>θεοῦ</strong></span> <span class='ocrx_word' id='word_1_505' title='bbox 419 4231 495 4302; x_wconf 77' lang='grc' dir='ltr'><strong>λόγου</strong></span> <span class='ocrx_word' id='word_1_506' title='bbox 507 4232 690 4304; x_wconf 71' lang='grc' dir='ltr'><strong>κεκυρωμένος,</strong></span> <span class='ocrx_word' id='word_1_507' title='bbox 708 4230 753 4283; x_wconf 76' lang='lat' dir='ltr'><strong>olna</strong></span> <span class='ocrx_word' id='word_1_508' title='bbox 771 4229 798 4284; x_wconf 80' lang='grc' dir='ltr'><strong>ἐκ</strong></span> <span class='ocrx_word' id='word_1_509' title='bbox 812 4236 855 4284; x_wconf 84' lang='grc' dir='ltr'><strong>τοῦ</strong></span> <span class='ocrx_word' id='word_1_510' title='bbox 906 4231 936 4284; x_wconf 83' lang='grc' dir='ltr'><strong>τθ</strong></span> <span class='ocrx_word' id='word_1_511' title='bbox 945 4231 1107 4304; x_wconf 80' lang='grc' dir='ltr'><strong>ἀνθρώπινον,</strong></span> <span class='ocrx_word' id='word_1_512' title='bbox 1119 4226 1164 4285; x_wconf 72' lang='grc' dir='ltr'><strong>τοῦ</strong></span> <span class='ocrx_word' id='word_1_513' title='bbox 1177 4231 1348 4303; x_wconf 77' lang='grc' dir='ltr'><strong>κατάίίριστθν</strong></span> <span class='ocrx_word' id='word_1_514' title='bbox 1356 4229 1483 4301; x_wconf 81' lang='grc' dir='ltr'><strong>ἀνθρώπου</strong></span> <span class='ocrx_word' id='word_1_515' title='bbox 1492 4226 1537 4294; x_wconf 81' lang='grc' dir='ltr'><strong>τὴν</strong></span> <span class='ocrx_word' id='word_1_516' title='bbox 1552 4227 1674 4299; x_wconf 76' lang='grc' dir='ltr'><strong>μεσιτείαν</strong></span> 
     </span>
     <span class='ocr_line' id='line_1_43' title="bbox 98 4309 1673 4387; baseline -0.004 -19"><span class='ocrx_word' id='word_1_517' title='bbox 98 4314 213 4384; x_wconf 68' lang='grc' dir='ltr'><strong>τετράφθαι</strong></span> <span class='ocrx_word' id='word_1_518' title='bbox 221 4316 287 4387; x_wconf 77' lang='grc' dir='ltr'><strong>πρὸς</strong></span> <span class='ocrx_word' id='word_1_519' title='bbox 299 4315 359 4385; x_wconf 82' lang='grc' dir='ltr'><strong>θτερ</strong></span> <span class='ocrx_word' id='word_1_520' title='bbox 373 4313 418 4367; x_wconf 86' lang='grc' dir='ltr'><strong>οθκ</strong></span> <span class='ocrx_word' id='word_1_521' title='bbox 430 4311 471 4383; x_wconf 74' lang='grc' dir='ltr'><strong>ἦν,</strong></span> <span class='ocrx_word' id='word_1_522' title='bbox 487 4312 543 4367; x_wconf 85' lang='grc' dir='ltr'><strong>ἀλλ’</strong></span> <span class='ocrx_word' id='word_1_523' title='bbox 556 4312 582 4368; x_wconf 78' lang='grc' dir='ltr'><strong>ἐκ</strong></span> <span class='ocrx_word' id='word_1_524' title='bbox 599 4319 643 4369; x_wconf 76' lang='grc' dir='ltr'><strong>τοῦ</strong></span> <span class='ocrx_word' id='word_1_525' title='bbox 656 4313 801 4385; x_wconf 78' lang='grc' dir='ltr'><strong>προσλαθείν</strong></span> <span class='ocrx_word' id='word_1_526' title='bbox 816 4313 857 4368; x_wconf 83' lang='grc' dir='ltr'><strong>τθν</strong></span> <span class='ocrx_word' id='word_1_527' title='bbox 907 4311 1082 4387; x_wconf 75' lang='grc' dir='ltr'><strong>ἐργασαμένου.</strong></span> <span class='ocrx_word' id='word_1_528' title='bbox 1099 4309 1120 4385; x_wconf 82' lang='grc' dir='ltr'><em>ᾧ</em></span> <span class='ocrx_word' id='word_1_529' title='bbox 1136 4313 1177 4366; x_wconf 82' lang='grc' dir='ltr'><strong>διὰ</strong></span> <span class='ocrx_word' id='word_1_530' title='bbox 1189 4317 1233 4380; x_wconf 81' lang='grc' dir='ltr'><strong>τῆς</strong></span> <span class='ocrx_word' id='word_1_531' title='bbox 1246 4312 1423 4383; x_wconf 74' lang='grc' dir='ltr'><strong>ἀναληφθείσης</strong></span> <span class='ocrx_word' id='word_1_532' title='bbox 1435 4310 1496 4383; x_wconf 75' lang='grc' dir='ltr'><strong>ἡμῖν</strong></span> <span class='ocrx_word' id='word_1_533' title='bbox 1509 4309 1596 4382; x_wconf 79' lang='grc' dir='ltr'><strong>ἀρχῆς,</strong></span> <span class='ocrx_word' id='word_1_534' title='bbox 1614 4310 1673 4362; x_wconf 88' lang='grc' dir='ltr'><strong>θλον</strong></span> 
     </span>
     <span class='ocr_line' id='line_1_44' title="bbox 99 4389 1389 4469; baseline 0.001 -22"><span class='ocrx_word' id='word_1_535' title='bbox 99 4389 242 4466; x_wconf 80' lang='grc' dir='ltr'><strong>θιταρθίνου</strong></span> <span class='ocrx_word' id='word_1_536' title='bbox 255 4400 328 4451; x_wconf 82' lang='grc' dir='ltr'><strong>ναόν.</strong></span> <span class='ocrx_word' id='word_1_537' title='bbox 906 4401 937 4469; x_wconf 71' lang='grc' dir='ltr'><strong>τῇ</strong></span> <span class='ocrx_word' id='word_1_538' title='bbox 949 4399 1049 4469; x_wconf 78' lang='grc' dir='ltr'><strong>δυνάμει</strong></span> <span class='ocrx_word' id='word_1_539' title='bbox 1064 4398 1227 4469; x_wconf 85' lang='grc' dir='ltr'><strong>συνανεκράθη</strong></span> <span class='ocrx_word' id='word_1_540' title='bbox 1241 4396 1270 4449; x_wconf 75' lang='lat' dir='ltr'><strong>rb</strong></span> <span class='ocrx_word' id='word_1_541' title='bbox 1281 4395 1389 4468; x_wconf 85' lang='grc' dir='ltr'><strong>ριίραμα.</strong></span> 
     </span>
    </p>

    <p class='ocr_par' dir='ltr' id='par_1_6' title="bbox 100 4476 1674 4635">
     <span class='ocr_line' id='line_1_45' title="bbox 127 4476 1674 4550; baseline -0.003 -18"><span class='ocrx_word' id='word_1_542' title='bbox 127 4476 147 4532; x_wconf 77' lang='lat' dir='ltr'><strong>d</strong></span> <span class='ocrx_word' id='word_1_543' title='bbox 162 4482 262 4536; x_wconf 67' lang='lat' dir='ltr'><strong>Canis.</strong></span> <span class='ocrx_word' id='word_1_544' title='bbox 279 4484 312 4536; x_wconf 76' lang='lat' dir='ltr'><strong>its</strong></span> <span class='ocrx_word' id='word_1_545' title='bbox 326 4479 428 4550; x_wconf 72' lang='lat' dir='ltr'><strong>Ecloq.</strong></span> <span class='ocrx_word' id='word_1_546' title='bbox 443 4483 582 4537; x_wconf 79' lang='lat' dir='ltr'><strong>Damaso.</strong></span> <span class='ocrx_word' id='word_1_547' title='bbox 604 4479 645 4536; x_wconf 82' lang='lat' dir='ltr'><strong>tit.</strong></span> <span class='ocrx_word' id='word_1_548' title='bbox 662 4479 733 4535; x_wconf 83' lang='lat' dir='ltr'><strong>Xlll.</strong></span> <span class='ocrx_word' id='word_1_549' title='bbox 753 4480 857 4548; x_wconf 81' lang='grc' dir='ltr'><strong>Θεθτητι</strong></span> <span class='ocrx_word' id='word_1_550' title='bbox 941 4482 954 4534; x_wconf 84' lang='grc' dir='ltr'><strong>τ’</strong></span> <span class='ocrx_word' id='word_1_551' title='bbox 972 4478 1012 4534; x_wconf 90' lang='lat' dir='ltr'><strong>ld.</strong></span> <span class='ocrx_word' id='word_1_552' title='bbox 1030 4479 1093 4534; x_wconf 78' lang='lat' dir='ltr'><strong>cot.</strong></span> <span class='ocrx_word' id='word_1_553' title='bbox 1113 4495 1173 4549; x_wconf 85' lang='lat' dir='ltr'><strong>cup.</strong></span> <span class='ocrx_word' id='word_1_554' title='bbox 1189 4495 1218 4534; x_wconf 89' lang='lat'><strong>11.</strong></span> <span class='ocrx_word' id='word_1_555' title='bbox 1238 4479 1286 4532; x_wconf 88' lang='grc' dir='ltr'><strong>Τθν</strong></span> <span class='ocrx_word' id='word_1_556' title='bbox 1303 4477 1330 4530; x_wconf 80' lang='grc' dir='ltr'><strong>δὲ</strong></span> <span class='ocrx_word' id='word_1_557' title='bbox 1349 4481 1392 4544; x_wconf 79' lang='grc' dir='ltr'><strong>τῆς</strong></span> <span class='ocrx_word' id='word_1_558' title='bbox 1406 4477 1560 4549; x_wconf 77' lang='grc' dir='ltr'><strong>ἀνακράσεως</strong></span> <span class='ocrx_word' id='word_1_559' title='bbox 1571 4477 1674 4547; x_wconf 79' lang='grc' dir='ltr'><strong>τρόπον,</strong></span> 
     </span>
     <span class='ocr_line' id='line_1_46' title="bbox 100 4556 1673 4635; baseline -0.003 -20"><span class='ocrx_word' id='word_1_560' title='bbox 100 4557 320 4634; x_wconf 57' lang='lat' dir='ltr'><strong>diotpertum</strong></span> <span class='ocrx_word' id='word_1_561' title='bbox 328 4563 442 4635; x_wconf 80' lang='grc' dir='ltr'><strong>κεράσας.</strong></span> <span class='ocrx_word' id='word_1_562' title='bbox 906 4556 949 4616; x_wconf 77' lang='grc' dir='ltr'><strong>τοῦ</strong></span> <span class='ocrx_word' id='word_1_563' title='bbox 974 4562 1039 4616; x_wconf 86' lang='grc' dir='ltr'><strong>θείου</strong></span> <span class='ocrx_word' id='word_1_564' title='bbox 1054 4561 1113 4634; x_wconf 81' lang='grc' dir='ltr'><strong>πρθς</strong></span> <span class='ocrx_word' id='word_1_565' title='bbox 1139 4562 1169 4615; x_wconf 77' lang='grc' dir='ltr'><strong>τὸ</strong></span> <span class='ocrx_word' id='word_1_566' title='bbox 1192 4560 1352 4633; x_wconf 81' lang='grc' dir='ltr'><strong>ἀνθρώπινον,</strong></span> <span class='ocrx_word' id='word_1_567' title='bbox 1368 4561 1473 4614; x_wconf 76' lang='grc' dir='ltr'><strong>συνιδεῖν</strong></span> <span class='ocrx_word' id='word_1_568' title='bbox 1491 4558 1519 4612; x_wconf 88' lang='grc' dir='ltr'><strong>οθ</strong></span> <span class='ocrx_word' id='word_1_569' title='bbox 1533 4563 1673 4632; x_wconf 81' lang='grc' dir='ltr'><strong>χωροῦμεν.</strong></span> 
     </span>
    </p>

    <p class='ocr_par' dir='ltr' id='par_1_7' title="bbox 98 4639 1675 4882">
     <span class='ocr_line' id='line_1_47' title="bbox 128 4639 1672 4718; baseline -0.003 -20"><span class='ocrx_word' id='word_1_570' title='bbox 128 4658 142 4698; x_wconf 83' lang='lat' dir='ltr'><strong>e</strong></span> <span class='ocrx_word' id='word_1_571' title='bbox 158 4645 227 4701; x_wconf 67' lang='grc' dir='ltr'><strong>ΝΜ.</strong></span> <span class='ocrx_word' id='word_1_572' title='bbox 245 4662 308 4717; x_wconf 77' lang='grc' dir='ltr'><strong>(ιαμ.</strong></span> <span class='ocrx_word' id='word_1_573' title='bbox 324 4661 363 4700; x_wconf 83' lang='lat'><strong>111.</strong></span> <span class='ocrx_word' id='word_1_574' title='bbox 384 4646 431 4698; x_wconf 85' lang='grc' dir='ltr'><strong>ίίαὶ</strong></span> <span class='ocrx_word' id='word_1_575' title='bbox 444 4647 583 4717; x_wconf 84' lang='grc' dir='ltr'><strong>κακνθτερος</strong></span> <span class='ocrx_word' id='word_1_576' title='bbox 596 4639 668 4708; x_wconf 74' lang='grc' dir='ltr'><strong>οὗτος</strong></span> <span class='ocrx_word' id='word_1_577' title='bbox 685 4647 699 4699; x_wconf 85' lang='grc' dir='ltr'><strong>θ</strong></span> <span class='ocrx_word' id='word_1_578' title='bbox 713 4648 802 4718; x_wconf 80' lang='grc' dir='ltr'><strong>τρόπος</strong></span> <span class='ocrx_word' id='word_1_579' title='bbox 816 4651 859 4714; x_wconf 72' lang='grc' dir='ltr'><strong>της</strong></span> <span class='ocrx_word' id='word_1_580' title='bbox 906 4647 939 4702; x_wconf 83' lang='grc' dir='ltr'><strong>Εί</strong></span> <span class='ocrx_word' id='word_1_581' title='bbox 951 4661 1011 4716; x_wconf 81' lang='lat' dir='ltr'><strong>cap.</strong></span> <span class='ocrx_word' id='word_1_582' title='bbox 1027 4660 1113 4700; x_wconf 79' lang='lat' dir='ltr'><strong>xxvii.</strong></span> <span class='ocrx_word' id='word_1_583' title='bbox 1133 4643 1333 4716; x_wconf 80' lang='grc' dir='ltr'><strong>Ἀνακιρνάμενος</strong></span> <span class='ocrx_word' id='word_1_584' title='bbox 1347 4642 1426 4709; x_wconf 71' lang='lat' dir='ltr'><strong>dixit,</strong></span> <span class='ocrx_word' id='word_1_585' title='bbox 1446 4648 1474 4700; x_wconf 78' lang='lat' dir='ltr'><strong>ei</strong></span> <span class='ocrx_word' id='word_1_586' title='bbox 1487 4643 1672 4715; x_wconf 82' lang='grc' dir='ltr'><strong>οννανοίκρασιν.</strong></span> 
     </span>
     <span class='ocr_line' id='line_1_48' title="bbox 98 4724 1675 4803; baseline -0.003 -21"><span class='ocrx_word' id='word_1_587' title='bbox 98 4725 231 4794; x_wconf 49' lang='lat' dir='ltr'><strong>warch</strong></span> <span class='ocrx_word' id='word_1_588' title='bbox 246 4728 369 4789; x_wconf 76' lang='grc' dir='ltr'><strong>ἕνώσεως·</strong></span> <span class='ocrx_word' id='word_1_589' title='bbox 384 4728 425 4780; x_wconf 85' lang='grc' dir='ltr'><strong>καί</strong></span> <span class='ocrx_word' id='word_1_590' title='bbox 435 4730 555 4799; x_wconf 80' lang='grc' dir='ltr'><strong>κιρνᾶται,</strong></span> <span class='ocrx_word' id='word_1_591' title='bbox 569 4729 610 4781; x_wconf 79' lang='grc' dir='ltr'><strong>καί</strong></span> <span class='ocrx_word' id='word_1_592' title='bbox 621 4729 687 4800; x_wconf 87' lang='grc' dir='ltr'><strong>μένει</strong></span> <span class='ocrx_word' id='word_1_593' title='bbox 702 4730 857 4803; x_wconf 75' lang='grc' dir='ltr'><strong>παντάπασιν</strong></span> <span class='ocrx_word' id='word_1_594' title='bbox 937 4730 957 4798; x_wconf 84' lang='lat' dir='ltr'><strong><em>j</em></strong></span> <span class='ocrx_word' id='word_1_595' title='bbox 974 4730 1039 4783; x_wconf 67' lang='lat' dir='ltr'><strong>Ciu.</strong></span> <span class='ocrx_word' id='word_1_596' title='bbox 1057 4743 1100 4797; x_wconf 82' lang='lat' dir='ltr'><strong>ep.</strong></span> <span class='ocrx_word' id='word_1_597' title='bbox 1116 4742 1134 4781; x_wconf 91' lang='grc'><strong>1.</strong></span> <span class='ocrx_word' id='word_1_598' title='bbox 1155 4726 1513 4799; x_wconf 76' lang='grc' dir='ltr'><strong>Συνθεδραμηνιθτωνθὲθκσττερ</strong></span> <span class='ocrx_word' id='word_1_599' title='bbox 1525 4724 1558 4788; x_wconf 86' lang='grc' dir='ltr'><strong>είς</strong></span> <span class='ocrx_word' id='word_1_600' title='bbox 1570 4724 1675 4792; x_wconf 77' lang='grc' dir='ltr'><strong>ἑνότητα</strong></span> 
     </span>
     <span class='ocr_line' id='line_1_49' title="bbox 99 4803 1675 4882; baseline -0.001 -19"><span class='ocrx_word' id='word_1_601' title='bbox 99 4804 196 4874; x_wconf 63' lang='grc' dir='ltr'><strong>ἀραῖος,</strong></span> <span class='ocrx_word' id='word_1_602' title='bbox 209 4811 251 4863; x_wconf 81' lang='grc' dir='ltr'><strong>καί</strong></span> <span class='ocrx_word' id='word_1_603' title='bbox 262 4809 410 4881; x_wconf 74' lang='grc' dir='ltr'><strong>ἀσθηχυτυς,</strong></span> <span class='ocrx_word' id='word_1_604' title='bbox 424 4810 464 4862; x_wconf 81' lang='grc' dir='ltr'><strong>καί</strong></span> <span class='ocrx_word' id='word_1_605' title='bbox 477 4808 630 4882; x_wconf 76' lang='grc' dir='ltr'><strong>ἀδιάφθορος.</strong></span> <span class='ocrx_word' id='word_1_606' title='bbox 906 4809 1016 4880; x_wconf 77' lang='grc' dir='ltr'><strong>φυσικὴν,</strong></span> <span class='ocrx_word' id='word_1_607' title='bbox 1030 4811 1071 4863; x_wconf 80' lang='grc' dir='ltr'><strong>καί</strong></span> <span class='ocrx_word' id='word_1_608' title='bbox 1090 4803 1144 4864; x_wconf 77' lang='grc' dir='ltr'><strong>οἷον</strong></span> <span class='ocrx_word' id='word_1_609' title='bbox 1164 4809 1342 4882; x_wconf 86' lang='grc' dir='ltr'><strong>ἀνακιρνάντων</strong></span> <span class='ocrx_word' id='word_1_610' title='bbox 1364 4810 1481 4880; x_wconf 75' lang='grc' dir='ltr'><strong>ἀλλήλοιν</strong></span> <span class='ocrx_word' id='word_1_611' title='bbox 1502 4811 1562 4881; x_wconf 79' lang='grc' dir='ltr'><strong>ὕπερ</strong></span> <span class='ocrx_word' id='word_1_612' title='bbox 1589 4811 1618 4863; x_wconf 84' lang='grc' dir='ltr'><strong>θν</strong></span> <span class='ocrx_word' id='word_1_613' title='bbox 1641 4809 1675 4869; x_wconf 81' lang='grc' dir='ltr'><strong>ὡς</strong></span> 
     </span>
    </p>

    <p class='ocr_par' dir='ltr' id='par_1_8' title="bbox 99 4888 1672 5132">
     <span class='ocr_line' id='line_1_50' title="bbox 129 4888 1195 4966; baseline 0.001 -21"><span class='ocrx_word' id='word_1_614' title='bbox 129 4888 148 4961; x_wconf 71' lang='lat' dir='ltr'><strong><em>f</em></strong></span> <span class='ocrx_word' id='word_1_615' title='bbox 160 4892 224 4947; x_wconf 76' lang='lat' dir='ltr'><strong>Cra.</strong></span> <span class='ocrx_word' id='word_1_616' title='bbox 242 4893 266 4947; x_wconf 93' lang='lat' dir='ltr'><strong>ll</strong></span> <span class='ocrx_word' id='word_1_617' title='bbox 282 4895 314 4947; x_wconf 80' lang='lat' dir='ltr'><strong>itt</strong></span> <span class='ocrx_word' id='word_1_618' title='bbox 327 4895 414 4948; x_wconf 80' lang='lat' dir='ltr'><strong>Joatt.</strong></span> <span class='ocrx_word' id='word_1_619' title='bbox 434 4892 530 4946; x_wconf 83' lang='grc' dir='ltr'><strong>Γίνεται</strong></span> <span class='ocrx_word' id='word_1_620' title='bbox 545 4892 649 4965; x_wconf 73' lang='grc' dir='ltr'><strong>μὲνγὰρ</strong></span> <span class='ocrx_word' id='word_1_621' title='bbox 664 4893 689 4947; x_wconf 75' lang='grc' dir='ltr'><strong>ἐν</strong></span> <span class='ocrx_word' id='word_1_622' title='bbox 702 4894 762 4966; x_wconf 75' lang='grc' dir='ltr'><strong>ἡμῖν</strong></span> <span class='ocrx_word' id='word_1_623' title='bbox 773 4893 857 4957; x_wconf 85' lang='grc' dir='ltr'><strong>θυίθς,</strong></span> <span class='ocrx_word' id='word_1_624' title='bbox 906 4891 970 4948; x_wconf 85' lang='grc' dir='ltr'><strong>ἴδιον</strong></span> <span class='ocrx_word' id='word_1_625' title='bbox 985 4893 1091 4966; x_wconf 76' lang='grc' dir='ltr'><strong>ἐκατέρῳ</strong></span> <span class='ocrx_word' id='word_1_626' title='bbox 1105 4897 1195 4966; x_wconf 82' lang='grc' dir='ltr'><strong>προσῇ.</strong></span> 
     </span>
     <span class='ocr_line' id='line_1_51' title="bbox 101 4973 1672 5050; baseline -0.003 -21"><span class='ocrx_word' id='word_1_627' title='bbox 101 4981 233 5040; x_wconf 60' lang='grc' dir='ltr'><strong>πηιστικῶς</strong></span> <span class='ocrx_word' id='word_1_628' title='bbox 254 4974 298 5046; x_wconf 83' lang='grc' dir='ltr'><strong>μίν</strong></span> <span class='ocrx_word' id='word_1_629' title='bbox 315 4975 349 5037; x_wconf 79' lang='grc' dir='ltr'><strong>ὡς</strong></span> <span class='ocrx_word' id='word_1_630' title='bbox 367 4974 493 5045; x_wconf 77' lang='grc' dir='ltr'><strong>ἅνθρωπος</strong></span> <span class='ocrx_word' id='word_1_631' title='bbox 507 4978 739 5049; x_wconf 81' lang='grc' dir='ltr'><strong>συνανακιρνάμενός</strong></span> <span class='ocrx_word' id='word_1_632' title='bbox 762 4997 798 5042; x_wconf 85' lang='grc' dir='ltr'><strong>τε,</strong></span> <span class='ocrx_word' id='word_1_633' title='bbox 817 4976 858 5030; x_wconf 81' lang='grc' dir='ltr'><strong>καί</strong></span> <span class='ocrx_word' id='word_1_634' title='bbox 941 4977 961 5032; x_wconf 85' lang='lat' dir='ltr'><strong>lt</strong></span> <span class='ocrx_word' id='word_1_635' title='bbox 980 4976 1020 5031; x_wconf 84' lang='lat' dir='ltr'><strong>ld.</strong></span> <span class='ocrx_word' id='word_1_636' title='bbox 1039 4975 1140 5032; x_wconf 81' lang='lat' dir='ltr'><strong>l&#39;asclt.</strong></span> <span class='ocrx_word' id='word_1_637' title='bbox 1152 4993 1210 5033; x_wconf 76' lang='lat' dir='ltr'><strong>vul.</strong></span> <span class='ocrx_word' id='word_1_638' title='bbox 1224 4976 1272 5029; x_wconf 81' lang='grc' dir='ltr'><strong>Καί</strong></span> <span class='ocrx_word' id='word_1_639' title='bbox 1279 4976 1383 5049; x_wconf 80' lang='grc' dir='ltr'><strong>ἀρῤητος</strong></span> <span class='ocrx_word' id='word_1_640' title='bbox 1390 4977 1432 5050; x_wconf 84' lang='grc' dir='ltr'><strong>μίν</strong></span> <span class='ocrx_word' id='word_1_641' title='bbox 1442 4996 1482 5031; x_wconf 80' lang='grc' dir='ltr'><strong>πω</strong></span> <span class='ocrx_word' id='word_1_642' title='bbox 1491 4973 1531 5045; x_wconf 68' lang='grc' dir='ltr'><strong>ἦν,</strong></span> <span class='ocrx_word' id='word_1_643' title='bbox 1539 4976 1579 5028; x_wconf 85' lang='grc' dir='ltr'><strong>καί</strong></span> <span class='ocrx_word' id='word_1_644' title='bbox 1590 4974 1672 5047; x_wconf 80' lang='grc' dir='ltr'><strong>ἀπερι-</strong></span> 
     </span>
     <span class='ocr_line' id='line_1_52' title="bbox 99 5056 1396 5132; baseline 0.004 -23"><span class='ocrx_word' id='word_1_645' title='bbox 99 5057 260 5128; x_wconf 57' lang='lat' dir='ltr'><strong>mespres</strong></span> <span class='ocrx_word' id='word_1_646' title='bbox 273 5057 306 5112; x_wconf 82' lang='grc' dir='ltr'><strong>δι’</strong></span> <span class='ocrx_word' id='word_1_647' title='bbox 320 5056 432 5130; x_wconf 76' lang='grc' dir='ltr'><strong>εθλοηίας</strong></span> <span class='ocrx_word' id='word_1_648' title='bbox 444 5062 488 5126; x_wconf 82' lang='grc' dir='ltr'><strong>τῆς</strong></span> <span class='ocrx_word' id='word_1_649' title='bbox 502 5062 626 5130; x_wconf 81' lang='grc' dir='ltr'><strong>μυστικῆς.</strong></span> <span class='ocrx_word' id='word_1_650' title='bbox 907 5063 994 5131; x_wconf 83' lang='grc' dir='ltr'><strong>νθητος</strong></span> <span class='ocrx_word' id='word_1_651' title='bbox 1008 5060 1022 5112; x_wconf 87' lang='grc' dir='ltr'><strong>θ</strong></span> <span class='ocrx_word' id='word_1_652' title='bbox 1036 5064 1079 5128; x_wconf 74' lang='grc' dir='ltr'><strong>τῆς</strong></span> <span class='ocrx_word' id='word_1_653' title='bbox 1093 5059 1245 5132; x_wconf 79' lang='grc' dir='ltr'><strong>ἀνακράσεως</strong></span> <span class='ocrx_word' id='word_1_654' title='bbox 1257 5060 1396 5121; x_wconf 79' lang='grc' dir='ltr'><strong>παντελῶς.</strong></span> 
     </span>
    </p>
   </div>
   <div class='ocr_carea' id='block_1_4' title="bbox 101 5224 1670 5372">
    <p class='ocr_par' dir='ltr' id='par_1_9' title="bbox 101 5224 1670 5372">
     <span class='ocr_line' id='line_1_53' title="bbox 128 5224 1670 5299; baseline 0.001 -20"><span class='ocrx_word' id='word_1_655' title='bbox 128 5224 192 5279; x_wconf 80' lang='lat' dir='ltr'><strong>&#39;sti</strong></span> <span class='ocrx_word' id='word_1_656' title='bbox 213 5228 348 5281; x_wconf 65' lang='lat' dir='ltr'><strong>Bulsinius</strong></span> <span class='ocrx_word' id='word_1_657' title='bbox 360 5231 388 5281; x_wconf 84' lang='lat' dir='ltr'><strong>io</strong></span> <span class='ocrx_word' id='word_1_658' title='bbox 406 5229 592 5295; x_wconf 75' lang='lat' dir='ltr'><strong>Prolepomenis</strong></span> <span class='ocrx_word' id='word_1_659' title='bbox 605 5231 637 5282; x_wconf 82' lang='lat' dir='ltr'><strong>od</strong></span> <span class='ocrx_word' id='word_1_660' title='bbox 650 5245 718 5284; x_wconf 78' lang='lat' dir='ltr'><strong>sono.</strong></span> <span class='ocrx_word' id='word_1_661' title='bbox 733 5232 859 5284; x_wconf 80' lang='grc' dir='ltr'><strong>Ζακοκαω</strong></span> <span class='ocrx_word' id='word_1_662' title='bbox 907 5231 996 5286; x_wconf 72' lang='lat' dir='ltr'><strong>becles.</strong></span> <span class='ocrx_word' id='word_1_663' title='bbox 1012 5230 1098 5285; x_wconf 76' lang='lat' dir='ltr'><strong>(ireos</strong></span> <span class='ocrx_word' id='word_1_664' title='bbox 1112 5246 1137 5298; x_wconf 89' lang='lat' dir='ltr'><strong>p.</strong></span> <span class='ocrx_word' id='word_1_665' title='bbox 1152 5230 1210 5283; x_wconf 81' lang='lat' dir='ltr'><strong>tot.</strong></span> <span class='ocrx_word' id='word_1_666' title='bbox 1225 5230 1345 5284; x_wconf 80' lang='lat' dir='ltr'><strong>Sulcernm</strong></span> <span class='ocrx_word' id='word_1_667' title='bbox 1363 5230 1431 5284; x_wconf 82' lang='lat' dir='ltr'><strong>verbo</strong></span> <span class='ocrx_word' id='word_1_668' title='bbox 1444 5228 1507 5282; x_wconf 79' lang='grc' dir='ltr'><strong>θείω</strong></span> <span class='ocrx_word' id='word_1_669' title='bbox 1523 5237 1546 5284; x_wconf 86' lang='lat' dir='ltr'><strong>et</strong></span> <span class='ocrx_word' id='word_1_670' title='bbox 1560 5228 1670 5299; x_wconf 81' lang='grc' dir='ltr'><strong>ὁμόθεος.</strong></span> 
     </span>
     <span class='ocr_line' id='line_1_54' title="bbox 101 5296 1617 5372; baseline 0.005 -21"><span class='ocrx_word' id='word_1_671' title='bbox 101 5296 150 5352; x_wconf 75' lang='lat' dir='ltr'><strong>l&#39;ns</strong></span> <span class='ocrx_word' id='word_1_672' title='bbox 173 5314 204 5365; x_wconf 83' lang='grc' dir='ltr'><strong>ιι,</strong></span> <span class='ocrx_word' id='word_1_673' title='bbox 230 5317 282 5372; x_wconf 77' lang='lat' dir='ltr'><strong>esp.</strong></span> <span class='ocrx_word' id='word_1_674' title='bbox 305 5316 346 5369; x_wconf 89' lang='lat'><strong>111,</strong></span> <span class='ocrx_word' id='word_1_675' title='bbox 369 5320 423 5371; x_wconf 69' lang='lat' dir='ltr'><strong>pas.</strong></span> <span class='ocrx_word' id='word_1_676' title='bbox 444 5316 493 5358; x_wconf 77' lang='grc' dir='ltr'><strong>ιιι.</strong></span> <span class='ocrx_word' id='word_1_677' title='bbox 519 5305 654 5360; x_wconf 58' lang='lat' dir='ltr'><strong>mulonem</strong></span> <span class='ocrx_word' id='word_1_678' title='bbox 672 5311 690 5358; x_wconf 90' lang='lat' dir='ltr'><strong>t.</strong></span> <span class='ocrx_word' id='word_1_679' title='bbox 707 5308 726 5358; x_wconf 91' lang='lat'><strong>1.</strong></span> <span class='ocrx_word' id='word_1_680' title='bbox 754 5308 855 5361; x_wconf 78' lang='lat' dir='ltr'><strong>Morum.</strong></span> <span class='ocrx_word' id='word_1_681' title='bbox 1505 5307 1531 5362; x_wconf 76' lang='grc' dir='ltr'><strong>θ’.</strong></span> <span class='ocrx_word' id='word_1_682' title='bbox 1547 5309 1575 5359; x_wconf 77' lang='lat' dir='ltr'><strong>l.</strong></span> <span class='ocrx_word' id='word_1_683' title='bbox 1590 5308 1617 5359; x_wconf 86' lang='lat' dir='ltr'><strong>Z.</strong></span> 
     </span>
    </p>
   </div>
   <div class='ocr_carea' id='block_1_5' title="bbox 126 5473 774 5532">
    <p class='ocr_par' dir='ltr' id='par_1_10' title="bbox 126 5473 774 5532">
     <span class='ocr_line' id='line_1_55' title="bbox 126 5473 774 5532; baseline 0.015 -17"><span class='ocrx_word' id='word_1_684' title='bbox 126 5473 135 5515; x_wconf 83' lang='lat' dir='ltr'><strong>t</strong></span> <span class='ocrx_word' id='word_1_685' title='bbox 149 5474 213 5529; x_wconf 57' lang='lat' dir='ltr'><strong>tritt.</strong></span> <span class='ocrx_word' id='word_1_686' title='bbox 228 5481 246 5520; x_wconf 87' lang='lat' dir='ltr'><strong>t.</strong></span> <span class='ocrx_word' id='word_1_687' title='bbox 258 5476 283 5521; x_wconf 79' lang='grc' dir='ltr'><strong>Ιθ</strong></span> <span class='ocrx_word' id='word_1_688' title='bbox 296 5477 352 5523; x_wconf 73' lang='lat' dir='ltr'><strong>etti.</strong></span> <span class='ocrx_word' id='word_1_689' title='bbox 364 5479 424 5524; x_wconf 77' lang='lat' dir='ltr'><strong>Patr.</strong></span> <span class='ocrx_word' id='word_1_690' title='bbox 437 5478 479 5524; x_wconf 76' lang='lat' dir='ltr'><strong>ool:</strong></span> <span class='ocrx_word' id='word_1_691' title='bbox 495 5478 568 5527; x_wconf 60' lang='grc' dir='ltr'><strong>Μ.-</strong></span> <span class='ocrx_word' id='word_1_692' title='bbox 580 5478 595 5522; x_wconf 71' lang='lat' dir='ltr'><strong>i</strong></span> <span class='ocrx_word' id='word_1_693' title='bbox 609 5479 632 5523; x_wconf 84' lang='lat' dir='ltr'><strong>lu</strong></span> <span class='ocrx_word' id='word_1_694' title='bbox 644 5479 678 5532; x_wconf 84' lang='lat' dir='ltr'><strong>Vl,</strong></span> <span class='ocrx_word' id='word_1_695' title='bbox 691 5486 733 5525; x_wconf 83' lang='lat' dir='ltr'><strong>aet.</strong></span> <span class='ocrx_word' id='word_1_696' title='bbox 742 5492 774 5525; x_wconf 81' lang='grc' dir='ltr'><strong>τι.</strong></span> 
     </span>
    </p>
   </div>
   <div class='ocr_carea' id='block_1_6' title="bbox 0 0 2022 6162">
    <p class='ocr_par' dir='ltr' id='par_1_11' title="bbox 0 0 2022 6162">
     <span class='ocr_line' id='line_1_56' title="bbox 0 0 2022 6162; baseline 0 0"><span class='ocrx_word' id='word_1_697' title='bbox 0 0 2022 6162; x_wconf 95' lang='lat' dir='ltr'><strong> </strong></span> 
     </span>
    </p>
   </div>
  </div>
 </body>
</html>
