4078 6162
582 362 633 421 nn
653 354 954 439 inmittimus,
976 356 1052 425 tin.
1076 355 1128 436 iii,
1151 356 1234 425 cie.
1257 362 1322 425 xu
1682 347 1744 417 titi

156 512 325 601 perficiunt
338 536 347 584 t
362 528 516 602 quatamu
530 526 728 604 metandum
741 518 927 588 suhshtsncii
1016 524 1348 595 illuminantem
1360 526 1453 607 longe
1467 523 1631 587 sitarctior
1643 534 1743 584 nexus
1791 548 1890 593 exosos

155 613 288 674 modum
303 621 425 677 naturm
439 633 502 678 sum
521 623 744 694 congruentem
765 619 823 680 sihi
845 619 928 680 invi·
976 618 1029 681 illc
1046 634 1108 701 qno
1131 620 1230 682 ambae
1253 621 1287 681 in
1308 621 1428 682 Christo
1453 614 1633 679 substantie
1650 630 1744 695 copu·
1773 602 1901 699 oqqqquo

155 718 226 766 cem
237 710 293 766 aut
304 707 459 783 tribuunt,
478 710 535 770 aui
552 718 755 772 conservant:
770 711 818 771 uti
831 708 927 773 nimi·
976 712 1080 773 lentur
1093 731 1102 788 ;
1118 718 1149 774 et
1157 713 1354 774 excellentior
1367 710 1528 791 utriusque
1539 706 1739 787 compositio:
1766 707 1904 806 ⁸¹m¹fflssq¹ss⁰²¹

155 815 231 859 rum
256 800 369 878 reipsa,
401 806 434 862 ct
450 805 520 863 actu
546 801 648 863 forma
674 803 749 863 insit
775 804 923 881 materiae,
977 805 1051 885 quia
1071 805 1171 885 magis
1195 824 1296 868 unum
1319 811 1377 876 est,
1405 805 1489 883 quod
1513 802 1586 863 inde
1611 803 1741 875 constat,
1801 772 1814 805 ⁰
1871 792 1877 803 '

154 904 231 951 cum
245 906 344 970 eaque
360 891 568 971 conjungatur
588 913 595 954 :
617 894 706 973 cujus
720 893 813 956 etiam
836 896 927 974 inge·
977 913 1071 977 quam
1091 896 1175 976 quod
1198 916 1238 957 cx
1263 897 1402 976 subjecti,
1427 898 1458 957 et
1478 892 1642 955 accidentis
1669 908 1743 951 eon·

154 982 243 1041 nitus
265 981 388 1051 anime,
406 984 758 1071 *quemlihetspiritunit
771 988 928 1065 appetitus
973 990 1136 1069 junctione
1148 988 1205 1050 fit:
1227 990 1448 1050 minuatamrn
1472 1004 1544 1049 cum
1556 982 1746 1065 simplicitate

156 1088 223 1135 esse
237 1072 359 1135 dicitur.
376 1075 509 1149 Etenim,
525 1082 562 1138 ut
583 1094 667 1139 sanc.
684 1078 819 1140 Thomas
832 1079 927 1140 raiio-
977 1084 1095 1161 pngnat
1105 1098 1175 1161 quae
1189 1081 1393 1162 compositioni
1404 1080 1571 1160 opponitur
1582 1093 1621 1138 cx
1634 1075 1747 1137 adter-

155 1164 310 1227 ciuatur¹=
331 1167 463 1229 «anima
474 1170 596 1249 corpori
609 1171 794 1232 naturaliter
806 1172 926 1233 unitim.
977 1188 1011 1233 so
1026 1193 1033 1233 :
1049 1173 1113 1234 imo
1128 1191 1167 1235 ne
1180 1179 1335 1253 repugnat
1347 1172 1474 1252 quidem
1486 1171 1580 1245 illius,
1595 1168 1679 1248 quod
1700 1171 1746 1227 est

156 1258 211 1318 Est
221 1259 309 1319 enim
323 1261 493 1322 secundum
507 1276 595 1323 suam
608 1262 772 1324 essentiam
790 1264 929 1344 corporis
977 1265 1090 1344 potius,
1108 1268 1139 1327 et
1153 1264 1242 1345 quasi
1256 1262 1384 1343 subjecti
1397 1265 1503 1325 locum
1515 1259 1745 1339 hshctsimpli·

154 1350 256 1411 torma
270 1369 278 1410 ε
292 1357 338 1412 est
349 1353 445 1430 igitur
456 1359 564 1415 rantra
575 1360 721 1416 naturam
734 1357 846 1418 animae
859 1356 927 1417 ahs-
978 1357 1061 1418 citati
1073 1378 1081 1434 3
1099 1376 1170 1420 cum
1189 1358 1252 1419 illic
1271 1358 1410 1419 accidens
1419 1356 1457 1417 de
1471 1353 1649 1416 substantiae
1661 1350 1745 1412 reci-

154 1460 218 1522 que
272 1460 403 1525 corpore
433 1463 509 1508 esse.
530 1448 662 1526 »igliur
685 1448 822 1528 corporis
857 1468 930 1510 con·
978 1448 1091 1528 pientis
1102 1450 1297 1530 simplicitate
1320 1448 1464 1510 nonnihil
1484 1449 1637 1526 decerpat.
1659 1444 1746 1505 Certe

150 1535 315 1612 junctione
341 1538 447 1616 perfici
471 1539 620 1615 animam,
650 1541 769 1601 nemini
798 1541 928 1602 dubium
979 1540 1093 1602 divinae
1114 1542 1303 1622 simplicitati
1331 1539 1523 1602 contrarium
1550 1554 1615 1599 esse
1648 1551 1746 1615 genus

154 1632 226 1688 est:
246 1629 333 1706 quod
355 1634 387 1689 et
413 1631 532 1691 erudite
558 1632 696 1711 disputat
722 1635 760 1694 P.
790 1634 927 1696 ioannes
977 1632 1055 1693 illud
1079 1634 1321 1713 compositionis,
1350 1633 1434 1713 quod
1468 1649 1506 1693 ax
1533 1630 1680 1709 subjecto,
1716 1632 1747 1690 et

152 1719 300 1796 Bagolius
313 1721 347 1781 in
361 1720 546 1802 Apoiopetico
558 1721 663 1803 fidei&
978 1724 1163 1786 adveniente
1189 1726 1290 1786 iorma
1318 1725 1366 1802 iit,
1396 1724 1569 1786 Ghrhtiana
1591 1720 1747 1795 theologia

11 1808 130 1853 ΜΝ
193 1812 320 1873 Alinest
339 1813 530 1893 compositio,
546 1832 616 1895 qum
632 1814 775 1888 exterior,
795 1813 929 1893 eiquasi
978 1816 1193 1879 demonstrat:
1223 1819 1316 1897 idque
1337 1834 1395 1878 nos
1426 1814 1583 1877 uberrima
1608 1813 1746 1892 disputa-

152 1904 324 1966 moteriolia
351 1907 499 1985 appellari
524 1912 636 1987 potest;
666 1909 699 1969 in
721 1924 784 1987 qua
802 1925 867 1967 non
894 1925 927 1969 se
978 1910 1063 1971 tione
1087 1910 1158 1971 alibi
1193 1910 1416 1971 declaravimus
1428 1907 1450 1969 ⁶.
1477 1908 1572 1986 Cujus
1591 1906 1659 1966 hec
1672 1904 1746 1966 iniri

150 2001 264 2057 mutuo
292 1996 457 2077 perficiunt
480 2000 543 2077 illa,
569 2016 639 2078 qum
658 2000 847 2079 junguntur,
869 2016 927 2060 nec
978 2003 1057 2062 ratio
1075 2006 1186 2079 potest,
1205 2003 1287 2082 quod
1311 2001 1452 2063 accidens
1471 1999 1617 2079 qualibet
1633 1996 1745 2072 lorma,

149 2087 272 2167 aliquid
286 2107 304 2149 a
319 2089 500 2151 seinvicem
527 2092 705 2172 accipiunt:
727 2092 780 2153 sed
794 2093 927 2153 alterum
976 2093 1121 2171 subjectus
1149 2093 1306 2154 inherens
1336 2092 1514 2153 substantie
1537 2090 1569 2151 in
1593 2105 1663 2149 ram
1689 2087 1744 2147 ali-

150 2181 382 2255 tnniummodo,
398 2184 483 2261 quod
494 2190 717 2263 assumptuma
731 2184 925 2263 prestantio-
977 2185 1051 2264 quid
1063 2185 1191 2262 confert,
1215 2195 1245 2247 et
1265 2190 1411 2247 naturam
1425 2186 1491 2263 ejus
1504 2181 1633 2262 perlicit,
1653 2186 1746 2258 atque

148 2289 196 2347 re,
218 2272 395 2334 foveturab
410 2292 459 2351 eo,
474 2293 510 2336 ac
531 2275 701 2355 perficitur.
728 2277 770 2337 Ut
791 2292 863 2336 cum
886 2276 925 2337 ad
976 2278 1013 2337 ad
1042 2278 1155 2354 agendi
1181 2278 1258 2353 vim,
1291 2282 1321 2338 et
1348 2276 1540 2338 efficientiam
1565 2288 1622 2353 pro
1655 2277 1746 2351 captu

149 2364 357 2425 substantiam
382 2366 519 2445 aliquam
552 2368 618 2446 jam
653 2370 859 2448 completam,
895 2374 926 2430 ct
976 2387 1032 2429 suo
1048 2369 1184 2448 adjuvat.
1210 2371 1339 2430 Atvero
1366 2367 1584 2446 conjunctione
1609 2364 1674 2440 ilia,
1696 2363 1746 2423 vel

148 2454 338 2529 ahsolutum,
354 2476 411 2537 par
430 2476 523 2538 seque
539 2460 768 2534 subsistentem,
798 2459 926 2521 alterius
976 2462 1128 2538 unitione,
1153 2479 1224 2542 quoe
1243 2462 1278 2523 in
1299 2462 1364 2522 sola
1393 2460 1429 2521 iit
1457 2457 1643 2520 subsistendi
1672 2472 1744 2535 pro-

147 2553 285 2623 naiurre,
300 2550 389 2628 quasi
404 2549 525 2625 formae,
540 2551 576 2611 fit
592 2552 734 2613 accessio.
759 2552 858 2631 liujus
879 2550 924 2613 rei
976 2554 1104 2632 prietatc
1136 2573 1144 2629 ;
1181 2571 1253 2615 cum
1286 2550 1503 2634 praestantior,
1539 2569 1575 2611 ac
1611 2548 1746 2629 perfecta

147 2640 200 2699 vix
213 2641 448 2713 communibus,
464 2648 494 2702 et
507 2642 671 2703 ordinariis
686 2661 724 2704 ex
737 2644 830 2705 rebus
853 2645 925 2704 satis
975 2644 1156 2723 substantia,
1171 2662 1303 2725 qumque
1325 2663 1413 2707 mera
1431 2650 1477 2705 est
1487 2650 1636 2722 ἐντελέχεια,
1649 2656 1745 2720 quam

147 2739 220 2812 apta
233 2732 398 2793 trnnslerri
412 2734 581 2795 similitudo
611 2738 719 2812 potest.
736 2736 814 2798 Nam
838 2736 924 2796 nulla
975 2747 1071 2798 ortum
1104 2756 1216 2818 purtim
1243 2738 1418 2813 nominant,
1445 2735 1625 2797 interiorem
1658 2750 1743 2792 assu-

146 2829 212 2884 itm
235 2824 352 2903 exigua
372 2830 428 2900 est,
450 2832 480 2885 et
499 2831 676 2905 contempta
693 2844 752 2903 res,
776 2846 923 2908 quaenon
974 2830 1032 2890 mit
1064 2832 1104 2890 ad
1137 2830 1321 2892 subsistendi
1363 2827 1625 2893 communionem.
1666 2824 1744 2884 nihii

19 2963 27 2981 .
146 2918 324 2978 accessione
344 2917 403 2993 sui,
428 2916 600 2997 quamlibet
618 2919 771 2998 potiorem
794 2920 923 2981 alteram
974 2920 1014 2980 ah
1027 2921 1086 2983 ista
1098 2922 1198 3001 trajici
1222 2940 1257 2983 ac
1279 2920 1411 2982 diffundi
1431 2921 1464 2981 in
1484 2919 1614 2979 alteram
1631 2920 1741 2996 potest.

145 3024 279 3087 quoquo
304 3008 398 3069 modo
431 3010 582 3090 perficiat.
620 3010 681 3070 Sed
704 3012 787 3071 lucet
819 3010 922 3090 aliqua
975 3013 1317 3092 Hincilludvulgatum
1337 3014 1371 3073 in
1389 3012 1500 3073 scholis
1518 3010 1702 3070 theorema:
1718 3005 1744 3066 si

145 3104 257 3161 tamen
286 3099 369 3161 illius
395 3102 549 3181 expressio
574 3102 607 3162 in
631 3120 668 3163 ca
687 3103 920 3182 compositione,
978 3105 1084 3166 iiivina
1099 3123 1229 3186 persona
1244 3102 1432 3185 proprietate
1453 3121 1520 3174 aaa,
1541 3117 1635 3181 quom
1646 3115 1744 3180 perso

145 3206 219 3271 quse
233 3208 275 3253 ex
294 3192 466 3254 substantia
477 3193 524 3267 iit,
541 3199 573 3255 at
592 3194 762 3256 accidente.
778 3196 924 3269 Quamvis
974 3197 1072 3258 uatem
1093 3202 1218 3273 vocant,
1236 3196 1377 3257 accidens
1402 3194 1528 3275 aliquod
1547 3191 1689 3267 iulriret;
1713 3194 1744 3253 et

145 3284 235 3346 cuim
247 3284 394 3345 nonnihil
408 3303 447 3346 ex
460 3286 518 3347 hoc
530 3286 562 3347 in
577 3286 662 3347 illum
674 3286 924 3367 redundetidip-
974 3289 1041 3367 ejus
1050 3288 1256 3350 inhsesionem
1265 3288 1437 3367 supplcrct3
1450 3286 1527 3347 nihil
1536 3281 1743 3365 proptercade

145 3395 219 3438 sum
231 3383 341 3438 tamen
351 3378 556 3440 adventitium
565 3385 621 3451 est,
634 3384 665 3440 et
693 3380 922 3459 quodammodo
974 3380 1058 3441 illius
1075 3379 1268 3461 simplicitate
1287 3377 1460 3440 detractum
1472 3378 1521 3438 iri.
1545 3376 1632 3443 Quod
1648 3392 1742 3454 ergu-

146 3476 329 3545 externum,
350 3486 415 3530 non
428 3469 587 3544 intimum,
604 3488 639 3531 ac
652 3471 700 3532 sui
713 3471 846 3549 generis,
862 3471 922 3533 hoc
973 3478 1081 3533 mento
1095 3478 1152 3548 est,
1167 3486 1275 3531 acrum
1287 3469 1367 3531 illud
1381 3486 1457 3544 esee,
1473 3468 1557 3549 quod
1570 3466 1646 3543 dixi,
1656 3465 1744 3546 quid·

145 3568 194 3623 est
207 3561 438 3623 substantivum
455 3580 462 3623 ε
480 3563 654 3643 cujusmodi
680 3563 761 3624 uihil
779 3564 818 3625 eh
838 3565 922 3625 acci·
974 3564 1049 3643 quid
1064 3564 1103 3625 ad
1117 3568 1264 3624 naturam
1284 3561 1518 3641 quoquomodo
1538 3559 1740 3635 efficiendam,

145 3654 242 3715 dente
256 3653 358 3714 torma
371 3655 529 3716 derivatur
542 3656 576 3716 in
596 3654 766 3734 subjectam
783 3656 923 3717 substan·
973 3666 1005 3717 et
1018 3656 1230 3717 instruendam
1245 3654 1435 3733 adjungitur,
1458 3654 1491 3715 id
1511 3652 1654 3733 perierim
1667 3650 1741 3711 sim-

143 3746 235 3806 tiam.
262 3746 362 3819 Quam
387 3745 480 3807 ctiam
507 3746 547 3806 oh
571 3764 695 3808 sarisam
709 3748 810 3808 heca
832 3748 923 3810 nohis
973 3747 1101 3828 plicitati
1115 3748 1197 3808 illius
1215 3736 1334 3808 office're
1351 3766 1358 3807 ε
1377 3764 1442 3807 non
1460 3745 1537 3806 illud
1553 3744 1638 3818 item,
1657 3740 1741 3821 quod

148 3837 336 3917 compositio
362 3837 535 3916 appellatur
561 3839 704 3899 ectri-ior.
733 3838 803 3900 Non
836 3841 922 3901 enim
973 3839 1013 3901 ab
1027 3840 1092 3900 sole
1106 3839 1257 3901 existendi
1278 3839 1465 3919 proprietate
1479 3853 1571 3916 opem
1591 3833 1738 3911 aliquam,

145 3930 331 3991 interiorem
341 3928 547 3991 substantiam
555 3930 724 4005 afficit3scd
733 3930 924 3993 extrinsecus
972 3923 1740 4008 velotsubsidieriamaccipitldenimaitrsullum

145 4021 311 4101 superfusa
327 4016 414 4082 velut
432 4020 519 4082 illam
536 4022 662 4099 colorat,
684 4039 719 4083 ac
732 4021 843 4084 leviter
862 4024 922 4083 im·
971 4019 1571 4099 facitintertrimentumsimplicitatis,ac
1583 4016 1741 4098 perfectio-

145 4113 226 4173 huii.
243 4113 394 4180 Quocirca
411 4130 505 4174 anon
519 4114 561 4175 sic
575 4114 729 4174 uniuntur
741 4114 804 4190 illa,
818 4112 924 4196 (verba
972 4117 1032 4193 nis,
1048 4133 1143 4195 quam
1155 4115 1189 4175 in
1199 4112 1455 4194 divinispersouis
1466 4110 1531 4173 sola
1551 4115 1673 4188 natura,
1687 4107 1738 4169 vel

146 4210 220 4266 sunt
231 4203 396 4285 Aquinatis
409 4204 607 4289 doctoris⁸lut
621 4224 658 4266 ex
672 4207 717 4267 eis
728 4206 853 4287 aliquod
862 4211 922 4268 ier·
972 4208 1103 4269 essentia
1111 4210 1269 4267 metimur.

146 4299 227 4359 tium
251 4297 459 4358 mnatiiuaiur
476 4318 482 4358 :
501 4298 585 4359 unde
610 4298 784 4376 subjeetum
806 4298 840 4359 in
868 4299 922 4360 tali
1011 4300 1078 4361 Xll.
1102 4300 1171 4360 Nou
1185 4304 1257 4358 suni
1282 4312 1355 4377 crgo
1382 4302 1486 4375 partes
1504 4293 1628 4373 proprie
1647 4291 1736 4352 dictoe
1769 4321 1898 4366 mmm,

147 4390 279 4463 unione,
299 4406 364 4450 uon
383 4406 415 4449 se
437 4389 531 4451 hahet
551 4396 586 4451 ut
600 4408 686 4471 pars3
705 4391 759 4451 sed
779 4397 825 4452 est
839 4390 919 4452 inic-
970 4392 1071 4454 ambae
1084 4391 1145 4453 illm
1159 4389 1355 4457 substantie,
1371 4406 1410 4448 ex
1423 4386 1536 4467 quihus
1549 4383 1737 4464 compositos
1774 4374 1892 4473 *wi

147 4496 242 4561 grum
252 4482 570 4561 quoddamqoodesi
583 4483 918 4563 persona,hypostasis,
971 4491 1017 4547 est
1044 4484 1200 4545 Christus:
1230 4481 1365 4543 maxime
1386 4481 1501 4556 divina,
1524 4494 1594 4557 qum
1614 4491 1736 4538 somme

147 4578 178 4635 ct
193 4573 403 4654 suppositum.
428 4574 576 4635 Accidens
600 4582 706 4636 autem
732 4574 866 4639 trahitur
879 4576 918 4637 ad
972 4576 1105 4655 perlecta
1132 4580 1188 4651 cst,
1216 4590 1275 4635 nec
1302 4572 1498 4634 absolutione
1518 4571 1583 4631 ulla
1604 4570 1734 4650 indiget.

147 4660 403 4745 personalitatem
417 4665 556 4744 subjecti,
572 4670 658 4728 utsii
671 4669 920 4747 personaeadcm
970 4670 1044 4728 Pars
1054 4673 1159 4728 autem
1168 4667 1269 4726 omnis
1287 4668 1399 4725 natura
1416 4682 1472 4724 sua
1483 4668 1530 4724 est
1542 4663 1732 4743 imperfecta,

146 4756 297 4829 hominia,
319 4761 351 4817 ci
372 4754 446 4832 albi,
468 4764 500 4819 et
521 4760 661 4820 similiter
674 4759 782 4820 eadem
802 4761 917 4840 hypos-
971 4765 1002 4821 ot
1014 4762 1111 4839 partis
1123 4757 1250 4818 alterius
1264 4756 1451 4817 commercio
1464 4754 1631 4836 perficitur.
1648 4755 1736 4829 Quod

148 4849 231 4923 tasis,
249 4854 281 4909 et
305 4846 386 4909 idem
400 4850 606 4929 suppositum.
623 4851 673 4913 Sic
693 4850 790 4929 igitur
807 4868 918 4913 secun-
971 4851 1070 4913 Gracci
1094 4850 1224 4910 feliciter
1252 4848 1433 4929 exprimunt
1463 4864 1518 4926 per
1550 4845 1737 4908 vocabulum

149 4939 223 5001 dum
247 4938 483 5001 similitudinem
497 4942 675 5020 quomdam,
698 4959 841 5023 persona,
857 4944 917 5024 hy·
969 4950 1187 5022 συμπληρωτικόν,
1218 4938 1305 5021 quasi
1329 4938 1533 5019 completivum
1562 4937 1653 4998 dicas.
1687 4936 1736 4996 Sic

149 5026 287 5108 postasis,
304 5033 335 5090 et
348 5028 542 5110 suppositum
554 5028 611 5091 tilii
626 5030 692 5108 Dei,
714 5032 759 5090 ast
783 5046 916 5111 persona
969 5031 1155 5095 Athanasius
1164 5031 1199 5093 in
1205 5031 1285 5093 lihro
1293 5030 1328 5092 de
1337 5050 1394 5092 uuo
1407 5022 1550 5103 Christo',
1559 5027 1737 5107 objicientes

149 5119 332 5200 hypostasis,
357 5126 388 5181 ei
408 5116 603 5202 suppositum
625 5121 772 5183 humanae
796 5127 916 5185 naturae
969 5125 1024 5186 sihi
1039 5125 1202 5188 hereticos
1224 5123 1402 5198 introducit,
1432 5140 1497 5182 non
1522 5138 1586 5181 esse
1613 5137 1737 5198 compo

149 5209 182 5270 in
197 5208 331 5274 Christo.
969 5217 1080 5292 situm3
1107 5216 1256 5296 quoniam
1279 5232 1318 5277 ex
1341 5233 1377 5277 co
1401 5217 1599 5293 sequeretur,
1614 5215 1735 5291 partem

177 5441 187 5484 i
202 5441 248 5486 hlh.
260 5440 287 5485 tt
296 5446 354 5487 cont.
366 5445 419 5489 Gon.
431 5456 451 5488 c.
459 5455 519 5487 mar
531 5444 585 5488 tilde
594 5444 633 5487 etl
647 5455 694 5498 por.
700 5455 722 5499 q.
730 5454 801 5496 emm,
816 5450 859 5487 art.
872 5447 893 5495 1,
908 5443 936 5487 sd
948 5444 1026 5488 aret
1038 5444 1121 5495 Pauli,
1137 5445 1175 5490 lib.
1190 5444 1207 5495 l,
1220 5444 1278 5498 disp.
1287 5455 1314 5494 u,
1324 5455 1345 5487 c.
1359 5455 1380 5486 u
1391 5449 1413 5486 ct
1424 5441 1464 5486 llh.
1477 5441 1513 5493 iv,
1525 5440 1583 5497 disp.
1600 5450 1661 5491 uuo.
1669 5452 1734 5484 m.-

151 5502 198 5547 88,
208 5503 249 5553 tt.
259 5505 282 5549 in
295 5509 367 5559 consp.
381 5508 456 5551 theol.
470 5519 489 5551 c.
500 5519 580 5552 crau·
592 5506 606 5549 i
617 5507 679 5550 lom.
689 5506 707 5557 l,
720 5508 736 5550 i.
748 5507 776 5555 11.
787 5518 807 5549 c.
820 5507 903 5550 vr.·-t
917 5506 959 5551 cu.
972 5519 1022 5562 sup.
1034 5517 1110 5561 parag.
1130 5508 1150 5550 i.
