4078 6168
263 484 357 570 AD
425 485 1061 573 THEOlOGlCORUM
1131 487 1537 575 DOGMATUM

647 737 840 808 TOMUM
868 736 1137 821 QUARTUM

515 992 609 1106 1111
680 990 1293 1109 itueneqtttottn

725 1275 1079 1360 nuenario.

27 1580 99 1633 m
158 1543 298 1628 Quartus
316 1541 372 1613 bic
396 1542 457 1612 tibi
489 1541 587 1612 datur
609 1562 630 1612 a
653 1542 751 1613 nobis
779 1540 871 1633 (ern
923 1540 1053 1610 naturis
1072 1561 1141 1611 una
1168 1541 1202 1609 in
1223 1540 1289 1611 illis
1308 1559 1454 1630 persona
1481 1549 1636 1613 constet:
1658 1553 1693 1614 et

27 1632 100 1783 ff
117 1664 192 1746 dite,
212 1684 250 1734 ao
269 1664 437 1735 catholice
455 1663 576 1757 lector)
613 1665 872 1755 Tbeolopieorum
923 1662 992 1734 bec
1020 1664 1094 1753 ipsa
1121 1663 1307 1753 composita
1334 1682 1377 1732 ue
1397 1662 1451 1745 sit,
1474 1682 1517 1733 an
1537 1663 1689 1754 simplex.

27 1788 99 1881 ,¹232
116 1786 298 1877 llagnutum
323 1797 453 1871 temus3
494 1787 552 1878 qui
584 1795 635 1859 est
679 1785 722 1857 de
766 1785 870 1856 divini
971 1786 1118 1871 Quartus
1136 1784 1223 1857 liber
1244 1783 1417 1874 generales
1432 1783 1578 1856 duarum
1597 1795 1693 1859 uatu-

28 1893 99 1988 b'ssb
116 1909 203 1979 l'erbi
226 1911 486 1992 incarnatione,
510 1909 606 2000 cnjus
630 1910 779 2002 mysterii
802 1919 870 1979 tam
922 1929 1038 1979 rarum
1058 1908 1253 1979 allectiones
1273 1906 1530 1996 complectitur,
1558 1927 1632 1998 que
1651 1929 1692 1980 ex

27 2004 79 2041 ''¹''
116 2031 274 2121 splendida
298 2042 359 2115 est,
379 2051 419 2103 ac
438 2042 506 2102 tam
526 2033 592 2104 late
611 2032 734 2102 diffusa
748 2039 869 2100 tracta·
922 2031 1088 2112 unitione,
1106 2041 1140 2100 et
1161 2039 1328 2120 quatenus
1352 2028 1495 2099 interae
1519 2038 1597 2098 sunt
1615 2016 1699 2102 eou-¹

116 2154 164 2235 tio,
191 2163 316 2226 utnon
344 2175 415 2226 uno
439 2155 608 2226 volumine
636 2152 868 2225 circumscribi
919 2152 1055 2243 juncte,
1078 2159 1344 2243 consequuntur.
1356 2150 1442 2223 Tum
1460 2153 1692 2225 memorabilis

116 2296 145 2347 se
160 2296 249 2368 passa
263 2280 330 2363 sit;
347 2277 408 2348 sed
429 2277 532 2348 dividi
554 2296 629 2347 eam
648 2274 866 2348 necessaiue·
922 2276 979 2347 illa
996 2276 1110 2366 Cyrilli
1125 2274 1357 2355 Alexandrini,
1390 2284 1423 2344 et
1441 2274 1601 2365 perplexa
1619 2295 1693 2347 sen·

117 2399 153 2469 rit
168 2401 198 2471 in
220 2411 337 2492 partes
356 2399 441 2471 duas
461 2424 469 2470 :
491 2420 574 2490 quas
593 2400 651 2490 qui
676 2398 806 2488 legerit,
829 2416 867 2468 ac
922 2400 1027 2470 teutie
1059 2398 1237 2489 diligenter
1283 2399 1500 2490 expenditur;
1536 2417 1609 2489 que
1641 2409 1693 2469 est

116 2526 303 2613 propositas,
327 2533 361 2594 et
380 2522 544 2594 enodatas
563 2522 646 2593 inibi
666 2522 868 2612 questiones
921 2520 1088 2613 ejusmodi
1109 2546 1117 2592 ε
1137 2523 1172 2591 in
1194 2522 1348 2594 unitione
1376 2521 1450 2592 due
1469 2528 1597 2591 nature
1612 2530 1692 2592 sunt

116 2646 310 2735 expenderit,
328 2646 492 2737 intelliget
510 2645 648 2716 omnino
661 2663 771 2734 neque
790 2662 868 2733 pro·
921 2646 1107 2735 conjuncte
1128 2669 1136 2713 :
1156 2645 1216 2715 sed
1239 2653 1316 2735 post
1341 2645 1531 2714 unitionem
1554 2644 1689 2714 nonnisi

116 2767 232 2840 linares
250 2770 346 2840 iniis
365 2767 584 2859 explicandis,
604 2786 705 2858 quam
725 2773 868 2856 eporte-
920 2789 988 2838 una
1001 2776 1122 2838 natura
1142 2768 1316 2838 incarnata
1332 2766 1436 2838 Verbi
1452 2766 1586 2837 exstitit.

116 2896 174 2970 ret,
202 2892 306 2964 luisse
342 2911 424 2975 uos;
463 2901 496 2961 et
533 2890 705 2981 aliquanto
737 2887 869 2978 longius
970 2892 1054 2962 item
1073 2890 1176 2976 illud;
1202 2911 1245 2960 an
1265 2897 1302 2960 ut
1334 2889 1425 2960 Deus
1450 2889 1554 2961 homo
1581 2889 1690 2962 lactus

115 3014 252 3104 progredi
277 3012 484 3105 disputanda
516 3014 677 3103 potuisse.
709 3011 808 3083 Nune
833 3019 870 3082 ut
921 3012 1056 3098 dieitur,
1085 3013 1133 3084 sic
1153 3012 1219 3083 dici
1239 3012 1358 3103 pessit,
1376 3012 1478 3084 hamo
1506 3020 1557 3085 est
1583 3011 1690 3087 lactus

116 3154 210 3224 opere
229 3138 319 3208 ratio
348 3143 497 3218 constet,
529 3153 694 3225 exponam
722 3132 869 3203 breviter
922 3136 1025 3219 Deus,
1043 3150 1143 3226 etque
1157 3156 1200 3206 an
1219 3143 1390 3206 momento
1410 3134 1522 3226 aliquo
1542 3133 1690 3207 humana

115 3256 308 3348 singulorum
327 3259 492 3330 librorum
511 3278 695 3342 summam,
711 3253 770 3347 qni
790 3265 868 3328 sunt
922 3260 1017 3349 prius
1035 3258 1182 3329 extiterit
1200 3267 1336 3341 natura,
1357 3278 1459 3349 quam
1479 3277 1557 3328 eum
1574 3257 1688 3331 Verbo

116 3400 239 3453 numere
257 3381 424 3453 sedecim.
897 3380 1119 3471 ,jungeretur
1144 3404 1152 3450 z
1177 3399 1240 3451 nee
1263 3399 1330 3451 nan
1350 3390 1465 3450 utrum
1497 3380 1688 3453 interventu

25 3524 98 3630 &a
154 3504 318 3595 inprime
342 3503 429 3574 libro
464 3502 639 3593 precipuae
672 3500 863 3581 traduntur,
922 3505 1054 3584 anime,
1075 3501 1128 3573 vel
1147 3502 1429 3574 mentisVerbum
1444 3522 1519 3574 eum
1540 3501 1689 3575 bumana

25 3638 93 3732 πθ
115 3646 145 3696 ao
167 3626 381 3700 declarantur
410 3625 566 3708 hereses,
602 3644 675 3715 que
707 3622 867 3694 aduersus
919 3629 963 3698 sit
982 3646 1083 3697 earne
1098 3624 1302 3715 copulatum.
1331 3624 1507 3699 Postremo
1534 3624 1577 3696 de
1595 3635 1689 3697 natu·

25 3740 83 3838 ξ·
115 3748 188 3820 illius
204 3749 354 3842 mysterii
375 3748 477 3819 tidem
498 3746 733 3827 dissimilibus,
756 3754 790 3816 et
816 3746 866 3815 in·
919 3768 1035 3821 rarum
1053 3763 1232 3835 περιχωρθθει,
1263 3768 1302 3819 ac
1329 3748 1576 3839 proprietatum
1600 3768 1688 3822 eom·
1732 3812 1739 3829 ,

115 3878 156 3940 ter
170 3893 204 3943 se
220 3872 402 3944 centrariis
422 3864 596 3941 erroribus
620 3869 780 3959 utrinque
797 3889 868 3939 cer·
919 3872 1148 3942 munientione
1164 3869 1352 3941 disseritur.

114 4002 209 4065 tatunt
234 4021 243 4066 ι
271 3993 461 4085 presertim
489 3991 575 4071 ille,
609 4010 683 4081 que
715 3990 800 4061 dues
832 3993 865 4061 iu
968 3994 1112 4079 Quintus
1132 3992 1218 4063 liber
1238 4003 1375 4062 naturas
1394 3991 1477 4062 dues
1504 3992 1687 4082 separatim

114 4113 227 4189 cbristo
259 4136 438 4209 personas,
468 4134 507 4186 ae
537 4123 674 4185 naturas
702 4113 864 4199 totidem;
920 4115 1111 4187 considerat
1131 4139 1138 4185 :
1159 4113 1223 4186 hoe
1247 4123 1298 4186 est
1320 4134 1361 4185 ea
1391 4123 1587 4206 pertractat,
1613 4135 1687 4208 que

115 4248 161 4309 aut
176 4249 328 4311 naturam
351 4240 387 4309 in
412 4236 532 4310 eodem
564 4237 713 4319 unicam,
748 4235 866 4308 itidem
918 4239 1070 4329 singulis,
1093 4258 1160 4329 qua
1178 4245 1257 4308 sunt
1274 4236 1376 4307 unite
1390 4237 1479 4307 inter
1498 4257 1547 4320 se,
1570 4257 1687 4310 conua-

116 4368 145 4427 ut
159 4381 333 4450 persenam
352 4362 463 4433 inesse
481 4359 681 4430 docuerunt.
920 4364 1017 4432 niunt
1037 4387 1044 4431 :
1065 4361 1154 4431 uelut
1177 4359 1219 4431 de
1238 4359 1352 4430 divine
1373 4358 1462 4430 istud
1483 4360 1683 4449 exquiritur,

154 4483 186 4553 ln
200 4483 363 4567 seeundo,
381 4483 424 4553 de
443 4482 553 4553 causis
577 4482 686 4571 agitur
706 4481 864 4553 lucarna-
919 4491 1169 4555 utrumnature
1184 4491 1305 4552 natura
1319 4482 1547 4572 copulatasit:
1564 4484 1685 4575 ecquid

115 4603 218 4692 tionis;
239 4605 433 4697 dequetine
453 4604 678 4695 potissimum,
705 4624 806 4695 quem
830 4605 863 4675 in
920 4627 1006 4678 unus
1027 4605 1069 4676 de
1102 4606 1264 4674 Trinitate
1293 4623 1411 4694 passus
1443 4604 1509 4675 diei
1535 4605 1684 4678 debeat:

118 4729 183 4797 uoti
213 4729 421 4800 sacramenti
450 4727 624 4797 molitione
653 4727 864 4817 propesitum
919 4751 957 4800 ae
976 4728 1018 4800 de
1034 4726 1170 4818 trisagio
1189 4727 1323 4819 hymno.

117 4844 329 4922 babuitlleus.
967 4851 1016 4922 De
1030 4850 1184 4921 humane
1198 4869 1290 4932 vero,
1317 4858 1454 4942 quaest
1476 4852 1582 4935 unita,
1611 4873 1686 4944 pro

156 4970 189 5041 ln
210 4975 307 5044 tertie
325 4982 525 5042 naturarum
549 4970 726 5041 ambarum
750 4972 865 5044 aretis·
917 4974 1001 5066 priis
1019 4972 1255 5043 allectionibus
1275 4973 1423 5063 primum
1447 4974 1685 5067 metaphysicis

117 5090 187 5163 sima
203 5094 382 5186 copulatio,
410 5113 512 5183 quam
529 5095 708 5164 unitiones
728 5105 859 5179 vocant,
916 5097 1034 5187 agitur.
1062 5095 1163 5166 Velut
1201 5103 1315 5165 utrum
1352 5096 1526 5185 propriam
1560 5096 1684 5189 habeat

119 5218 307 5302 exponitur:
337 5236 411 5306 que
438 5224 490 5285 est
516 5215 782 5299 iucarnationis,
813 5219 861 5288 uti
916 5218 1159 5289 existentiam:
1188 5218 1337 5308 itemque
1369 5218 1547 5307 preprium
1578 5218 1683 5289 subsi-

120 5331 266 5407 nominari
282 5338 368 5410 solet
386 5356 488 5408 causa
506 5335 667 5421 lermalis,
688 5358 727 5409 ac
745 5358 862 5429 quem·
914 5339 1022 5411 stendi
1061 5339 1200 5410 medum
1231 5364 1238 5409 :
1278 5348 1349 5408 tum
1376 5338 1496 5427 ecquid
1527 5337 1681 5415 humane

120 5454 280 5530 admodum
293 5460 427 5530 duabus
446 5460 533 5529 inter
543 5481 580 5531 se
600 5461 863 5550 congruentibus
915 5471 1041 5532 nature
1064 5462 1212 5531 accessio
1238 5459 1497 5551 quaternitatem
1517 5460 1550 5527 iu
1575 5459 1681 5532 Trini-
