4036 6162
573 294 623 354 DE
643 293 941 368 lnenuunrlonu,
963 295 1035 356 LlB.
1059 293 1094 371 ΙΙ,
1117 293 1198 357 CAP.
1223 295 1292 355 XII.
1665 297 1724 359 tte

143 454 254 533 potuit,
277 454 338 517 nisi
355 456 425 518 talis
445 457 596 520 mediator
620 458 775 538 existeret,
799 460 910 541 quide
959 462 992 522 in
1020 461 1154 522 meando
1181 459 1261 521 libro
1283 458 1324 521 ed
1350 458 1592 543 Trasimenicam,
1626 463 1725 539 eapite

143 544 321 608 eoelcsdbus
332 548 468 624 veniens,
485 550 664 611 couniretur
680 550 822 630 terrenis,
836 552 909 614 reti·
958 553 1107 630 secundo,
1135 552 1174 614 de
1201 550 1328 613 homine
1354 550 1466 631 probat
1481 571 1490 610 z
1507 571 1523 609 c
1541 551 1614 624 Quis
1640 552 1725 613 enim

143 638 657 721 nensinseidquodneuerat.c
958 643 1054 705 homo
1068 648 1170 725 posset
1180 642 1310 705 existere
1324 641 1462 705 medicus
1472 642 1604 704 humani
1615 642 1725 704 uulne-

182 729 343 792 Honorius
355 733 773 813 Augustodunensisinlibro
785 734 911 797 deProe·
960 736 1013 810 ris,
1036 754 1108 798 cum
1129 753 1238 797 omnes
1255 734 1289 796 in
1301 733 1403 795 radice
1425 733 1532 795 vitiata
1545 733 1726 796 communio

141 818 348 901 mauroso,
370 832 401 886 et
424 823 517 887 libero
540 825 665 888 arbitrio
693 826 716 900 ¹,
751 826 912 889 manifeste
960 826 1262 908 circumplecteretur
1276 826 1343 887 vitii
1352 826 1519 888 naturalis?
1532 825 1583 889 vel
1595 827 1727 906 qualiter

142 912 228 976 idem
240 914 320 977 illud
333 915 478 979 affirmat.
498 918 732 984 «Quodautem
750 918 844 983 Filius
857 918 911 981 Dei
960 927 1063 1000 posset
1094 938 1151 1000 per
1183 937 1216 981 se
1248 919 1350 981 solum
1374 918 1527 981 medelam
1558 917 1727 980 vulnerath

142 1006 397 1086 estincaruatus,
412 1008 653 1090 mquitscupre
661 1009 789 1072 homine
803 1011 913 1073 immo·
960 1011 1081 1086 afferre,
1111 1012 1199 1091 cujus
1225 1016 1311 1072 ortus
1338 1014 1495 1073 teneretur
1515 1008 1549 1070 in
1574 1008 1728 1072 vulneret

143 1097 224 1160 latus
241 1118 249 1162 τ
264 1106 418 1180 quonum
425 1101 464 1163 ad
472 1101 587 1181 ipsum,
601 1100 667 1162 sola
677 1100 737 1163 init
746 1102 910 1164 veluntas:
960 1122 1062 1185 quove
1075 1104 1168 1167 modo
1181 1102 1392 1166 beneficentiae
1408 1101 1535 1181 largitor
1546 1100 1729 1164 universalis

143 1196 298 1270 quantum
322 1192 362 1253 ad
383 1192 555 1265 hominem,
583 1211 706 1255 summa
736 1196 911 1257 necessitas.
962 1197 1114 1272 existeret,
1130 1214 1225 1277 quem
1244 1195 1354 1257 alienes
1368 1193 1436 1275 epis
1449 1193 1594 1272 indigum
1615 1200 1728 1255 uatma

143 1280 306 1345 ltisienim
319 1282 840 1365 hieincarnarctur,illenunquem
853 1285 913 1348 scl-
962 1289 1210 1349 monstraretis
1242 1287 1304 1350 Sed
1323 1305 1381 1349 nec
1402 1285 1578 1365 «Angelis-o
1592 1285 1729 1347 subsidie

142 1379 313 1437 versun.»
962 1381 1165 1461 reparationis
1183 1380 1244 1442 hec
1268 1397 1385 1444 munus
1407 1377 1533 1459 adipisci
1550 1379 1725 1457 potuisses
1802 1434 1804 1437 ,

183 1467 236 1528 Vl.
252 1468 344 1529 Hunc
356 1468 459 1549 ipsum
470 1468 688 1550 theologorum
696 1474 837 1532 veterum
847 1488 916 1532 sen·
963 1489 1038 1533 mex
1050 1472 1168 1534 asserit.
1190 1470 1364 1551 ‘Angelica
1383 1470 1499 1551 quippe
1520 1475 1631 1531 neuma
1651 1476 1729 1531 tunc

39 1582 55 1641 j
144 1577 215 1621 sum
227 1558 446 1623 uehementius
463 1561 652 1624 confirmant
672 1562 819 1640 rationes,
839 1581 916 1641 quas
963 1562 1084 1625 homini
1096 1563 1269 1644 reparando
1278 1563 1472 1643 aliquatenus
1484 1565 1563 1623 esset
1574 1560 1730 1640 idonea,si

9 1644 45 1675 '¹¹¹
103 1644 113 1674 ¹
144 1649 288 1732 plerique
308 1651 435 1715 illorum
456 1653 591 1716 afferunt
604 1672 661 1715 cur
690 1654 789 1716 Deum
815 1654 916 1716 homi·
963 1655 1092 1718 cadendi
1107 1655 1278 1718 mobilitate
1290 1670 1454 1737 uunquam
1464 1652 1646 1715 naturaliter
1658 1653 1731 1716 fuis-

144 1761 218 1805 nem
231 1744 303 1806 fleri
316 1762 441 1807 necesse
467 1744 572 1807 suerit.
582 1745 769 1807 Athanasius
788 1746 822 1806 in
835 1744 915 1807 libro
963 1752 1010 1809 set
1018 1747 1163 1810 obstricta
1179 1764 1271 1810 :cum
1283 1765 1358 1809 vero
1372 1763 1404 1808 se
1411 1744 1581 1824 juvaminis
1600 1762 1732 1825 egenam

143 1834 409 1906 delncemetsbuc,
425 1844 518 1918 negat
526 1836 616 1899 aliter
625 1838 736 1900 redimi
754 1837 916 1899 huminem
964 1839 1233 1902 consubstantialis
1259 1838 1360 1901 ruinae
1383 1837 1568 1899 documento
1590 1842 1730 1913 testetur,

144 1929 294 2009 potuisse,
308 1935 341 1991 et
353 1948 371 1990 a
385 1928 914 2010 corruptelaliherari,quemabec,
965 1931 1101 2011 proiecto
1115 1930 1310 2011 cognoscitur
1319 1928 1532 1990 multominus
1540 1928 1578 1989 ad
1586 1930 1732 1992 humanat

144 2021 198 2100 qui
217 2022 418 2102 incorruptus
439 2027 529 2100 esset,
544 2039 601 2084 nec
618 2022 729 2083 uiolari
744 2021 915 2083 ullomodo
966 2041 1054 2104 pesse
1066 2021 1335 2103 redintegrationis
1360 2019 1528 2081 efficaciam
1544 2019 1731 2099 redundare,

145 2119 261 2193 possm.
276 2115 358 2175 Tum
372 2132 446 2175 vcro
465 2113 583 2194 pcccati
593 2112 733 2175 hruditus
746 2117 914 2194 expertem,
966 2115 1174 2196 quapropriae
1180 2118 1315 2194 nequeat
1326 2111 1483 2175 stabilitati
1492 2111 1640 2184 sufficere,
1651 2118 1729 2175 ueto.

146 2210 177 2267 et
188 2203 421 2279 immutabiles,
436 2205 496 2267 hoc
509 2211 555 2268 est
563 2213 682 2286 ἄτρεπτον
697 2209 729 2266 et
747 2212 915 2269 ἀναλλοίωτον
965 2207 1133 2285 Exquibus
1144 2205 1300 2269 concludit
1311 2205 1409 2266 solam
1422 2202 1508 2264 illam
1517 2210 1663 2265 naturam
1672 2206 1734 2266 Au·

147 2314 216 2359 csse
230 2302 370 2377 oportere
379 2297 512 2373 doceut;
527 2296 582 2377 qui
595 2297 686 2370 verti,
708 2296 792 2359 etad
809 2315 915 2376 peeca-
966 2299 1051 2379 gelos
1064 2303 1191 2361 caurus
1204 2298 1321 2378 elapsu
1332 2295 1491 2358 continere
1500 2295 1646 2374 petresse,
1661 2315 1732 2376 quta

6 2392 124 2447 wis
149 2394 222 2451 tum
235 2388 385 2451 declinare
397 2397 530 2470 nequeat
538 2408 548 2465 ;
563 2393 595 2451 et
605 2389 643 2449 sit
651 2395 822 2470 ἀναμάρτητος
836 2409 845 2465 ;
861 2408 915 2451 eu·
966 2388 1404 2471 pecearenequeat.cProiecto
1410 2387 1731 2469 cognescitur,inquit,

142 2481 285 2563 jrmmedi
296 2481 380 2544 selus
390 2488 437 2544 cst
450 2483 542 2543 Deus.
552 2481 598 2542 lta
611 2499 736 2543 necesse
749 2481 841 2543 tuisse
853 2480 916 2543 dis-
966 2482 1115 2545 uniiornu
1126 2480 1390 2562 cunctoscpprimi
1398 2479 1535 2560 potuisse
1547 2479 1648 2541 ruinae
1662 2499 1734 2542 con·

147 2579 238 2656 putat
252 2573 438 2637 Athanasius
450 2573 484 2634 in
495 2572 574 2635 libro
584 2572 696 2653 primo,
712 2581 816 2635 contre
828 2573 919 2635 Arie-
967 2578 1072 2652 sertio,
1087 2575 1147 2637 nisi
1159 2573 1338 2654 quesvcllet
1350 2591 1369 2634 a
1379 2589 1452 2633 casu
1465 2570 1624 2652 pravitatis
1635 2573 1734 2635 virtus

147 2686 199 2728 uos
213 2666 238 2744 ¹,
254 2685 326 2747 quae
347 2667 441 2746 vulgo
459 2667 556 2728 oratio
579 2665 714 2727 secunda
727 2666 863 2746 ponitur.
880 2666 920 2726 Et
967 2666 1204 2744 iliadefendere,
1215 2685 1285 2746 quae
1291 2663 1731 2743 solanattnalitermutari,de·

146 2759 342 2839 Augustinus
366 2778 374 2820 z
405 2759 480 2819 clu
503 2776 566 2838 quo
589 2776 654 2819 non
680 2764 726 2820 est
747 2763 917 2838 peceatum,
966 2760 1151 2839 pravariquc
1174 2777 1238 2820 non
1251 2762 1363 2839 posset.
1382 2778 1394 2813 ι
1412 2754 1502 2818 Unde
1527 2756 1682 2833 universe,
1697 2777 1733 2820 ae

146 2850 265 2931 inquit,
288 2850 356 2932 ipse
379 2851 464 2913 venit
477 2850 598 2912 auterre
612 2854 783 2930 peecatum.
802 2850 882 2912 Nam
893 2851 919 2911 si
967 2849 1006 2911 de
1020 2851 1146 2913 homine
1160 2850 1289 2930 perinde
1304 2854 1340 2910 ut
1351 2849 1389 2910 de
1397 2847 1528 2926 Angelo,
1552 2849 1735 2928 prenuntiat

147 2949 228 3006 esset
248 2948 281 3004 et
302 2941 335 3004 in
348 2942 401 3004 illc
419 2948 593 3023 peccatum,
619 2941 920 3004 auferendum‘esset
967 2942 1011 3004 sic
1024 2941 1057 3004 ⁸:
1077 2944 1175 3023 clpsa
1198 2942 1294 3021 igitur
1315 2938 1540 3003 etiamhemini
1560 2941 1733 3020 reparando

147 3034 205 3109 illi,
220 3053 289 3096 nen
305 3035 372 3115 ipse
390 3035 536 3097 auferret.
552 3056 568 3093 u
588 3035 670 3094 Tum
689 3033 724 3095 in
738 3038 870 3095 tractatu
889 3033 920 3094 in
968 3031 1230 3109 fuitnccessaris3
1244 3033 1396 3113 quicum
1409 3030 1471 3093 alia
1483 3035 1617 3093 stantem
1630 3033 1733 3113 Ange-

148 3125 311 3189 Psclmum
331 3143 415 3190 cxxix
436 3126 494 3189 sub
514 3126 622 3189 finem.
653 3147 668 3183 c
682 3125 753 3186 Ideo
767 3125 921 3205 praecessit
968 3123 1037 3186 lum
1056 3144 1075 3187 a
1093 3125 1185 3187 ruina
1203 3124 1306 3206 potuit
1327 3123 1490 3195 custodire,
1512 3122 1573 3184 nisi
1590 3124 1652 3193 illa,
1664 3143 1735 3204 quse

148 3219 282 3281 illesine
295 3215 921 3299 peccato‚utdeleatpeceatasequentium
969 3217 1092 3298 lapsum
1106 3218 1270 3281 bominem
1292 3222 1361 3297 post
1377 3215 1502 3278 ruinam
1522 3216 1624 3296 potuit
1645 3235 1735 3297 repa-

148 3317 208 3375 ctr.
236 3311 316 3385 Quia
329 3310 569 3372 lsraelueudere
596 3328 629 3370 se
652 3308 764 3388 potuit,
800 3312 832 3371 et
852 3307 920 3370 fieri
969 3328 1080 3372 rare.»
1105 3310 1227 3371 ltanms
1239 3308 1300 3370 clio
1314 3308 1418 3383 modo,
1447 3325 1543 3386 quam
1558 3308 1668 3370 Clnisti
1682 3310 1737 3372 Dei

148 3402 419 3467 renundatmsub
432 3406 572 3484 peccate,
588 3400 740 3465 redimere
757 3418 789 3461 se
803 3400 842 3460 ab
856 3400 920 3461 ini·
970 3408 1001 3466 et
1013 3401 1149 3463 hominis
1161 3402 1350 3477 interventu,
1364 3417 1527 3462 excussum
1545 3399 1737 3465 hominema

147 3495 324 3579 quitatibus
336 3513 401 3557 non
415 3492 920 3576 potest.lllepetuitredimere,qui
969 3492 1221 3575 gratiaetsalute
1234 3492 1401 3554 instaurari
1409 3490 1558 3571 potuisse,
1573 3495 1735 3575 perspicua
1812 3568 1818 3580 .

149 3608 182 3652 se
197 3607 266 3651 non
290 3587 393 3669 petuit
415 3586 563 3649 uendere.
591 3585 651 3660 Qui
676 3603 742 3647 nen
766 3585 922 3646 commisit
970 3583 1355 3663 estsententiaFulgentii.

149 3686 328 3763 moratum,
347 3678 413 3761 ipse
434 3685 480 3741 est
506 3678 683 3758 redemptor
709 3696 728 3737 a
753 3681 917 3758 peccato.»
1010 3678 1082 3738 Vll.
1099 3675 1225 3738 Procius
1248 3676 1409 3756 episcopus
1432 3675 1610 3755 Cyzicenus,
1632 3685 1738 3758 postea

149 3771 316 3846 Eusebius,
336 3771 391 3851 qni
414 3771 593 3832 Emisseuus
611 3769 704 3844 vulgo
726 3767 849 3847 dicitur,
865 3767 922 3830 ho-
971 3767 1337 3847 Constantinopolitanae,
1358 3767 1392 3829 in
1411 3767 1541 3829 homilia
1560 3770 1737 3848 quadsmin

149 3866 241 3928 milia
267 3881 301 3925 vr
327 3861 364 3923 de
391 3859 535 3925 Pescbcte
563 3880 571 3922 :
601 3883 613 3919 s
641 3861 710 3922 Nou
746 3860 920 3937 subvenire,
970 3860 1008 3923 B.
1042 3859 1202 3941 l'irpiecm,
1235 3862 1422 3931 «Duorum,
1457 3858 1571 3938 iuquit,
1604 3861 1737 3923 alterum

149 3956 270 4038 inquit,
288 3959 412 4037 peceato
430 3958 551 4033 poterat
572 3952 666 4014 simili
679 3958 801 4032 peccato
825 3951 923 4014 obno-
971 3951 1133 4034 oportebat
1145 3951 1238 4013 lieri:
1263 3951 1313 4012 vel
1332 3968 1440 4013 omnes
1452 3951 1613 4013 serrtentiae
1630 3954 1740 4015 mortis

149 4049 248 4111 sins:
278 4066 337 4110 nee
354 4044 541 4108 intervenire
568 4063 624 4125 pre
648 4044 744 4106 servis
761 4042 923 4105 adstrictus
971 4044 1135 4123 subjici,ec
1149 4043 1350 4123 quodemnes
1360 4049 1584 4122 peceaverunt;
1598 4045 1740 4124 velejus·

150 4140 277 4222 legibus
285 4138 452 4202 servitutis.
463 4158 480 4196 u
490 4136 531 4198 Et
544 4142 616 4198 ante
629 4136 714 4198 huno
728 4134 920 4197 Ambrosius.
972 4136 1057 4197 medi
1069 4136 1206 4215 pretium
1214 4133 1353 4215 rependi,
1369 4134 1453 4213 quod
1466 4134 1506 4195 ad
1524 4133 1610 4197 inam
1622 4137 1738 4199 rescin-

154 4234 244 4297 «ffic
258 4233 343 4295 solus
372 4236 473 4312 potest
493 4247 603 4291 sanare
616 4228 748 4290 vulnera
768 4245 850 4305 mea,
866 4227 922 4308 qui
972 4227 1107 4289 desdam
1117 4226 1347 4288 damnationem
1355 4225 1524 4305 plenojure
1535 4228 1740 4291 valeretiam

150 4345 210 4388 sua
231 4325 375 4388 nescit»
406 4321 580 4384 hemardus
607 4338 749 4383 sermone
773 4335 870 4381 xxvm
890 4319 924 4380 ic
972 4337 1047 4381 vero
1068 4318 1200 4380 salutem
1223 4318 1318 4380 hemo
1341 4317 1480 4380 conferre
1507 4337 1572 4379 nou
1593 4326 1738 4400 poterat:

151 4419 291 4495 Curetica,
324 4437 340 4475 r
367 4417 503 4496 Oportet,
531 4413 646 4493 inquit,
670 4430 735 4475 esse
758 4411 825 4473 sine
851 4429 922 4491 pec·
973 4414 1088 4491 quippe
1102 4410 1157 4490 qui
1170 4415 1203 4471 et
1214 4410 1280 4491 ipse
1293 4410 1410 4490 peccati
1421 4410 1561 4473 debitum
1580 4418 1739 4476 conuexe-

151 4517 222 4572 cate
235 4525 322 4576 eum,
346 4506 402 4585 qni
414 4505 495 4568 tollit
516 4510 640 4585 peecata
664 4502 785 4573 mundi,
808 4502 925 4583 quoad
973 4509 1030 4566 rat.
1049 4502 1111 4565 Sed
1125 4521 1183 4564 nec
1195 4500 1331 4579 Angelus
1343 4502 1519 4565 humanum
1536 4521 1637 4583 genus
1653 4512 1741 4586 pote·

150 4600 400 4666 mactandos
423 4602 598 4679 peccatores
617 4593 763 4658 inventus
780 4594 923 4672 idoneus,
973 4601 1023 4657 rat
1049 4594 1213 4657 redimere.
1239 4593 1319 4655 Nam
1347 4593 1416 4655 talis
1438 4594 1530 4675 pretii
1552 4594 1642 4676 inops
1661 4606 1740 4661 eret.

148 4694 226 4772 juro
237 4692 425 4755 slbincmcn
436 4689 580 4752 vmdicet
594 4686 808 4750 Salomonis.»
974 4687 1118 4750 Restabat
1139 4686 1235 4767 igitur
1254 4691 1291 4746 ut
1308 4704 1366 4767 pro
1386 4685 1436 4764 iis,
1460 4687 1514 4766 qui
1530 4696 1741 4769 peccaverant,

192 4783 379 4866 complures
397 4782 493 4844 etiam
510 4799 570 4844 nec
586 4780 626 4842 ab
648 4778 787 4856 homine,
808 4796 867 4841 uec
885 4778 926 4840 ab
975 4777 1206 4859 impeccabilem
1221 4778 1303 4840 meri
1315 4783 1473 4858 oporteret
1483 4780 1594 4843 licum.
1610 4781 1646 4842 Id
1659 4782 1744 4844 enim

153 4874 288 4960 bugeio,
309 4875 361 4937 vel
378 4873 523 4936 universe
545 4870 585 4934 ab
608 4870 695 4933 nubs
714 4874 856 4932 ereatura
868 4888 924 4950 pe·
975 4876 1134 4952 supererat
1147 4870 1277 4933 unicum
1296 4870 1373 4932 mali
1384 4870 1559 4935 remedium
1572 4883 1597 4935 ⁰.
1614 4894 1630 4933 u
1646 4876 1744 4938 Euse-

153 4970 252 5033 tuisse
264 4967 392 5031 liberari
404 4964 565 5028 bominem
584 4964 730 5027 sentiunt.
748 4961 926 5044 Fulgentius
974 4962 1046 5025 bius
1060 4962 1266 5040 cesariensis,
1282 4963 1432 5043 quoniam
1441 4982 1497 5046 per
1510 4963 1653 5029 minem
1666 4987 1745 5030 mers

192 5150 215 5192 α
231 5134 329 5191 Proui.
354 5132 387 5189 tc
407 5134 492 5187 Hom.
516 5144 581 5202 quae
610 5134 653 5186 est
679 5128 743 5186 init.
768 5127 839 5201 Eph.
861 5145 924 5200 syn.
975 5133 1088 5186 τοιοῦτον
1103 5129 1204 5198 δοθῆναι
1221 5128 1282 5203 τρδς
1294 5127 1416 5184 ἀντίδοσιν
1433 5129 1538 5203 τίμημα,
1552 5123 1574 5201 ᾧ
1590 5131 1636 5182 πᾶν
1650 5129 1745 5206 ὑπῆρχε

156 5214 232 5273 Ἔδει
245 5214 328 5272 τοίνυν
341 5217 408 5268 stote
431 5213 542 5286 θάτερον,
565 5215 581 5280 ἢ
603 5215 675 5266 πᾶσιν
697 5211 831 5286 trapideus
844 5212 886 5266 ros
900 5209 927 5265 ἐκ
976 5207 1099 5285 δικαίωμα
1112 5212 1172 5287 πρὸς
1186 5212 1345 5285 παραίτησιν.
1362 5213 1486 5285 ἅνθρωπος
1500 5210 1543 5285 pls
1555 5206 1597 5267 οὖν
1612 5217 1690 5267 σῶσαι
1702 5214 1747 5267 oba

159 5305 204 5369 τῆς
219 5298 351 5368 καταδίκης
376 5297 493 5361 θάνατον,
507 5294 600 5364 ἐπειδὴ1
610 5297 650 5350 καὶ
667 5295 755 5360 πάντες
774 5294 926 5368 irrepunt}
977 5293 1093 5364 ἠδύνατο·
1111 5294 1222 5350 buturuo
1242 5292 1290 5368 γὰρ
1303 5300 1341 5368 τῷ
1353 5295 1422 5368 χρία
1442 5298 1486 5362 τῆς
1499 5292 1627 5367 ἁμαρτίας.
1644 5294 1748 5369 ἅγγελος

187 5443 200 5488 t
214 5442 277 5490 τοι.
286 5441 315 5488 ix
326 5439 383 5488 stu.
396 5440 439 5488 PP.
451 5437 702 5491 ceraue-sumn.
713 5436 832 5486 occet
842 5435 907 5495 rur.
919 5436 951 5485 n.
965 5448 986 5485 c.
999 5447 1034 5487 ur.
1146 5498 1149 5503 Δ
