3994 6164
350 307 412 371 utu
858 307 1183 385 THEOIDGIGORUM
1208 307 1426 373 beautron

350 472 499 552 suscepit,
526 481 632 555 aperte
654 476 796 539 eamdem
817 483 923 540 tuetur
948 477 1109 554 heresim,
1170 476 1431 540 enimsinaemni
1439 476 1901 548 rationesicinsenisrcvidentar:

354 568 753 632 cunamessaveluntatem
761 569 919 633 affirmans
929 569 1109 643 divinitatis,
1169 587 1227 632 nec
1235 570 1434 632 vensnbsuis
1442 570 1670 633 dissimulandis
1680 569 1783 633 lucum
1791 572 1901 653 nulum,

349 656 612 740 humanitatisque
626 662 792 724 christino
803 664 848 724 ita
857 667 894 724 ut
902 663 994 725 unica
1004 663 1114 723 velun·
1168 662 1340 742 speciemve
1363 664 1518 743 quesisse.
1548 666 1615 725 Due
1650 663 1774 725 omnine
1803 668 1903 746 reperio

348 754 411 811 tate
425 758 492 814 tum
505 758 577 816 ante
589 761 762 835 susceptam
775 774 900 819 carnem
913 756 1116 818 mundumcx
1168 756 1335 817 commenti
1367 756 1449 817 itlius
1484 756 1642 837 presidia:
1672 774 1800 836 quornm
1823 777 1903 821 unum

348 842 446 905 nihilo
455 864 617 925 procreare
630 849 775 927 uoluerit,
789 850 892 928 etjam
900 850 996 910 hemo
1005 848 1113 925 iactus,
1167 848 1306 923 radone,
1322 848 1454 910 alterum
1464 849 1645 909 anctoritate
1654 852 1779 909 constat.
1793 849 1903 913 Βιθοιιι
1919 878 1962 932 gg,

349 935 465 1013 cibum,
498 957 534 1000 aa
559 958 705 1002 somnum
734 943 918 1022 appetierit,
944 948 1115 1021 ceteraque
1167 939 1216 999 usi
1229 941 1466 1021 suntprmcipue
1480 940 1606 1021 duplici.
1623 940 1904 1021 Primumitadispn
1928 940 1962 1037 eq

349 1030 533 1093 conditionis
545 1032 692 1095 humanas
712 1034 846 1115 propria.
871 1035 944 1096 Haec
957 1040 989 1099 at
1009 1034 1071 1095 alia
1083 1035 1116 1097 id
1166 1030 1292 1094 tabant:
1318 1035 1473 1109 Actiones,
1488 1051 1621 1095 necnon
1634 1032 1811 1109 uoluntates,
1823 1033 1903 1113 hype-
1927 1040 1962 1145 ἰγ

350 1137 449 1199 genus
476 1122 640 1203 objiciente
667 1127 802 1189 Maxime
826 1126 963 1206 Pyrrhus
976 1127 1115 1207 agnoscit
1167 1124 1274 1184 stasim
1287 1126 1385 1205 sequi,
1398 1143 1463 1185 nen
1478 1130 1644 1200 naturam3
1659 1124 1904 1188 heccsttnocrmst
1926 1153 1962 1201 „a

348 1212 438 1274 initio
448 1213 674 1296 disputationis.
1166 1232 1232 1276 esse
1245 1226 1380 1298 θελήματα,
1396 1227 1575 1297 ιιοιιρυαιιάι
1590 1215 1904 1297 adaequemultiplicari
1932 1204 1962 1312 ,γ

387 1306 444 1367 lv.
466 1308 573 1369 Exstat
591 1310 716 1371 Macarii
742 1309 929 1372 Antiocheni
956 1310 1112 1386 acerrimi,
1165 1324 1223 1387 pre
1237 1308 1595 1388 numerehypestaseon‚
1610 1312 1787 1370 nouantem
1798 1312 1903 1367 natura·

347 1403 379 1458 et
400 1398 631 1463 obstinatissimi
649 1403 869 1465 Monethcletm
894 1404 1020 1464 verbosa
1041 1402 1114 1464 fidei
1166 1417 1246 1461 rum.
1264 1401 1342 1461 Cum
1370 1400 1466 1480 igitur
1488 1402 1521 1461 in
1544 1401 1679 1476 Christo,
1703 1399 1766 1461 ime
1791 1398 1903 1461 Christus
1961 1452 1962 1467 ,

347 1490 494 1570 professio
522 1493 603 1555 iuter
629 1502 696 1556 acte
718 1495 830 1574 synodi
850 1499 962 1556 sexta:
992 1496 1026 1556 in
1052 1513 1114 1575 qua
1165 1493 1241 1572 ipse,
1269 1494 1310 1554 sit
1331 1512 1413 1555 uuus
1437 1494 1563 1570 voleus;
1585 1493 1756 1555 necessario
1780 1491 1904 1571 putabant
1961 1524 1962 1527 =

347 1587 417 1662 pest
431 1582 490 1643 elia
504 1585 661 1647 catholica.
675 1592 881 1648 consentanea
903 1587 974 1647 fidei
995 1587 1034 1648 de
1056 1606 1112 1648 na·
1166 1585 1270 1665 sequi,
1294 1603 1391 1647 amam
1417 1586 1513 1666 ipsius
1541 1604 1609 1648 esse
1632 1585 1833 1658 uoluntatem,
1854 1583 1903 1644 sire

347 1675 425 1736 turis
438 1676 558 1739 duabus
570 1677 604 1739 in
619 1679 752 1756 Christe,
777 1684 808 1741 et
826 1698 888 1741 una
903 1697 1050 1759 persena;
1075 1680 1113 1742 de
1165 1677 1344 1740 vetitionem.
1362 1679 1474 1740 Utrum
1488 1697 1564 1741 vcro
1589 1679 1629 1740 dc
1652 1679 1771 1740 actione
1787 1677 1847 1757 ipsa
1860 1692 1903 1736 re·

346 1767 486 1846 ejusdam
499 1771 677 1850 operatione
691 1772 793 1852 pergit
805 1772 851 1834 ita
874 1771 995 1833 dicere:
1016 1794 1028 1829 ι
1044 1773 1114 1833 Non
1165 1769 1250 1831 leudi
1259 1772 1372 1850 petius,
1383 1790 1479 1851 quam
1492 1773 1531 1833 de
1544 1770 1753 1850 naturalicp'us
1766 1767 1901 1850 principie,

346 1860 436 1922 illum
458 1862 746 1926 divinasecundum
764 1865 880 1926 Deum:
895 1883 953 1926 nec
975 1864 1114 1926 humana
1166 1868 1197 1924 et
1214 1862 1375 1941 factitata,
1388 1864 1423 1925 in
1436 1864 1490 1925 illa
1503 1864 1713 1925 controversia
1726 1859 1904 1924 sermoluerit

346 1955 515 2018 secuudum
542 1956 702 2017 hominem
728 1958 848 2036 egisse:
876 1975 987 2018 verum
1015 1959 1113 2019 Deum
1165 1957 1322 2035 utrimque
1335 1957 1612 2018 contendentibus:
1629 1953 1903 2036 quemadmodumet

345 2045 506 2109 hominem
527 2047 659 2123 factum,
688 2066 803 2109 nevam
818 2049 985 2128 quamdam
1009 2048 1112 2111 Deivi-
1165 2049 1352 2110 universede
1366 2048 1903 2130 crtpprsamagtsquamdeasffimc
1961 2060 1962 2065 ’

345 2139 435 2202 rilem
452 2141 679 2221 operationem,
698 2141 900 2221 eamdemque
919 2146 1018 2201 totam
1034 2141 1112 2203 vivi·
1165 2150 1299 2222 δυνάμιας
1325 2142 1363 2203 de
1382 2141 1440 2202 hec
1463 2148 1569 2222 postea
1583 2143 1643 2205 erit
1656 2139 1820 2203 accuratius
1831 2071 1962 2229 unffi

344 2229 436 2293 fleam
445 2230 654 2295 esurisset.»
671 2233 789 2313 Quippe
800 2252 911 2308 unum,
927 2239 957 2294 et
967 2235 1113 2297 cumdem
1165 2234 1307 2295 rendum.
1325 2234 1391 2294 Hac
1409 2235 1681 2312 argumentatione
1703 2232 1834 2312 Pyrrhus
1857 2229 1902 2289 im·

343 2323 437 2386 luisse
460 2324 659 2398 divinorum,
688 2331 719 2386 et
743 2325 956 2388 humanorum
981 2344 1113 2405 eperum
1164 2326 1273 2406 primis
1281 2326 1637 2404 Maximumaggreditnr
1646 2326 1680 2387 in
1689 2324 1825 2387 Africana
1833 2319 1902 2383 eula-
1961 2352 1962 2377 t

345 2415 538 2479 effectorem:
557 2417 663 2478 eadee
679 2422 715 2478 ut
728 2418 1113 2498 etcarnispreprialnerit
1164 2418 1266 2479 hone:
1299 2419 1357 2480 hac
1392 2417 1507 2497 reliqui
1539 2436 1650 2479 omncs
1683 2433 1803 2479 causam
1833 2431 1902 2474 suam

344 2509 469 2588 passio;
488 2527 558 2588 qum
570 2514 676 2571 tamma
689 2528 708 2570 a
721 2509 882 2571 divinitate
897 2510 1036 2588 sejuncta
1049 2530 1114 2572 non
1163 2509 1271 2570 fulcire
1291 2509 1394 2571 cenati
1407 2508 1516 2585 sunt⁰¹3
1533 2509 1602 2571 fieri
1615 2527 1709 2589 posse
1722 2512 1864 2586 negantes,
1876 2510 1902 2563 ut
1961 2552 1962 2579 γ

344 2607 441 2677 esset3
470 2602 611 2681 quamvis
629 2602 807 2681 passionem
834 2619 899 2663 nen
926 2602 964 2662 sit
987 2609 1113 2682 experta
1164 2601 1372 2681 multiplicatis
1397 2601 1625 2671 voluntatibus,
1657 2620 1721 2663 nen
1745 2596 1902 2677 mrdtipliea·

343 2693 508 2756 divinitas:
535 2699 566 2754 et
591 2694 647 2755 Dei
673 2694 799 2781 propria
829 2693 922 2755 luerit
955 2696 1110 2774 operatio;
1164 2695 1643 2768 rentruetiemvetentcuoaod
1657 2692 1767 2755 refellit
1777 2689 1902 2753 Maximus

343 2787 555 2866 quamvisper
570 2787 742 2848 humanam
766 2804 854 2847 suam
876 2792 1031 2863 naturam,
1054 2787 1113 2849 hec
1164 2805 1228 2847 non
1241 2786 1302 2848 illic
1316 2786 1429 2864 solum,
1445 2786 1498 2848 scd
1517 2787 1613 2849 etiam
1636 2787 1671 2847 in
1683 2785 1749 2847 aliis
1761 2778 1900 2864 opusculis,

343 2885 390 2941 est
402 2884 497 2940 tetam
513 2886 651 2941 nestram
666 2897 815 2955 massam,
837 2878 923 2939 illam
944 2879 1112 2957 expleverit
1163 2884 1199 2939 ut
1212 2898 1269 2941 sue
1282 2878 1350 2941 loce
1362 2880 1502 2941 dicetur:
1521 2897 1580 2941 nee
1592 2897 1660 2941 nen
1672 2879 1805 2940 ioannes
1816 2875 1903 2936 eane

343 2973 446 3049 unica,
462 2976 493 3031 et
516 2971 582 3033 seta
605 2972 765 3033 voluntate
793 2971 919 3043 diuina,
942 2989 1013 3032 cnm
1027 2971 1061 3033 in
1074 2989 1111 3033 ee
1163 2970 1334 3048 scenus¹,et
1347 2972 1485 3052 plerique
1498 2970 1563 3034 alii.

344 3065 525 3145 neutiquam
544 3065 689 3126 voluntas
705 3064 855 3124 exstiterit
879 3062 951 3138 alia,
967 3065 1016 3125 vel
1029 3064 1110 3130 obsi·
1202 3066 1254 3126 Vl.
1267 3065 1407 3127 Alterum
1415 3072 1637 3144 argumentum
1646 3052 1903 3139 illerumejusmedi

343 3162 439 3233 stans,
455 3164 486 3219 et
500 3157 655 3218 contrarie
668 3156 780 3217 divium
807 3155 914 3235 ipsius,
939 3162 971 3216 et
992 3158 1111 3235 petenti
1162 3157 1238 3219 luit:
1254 3176 1320 3219 nen
1345 3175 1434 3237 pesse
1460 3157 1636 3220 voluntates
1662 3157 1737 3219 duas
1764 3154 1796 3215 in
1815 3150 1902 3211 uacat

280 3246 283 3253 ⁴
343 3249 388 3310 illi
408 3250 570 3312 voluntati.
599 3247 792 3327 Impossibile
816 3253 862 3308 ast
888 3248 1019 3309 enimin
1033 3267 1107 3320 une,
1163 3251 1271 3312 eadem
1296 3250 1396 3311 inesse
1423 3267 1567 3329 persona,
1591 3251 1654 3311 nisi
1678 3245 1842 3311 cennens.
1864 3241 1901 3300 lit

343 3342 515 3422 eodemque
529 3341 651 3404 Christo
665 3343 730 3403 Dee
746 3344 852 3401 nostro
866 3339 943 3400 duas
957 3340 1066 3413 simul,
1081 3348 1112 3403 ct
1163 3344 1301 3424 Pyrrhus
1325 3344 1359 3404 in
1385 3342 1494 3403 cadem
1520 3342 1697 3419 cellatione,
1718 3366 1732 3394 ε
1744 3330 1901 3419 impossibile

343 3433 454 3494 eedem
467 3441 608 3515 tempore
627 3433 808 3502 contrarias,
824 3433 984 3493 autetiam
997 3433 1112 3495 similes
1163 3444 1221 3512 est,
1240 3434 1353 3514 inquit,
1382 3434 1416 3494 ia
1428 3451 1492 3494 una
1505 3452 1641 3515 persona
1667 3435 1742 3495 duas
1763 3432 1900 3491 iussere

342 3526 516 3588 voluntates
529 3527 722 3588 subsisteret
733 3548 748 3585 u
1163 3528 1298 3589 luntatcs
1308 3527 1425 3606 absque
1439 3526 1658 3588 contrarietate
1667 3525 1690 3587 t,
1705 3548 1720 3585 ν
1737 3525 1829 3601 Atque
1848 3515 1901 3577 hut

382 3618 420 3680 V.
445 3620 490 3679 Ex
503 3619 542 3679 iis
557 3619 681 3680 Macarii
703 3617 823 3691 verbis,
839 3637 875 3679 ac
889 3619 1018 3695 caeteris,
1040 3636 1110 3697 quaa
1163 3619 1412 3699 frequentissime
1446 3618 1486 3679 ab
1518 3619 1673 3681 hereticis
1698 3617 1758 3679 illis
1780 3612 1901 3688 usurpata
1961 3612 1962 3615 ’

343 3709 488 3791 deinceps
501 3710 652 3790 pertexit:
668 3717 735 3772 tum
748 3709 1009 3788 exaliissjusdem
1023 3716 1109 3772 anbr-
1163 3712 1242 3773 ratic
1257 3717 1323 3786 est3
1338 3729 1401 3790 qua
1419 3715 1451 3773 et
1474 3711 1604 3772 minime
1624 3711 1706 3772 male
1727 3698 1900 3783 regionibus

341 3802 479 3882 signenis
492 3802 629 3879 haeresis,
644 3808 736 3881 atque
757 3802 852 3863 ctiam
872 3802 1028 3863 catholicis
1041 3803 1111 3864 doc-
1163 3804 1321 3865 interdum
1362 3802 1520 3864 catholicis
1560 3803 1740 3877 illuserunt,
1779 3804 1901 3873 unqua

343 3894 474 3968 toribus,
489 3895 543 3975 qui
557 3894 764 3956 contraibam
777 3893 981 3973 scripserunt,
996 3894 1113 3975 perspi·
1164 3896 1300 3959 actiones
1334 3915 1369 3957 ac
1395 3895 1572 3963 voluntates
1600 3896 1678 3958 duas
1704 3911 1767 3956 nen
1788 3885 1901 3951 absolute

342 3994 498 4063 caumest,
506 3986 619 4066 quibus
625 3985 840 4053 firmamentis,
849 4004 885 4046 ae
893 3984 1112 4047 verisimilibus
1163 3994 1314 4067 negarent
1326 3988 1360 4048 in
1374 3988 1514 4063 Christe;
1539 4007 1634 4067 aquo
1654 3995 1722 4049 tum
1733 3989 1902 4046 communem

342 4079 536 4155 argumentis
573 4079 621 4139 nsi
649 4080 712 4139 sint
741 4076 958 4139 Menetheletes
984 4079 1023 4139 ad
1049 4084 1115 4140 tam
1163 4080 1288 4141 illerum
1314 4098 1452 4157 sensum,
1478 4087 1547 4141 tum
1559 4078 1762 4161 Scriptorum,
1775 4080 1804 4136 et
1813 4068 1901 4132 ortlro·

342 4171 444 4233 stolidi
478 4171 633 4250 dogmatis
665 4170 840 4231 taciendam
871 4169 978 4232 fldem.
1007 4171 1115 4250 Neque
1164 4173 1252 4233 dorse
1266 4173 1339 4235 fidei
1353 4173 1494 4251 regalem
1507 4172 1676 4236 abhorrere
1688 4170 1843 4233 normani:
1860 4155 1901 4218 Μ

378 4388 399 4430 ct
418 4370 522 4432 Mittit.
537 4372 568 4430 ln
582 4376 700 4445 erepet.
714 4388 778 4431 oum
794 4371 858 4445 Pyr.
874 4372 936 4430 iuli.
954 4372 1002 4427 ‘hb
1017 4374 1112 4447 θέλημα
1163 4378 1208 4429 ota
1220 4376 1290 4437 όντος
1304 4374 1328 4429 ἔν
1339 4372 1405 4448 ebrit
1419 4375 1721 4449 καὶᾶλλονθελήγιατος,ἢ
1736 4368 1899 4427 burianum

340 4461 384 4526 τῆς
397 4458 511 4527 θεότητος
525 4458 570 4513 reti
587 4457 703 4531 Χριστοῦ,
719 4458 760 4511 καὶ
774 4461 818 4529 τῆς
841 4456 1027 4531 ἀνθρωπότητος
1037 4457 1112 4512 circis
1162 4461 1203 4514 aeri
1217 4458 1382 4531 ἀντικειμένου
1397 4464 1433 4532 τῷ
1443 4458 1500 4532 θείῳ
1515 4456 1647 4525 ebremud
1662 4458 1754 4528 δυνατῷ
1763 4451 1837 4521 latitat
1847 4442 1900 4508 θθό

343 4538 496 4603 δοξάσαντες.
1162 4563 1231 4617 ματι·
1244 4543 1363 4596 ἀδύνατον
1378 4541 1425 4614 γὰρ
1441 4539 1465 4594 ἔν
1483 4541 1518 4595 to
1529 4542 1569 4595 ael
1584 4545 1620 4613 τῷ
1636 4541 1703 4614 αθτῷ
1713 4540 1803 4612 Χριστῷ
1815 4535 1847 4603 ri»
1864 4527 1901 4594 θὶῷ

379 4624 396 4679 ό
415 4625 567 4681 Messala
588 4630 642 4680 act.
663 4641 722 4692 νιιι,
743 4624 772 4680 iu
786 4640 851 4695 syn.
873 4639 912 4680 νι.
936 4622 971 4680 Oi
985 4624 1033 4697 γὰρ
1051 4624 1114 4678 κατὰ
1161 4632 1232 4699 ἡμῶν
1251 4627 1295 4681 δύο
1309 4627 1370 4700 ἅμα,
1384 4625 1425 4678 και
1439 4624 1502 4680 κατὰ
1522 4624 1611 4680 ταύτόν
1627 4622 1733 4689 treenta,
1754 4621 1769 4689 ἢ
1789 4616 1825 4670 καὶ
1843 4612 1900 4683 itti

342 4706 396 4759 θεόν
411 4702 442 4759 τθ
455 4707 516 4769 θεῖα,
532 4704 585 4759 ota’
600 4701 631 4758 ab
640 4704 703 4761 κατὰ
717 4707 844 4779 ἄνθρωπον
854 4706 885 4762 τό
895 4706 1043 4780 ἀνθρώπινα,
1055 4696 1113 4761 ἀλλ’
1162 4708 1295 4783 θρεστάναι
1305 4710 1440 4782 θελήματα.

343 4788 528 4862 ἐνανθρωτήσας
550 4791 603 4852 θεός
627 4790 703 4862 λόγος
720 4791 804 4859 καινήν
832 4807 887 4845 τινα
908 4790 952 4860 τὴν
975 4791 1113 4863 θιανθριαὴν
1198 4792 1303 4850 dPru.
1320 4787 1402 4846 Eleia
1419 4784 1661 4864 εἴςΧριστθς,ὣςεῐς
1674 4774 1898 4869 τόντωςιιαὶἤθεθῐνγ

343 4868 475 4943 ἐνέργειαν,
485 4873 526 4925 καὶ
536 4873 625 4940 ταύτην
640 4872 700 4940 dirps
710 4872 831 4936 ζωοποιθν
845 4870 1013 4929 torretorre.
1163 4877 1185 4930 εἰ
1199 4876 1225 4931 at
1238 4877 1271 4938 ὡς
1284 4876 1381 4945 ἤθελεν,
1393 4876 1418 4928 ἓν
1433 4876 1529 4939 πάντως
1542 4874 1616 4928 αὐτοῦ
1631 4875 1671 4927 καὶ
1685 4872 1714 4927 cb
1729 4869 1823 4939 itlutffls
1834 4858 1866 4912 ²²¹
1876 4870 1899 4905 θ’*

379 4969 394 5009 0
413 4953 482 5010 lbid.
503 4952 551 5017 Ὦς
563 4949 625 5009 εἶναι
637 4959 680 5023 τῆς
694 4955 736 5028 μὲν
750 4957 839 5029 σαρκός
853 4958 883 5011 τό
896 4959 971 5021 πόθος
990 4957 1018 5011 eir
1032 4976 1112 5030 κεχω·
1163 4960 1216 5014 hire.

344 5038 457 5110 ρισγιένης
469 5038 582 5105 δηλονότι
592 5035 619 5091 ts
632 5042 675 5106 τῆς
685 5039 807 5108 θεότητος,
824 5037 845 5093 εἰ
855 5042 896 5093 καὶ
912 5039 945 5113 μὴ
961 5041 1074 5109 θεότητος
1082 5036 1111 5109 όν
1199 5058 1214 5098 e
1232 5040 1300 5097 tbid.
1324 5038 1466 5105 Ἀθθνιιτον,
1487 5043 1539 5104 τοῖς
1556 5041 1674 5114 θιλήμασι
1696 5036 1728 5112 μὴ
1746 5019 1898 5099 wtifflfflffl

343 5120 373 5175 τό
386 5121 501 5194 πάσχειν,
515 5128 558 5176 τοῦ
582 5121 608 5175 bl
621 5112 677 5174 troi
697 5120 741 5189 τὴν
764 5121 893 5194 ἐνέργειαν,
916 5122 937 5176 εἰ
956 5123 996 5176 καὶ
1016 5120 1056 5176 ad
1070 5126 1113 5190 τῆς
1163 5127 1220 5188 τοθς
1229 5125 1353 5187 θέλοντας.

343 5202 529 5278 ἀνθρωτότητος
541 5204 625 5268 αὐτοῦ,
640 5206 764 5259 τουτέστιν
777 5206 836 5258 dites
848 5200 893 5259 τοῖι
905 5205 1024 5277 ἡμετέρου
1038 5207 1113 5278 ρνρό-
1201 5206 1301 5280 [Ρνιι.
1318 5207 1385 5266 ibid.
1404 5206 1533 5262 Ἀδύνατόν
1555 5206 1619 5262 ἔστιν
1646 5207 1670 5261 ἐν
1691 5202 1723 5258 ἔνι
1744 5182 1897 5272 ιιρννθθθθ60

343 5307 420 5360 ματος
429 5289 519 5357 ταύτην
534 5287 674 5362 ἐπλήρωσεν
689 5288 773 5343 luisci
782 5290 852 5362 μόνῳ
865 5290 923 5362 θείῳ
932 5290 1061 5361 θελήματι.
1076 5291 1110 5353 ὡς
1165 5288 1283 5361 &thihero
1296 5292 1443 5364 σνννττόρξαι
1451 5292 1577 5366 θελήματα
1589 5292 1646 5347 όνεν
1660 5282 1821 5344 correctar-

370 5481 382 5525 ό
398 5480 446 5525 Lib.
458 5480 498 5534 ΙΙΙ,
509 5492 530 5527 ε.
543 5493 569 5525 n
