<?xml version="1.0" encoding="UTF-8"?>
<!DOCTYPE html PUBLIC "-//W3C//DTD XHTML 1.0 Transitional//EN"
    "http://www.w3.org/TR/xhtml1/DTD/xhtml1-transitional.dtd">
<html xmlns="http://www.w3.org/1999/xhtml" xml:lang="en" lang="en">
 <head>
  <title>
</title>
<meta http-equiv="Content-Type" content="text/html;charset=utf-8" />
  <meta name='ocr-system' content='tesseract 3.04.00' />
  <meta name='ocr-capabilities' content='ocr_page ocr_carea ocr_par ocr_line ocrx_word'/>
</head>
<body>
  <div class='ocr_page' id='page_1' title='image "./dogmatatheologi00unkngoog_0582.png"; bbox 0 0 4072 6164; ppageno 0'>
   <div class='ocr_carea' id='block_1_1' title="bbox 549 349 1726 430">
    <p class='ocr_par' dir='ltr' id='par_1_1' title="bbox 549 349 1726 430">
     <span class='ocr_line' id='line_1_1' title="bbox 549 349 1726 430; baseline 0.005 -18"><span class='ocrx_word' id='word_1_1' title='bbox 549 349 1022 428; x_wconf 67' lang='lat' dir='ltr'>armemanensis.</span> <span class='ocrx_word' id='word_1_2' title='bbox 1046 353 1097 430; x_wconf 88' lang='grc' dir='ltr'>ιν,</span> <span class='ocrx_word' id='word_1_3' title='bbox 1127 351 1210 414; x_wconf 76' lang='lat' dir='ltr'>car.</span> <span class='ocrx_word' id='word_1_4' title='bbox 1233 352 1315 415; x_wconf 87' lang='lat' dir='ltr'>rnv.</span> <span class='ocrx_word' id='word_1_5' title='bbox 1666 358 1726 418; x_wconf 77' lang='lat' dir='ltr'>aaa</span> 
     </span>
    </p>
   </div>
   <div class='ocr_carea' id='block_1_2' title="bbox 124 516 1882 2168">
    <p class='ocr_par' dir='ltr' id='par_1_2' title="bbox 128 516 1727 601">
     <span class='ocr_line' id='line_1_2' title="bbox 128 516 1727 601; baseline 0.003 -23"><span class='ocrx_word' id='word_1_6' title='bbox 128 520 251 579; x_wconf 82' lang='lat' dir='ltr'>ratione</span> <span class='ocrx_word' id='word_1_7' title='bbox 283 517 508 601; x_wconf 80' lang='lat' dir='ltr'>conjunctionis.</span> <span class='ocrx_word' id='word_1_8' title='bbox 537 519 609 579; x_wconf 89' lang='lat' dir='ltr'>Post</span> <span class='ocrx_word' id='word_1_9' title='bbox 638 517 724 578; x_wconf 92' lang='lat' dir='ltr'>hunc</span> <span class='ocrx_word' id='word_1_10' title='bbox 751 516 904 580; x_wconf 80' lang='lat' dir='ltr'>Maximus</span> <span class='ocrx_word' id='word_1_11' title='bbox 953 517 1026 578; x_wconf 88' lang='lat' dir='ltr'>dere</span> <span class='ocrx_word' id='word_1_12' title='bbox 1041 517 1103 579; x_wconf 91' lang='lat' dir='ltr'>illic</span> <span class='ocrx_word' id='word_1_13' title='bbox 1116 536 1279 598; x_wconf 81' lang='lat' dir='ltr'>personas,</span> <span class='ocrx_word' id='word_1_14' title='bbox 1303 518 1354 581; x_wconf 94' lang='lat' dir='ltr'>hic</span> <span class='ocrx_word' id='word_1_15' title='bbox 1373 520 1510 591; x_wconf 83' lang='lat' dir='ltr'>naturas,</span> <span class='ocrx_word' id='word_1_16' title='bbox 1529 527 1568 582; x_wconf 91' lang='lat' dir='ltr'>ut</span> <span class='ocrx_word' id='word_1_17' title='bbox 1590 521 1673 583; x_wconf 87' lang='lat' dir='ltr'>salva</span> <span class='ocrx_word' id='word_1_18' title='bbox 1687 519 1727 583; x_wconf 86' lang='lat' dir='ltr'>sit</span> 
     </span>
    </p>

    <p class='ocr_par' dir='ltr' id='par_1_3' title="bbox 128 608 1725 691">
     <span class='ocr_line' id='line_1_3' title="bbox 128 608 1725 691; baseline 0.003 -19"><span class='ocrx_word' id='word_1_19' title='bbox 128 611 265 687; x_wconf 82' lang='lat' dir='ltr'>blartyr,</span> <span class='ocrx_word' id='word_1_20' title='bbox 289 611 323 670; x_wconf 91' lang='lat' dir='ltr'>iu</span> <span class='ocrx_word' id='word_1_21' title='bbox 349 610 523 687; x_wconf 90' lang='lat' dir='ltr'>collatione,</span> <span class='ocrx_word' id='word_1_22' title='bbox 537 610 602 670; x_wconf 88' lang='lat' dir='ltr'>sive</span> <span class='ocrx_word' id='word_1_23' title='bbox 619 608 823 690; x_wconf 68' lang='lat' dir='ltr'>vaporatione</span> <span class='ocrx_word' id='word_1_24' title='bbox 837 625 903 670; x_wconf 81' lang='lat' dir='ltr'>cum</span> <span class='ocrx_word' id='word_1_25' title='bbox 953 609 1124 689; x_wconf 91' lang='lat' dir='ltr'>unicuique</span> <span class='ocrx_word' id='word_1_26' title='bbox 1147 612 1320 690; x_wconf 69' lang='lat' dir='ltr'>proprietas</span> <span class='ocrx_word' id='word_1_27' title='bbox 1333 631 1408 674; x_wconf 87' lang='lat' dir='ltr'>sua:</span> <span class='ocrx_word' id='word_1_28' title='bbox 1435 632 1493 674; x_wconf 87' lang='lat' dir='ltr'>nec</span> <span class='ocrx_word' id='word_1_29' title='bbox 1513 616 1660 691; x_wconf 86' lang='lat' dir='ltr'>mutatio,</span> <span class='ocrx_word' id='word_1_30' title='bbox 1675 616 1725 676; x_wconf 88' lang='lat' dir='ltr'>vel</span> 
     </span>
    </p>

    <p class='ocr_par' dir='ltr' id='par_1_4' title="bbox 128 701 1726 786">
     <span class='ocr_line' id='line_1_4' title="bbox 128 701 1726 786; baseline 0.004 -24"><span class='ocrx_word' id='word_1_31' title='bbox 128 701 264 784; x_wconf 77' lang='lat' dir='ltr'>Pyrrho,</span> <span class='ocrx_word' id='word_1_32' title='bbox 277 701 479 762; x_wconf 81' lang='lat' dir='ltr'>similitudine</span> <span class='ocrx_word' id='word_1_33' title='bbox 493 701 662 776; x_wconf 87' lang='lat' dir='ltr'>interioris,</span> <span class='ocrx_word' id='word_1_34' title='bbox 681 701 903 780; x_wconf 73' lang='lat' dir='ltr'>exteriorisque</span> <span class='ocrx_word' id='word_1_35' title='bbox 953 703 1098 763; x_wconf 80' lang='lat' dir='ltr'>extinctio</span> <span class='ocrx_word' id='word_1_36' title='bbox 1107 703 1286 764; x_wconf 89' lang='lat' dir='ltr'>alterutrius</span> <span class='ocrx_word' id='word_1_37' title='bbox 1294 704 1677 786; x_wconf 72' lang='lat' dir='ltr'>intercedamouanquam</span> <span class='ocrx_word' id='word_1_38' title='bbox 1686 726 1726 768; x_wconf 83' lang='lat' dir='ltr'>cx</span> 
     </span>
    </p>

    <p class='ocr_par' dir='ltr' id='par_1_5' title="bbox 126 793 1726 878">
     <span class='ocr_line' id='line_1_5' title="bbox 126 793 1726 878; baseline 0.003 -24"><span class='ocrx_word' id='word_1_39' title='bbox 126 794 300 867; x_wconf 85' lang='lat' dir='ltr'>sermonis,</span> <span class='ocrx_word' id='word_1_40' title='bbox 317 794 451 855; x_wconf 84' lang='lat' dir='ltr'>duarum</span> <span class='ocrx_word' id='word_1_41' title='bbox 468 799 651 855; x_wconf 88' lang='lat' dir='ltr'>naturarum</span> <span class='ocrx_word' id='word_1_42' title='bbox 669 794 902 874; x_wconf 88' lang='lat' dir='ltr'>operationum·</span> <span class='ocrx_word' id='word_1_43' title='bbox 952 793 1011 854; x_wconf 90' lang='lat' dir='ltr'>isto</span> <span class='ocrx_word' id='word_1_44' title='bbox 1021 794 1189 855; x_wconf 87' lang='lat' dir='ltr'>divinitatis</span> <span class='ocrx_word' id='word_1_45' title='bbox 1203 798 1371 873; x_wconf 85' lang='lat' dir='ltr'>consortie,</span> <span class='ocrx_word' id='word_1_46' title='bbox 1382 817 1417 859; x_wconf 92' lang='lat' dir='ltr'>ac</span> <span class='ocrx_word' id='word_1_47' title='bbox 1426 803 1489 859; x_wconf 87' lang='lat' dir='ltr'>tam</span> <span class='ocrx_word' id='word_1_48' title='bbox 1504 804 1589 859; x_wconf 87' lang='lat' dir='ltr'>arcta</span> <span class='ocrx_word' id='word_1_49' title='bbox 1602 799 1726 878; x_wconf 89' lang='lat' dir='ltr'>copula·</span> 
     </span>
    </p>

    <p class='ocr_par' dir='ltr' id='par_1_6' title="bbox 126 885 1722 967">
     <span class='ocr_line' id='line_1_6' title="bbox 126 885 1722 967; baseline 0.003 -21"><span class='ocrx_word' id='word_1_50' title='bbox 126 904 192 967; x_wconf 90' lang='lat' dir='ltr'>que</span> <span class='ocrx_word' id='word_1_51' title='bbox 209 885 464 964; x_wconf 86' lang='lat' dir='ltr'>conjunctionem</span> <span class='ocrx_word' id='word_1_52' title='bbox 483 886 651 965; x_wconf 80' lang='lat' dir='ltr'>explicans,</span> <span class='ocrx_word' id='word_1_53' title='bbox 672 885 798 946; x_wconf 90' lang='lat' dir='ltr'>illorum</span> <span class='ocrx_word' id='word_1_54' title='bbox 819 885 852 945; x_wconf 91' lang='lat' dir='ltr'>in</span> <span class='ocrx_word' id='word_1_55' title='bbox 870 902 903 946; x_wconf 88' lang='lat' dir='ltr'>se</span> <span class='ocrx_word' id='word_1_56' title='bbox 952 885 1047 961; x_wconf 88' lang='lat' dir='ltr'>tione,</span> <span class='ocrx_word' id='word_1_57' title='bbox 1060 906 1122 965; x_wconf 93' lang='lat' dir='ltr'>qua</span> <span class='ocrx_word' id='word_1_58' title='bbox 1135 907 1217 949; x_wconf 91' lang='lat' dir='ltr'>unus</span> <span class='ocrx_word' id='word_1_59' title='bbox 1231 888 1266 948; x_wconf 85' lang='lat' dir='ltr'>fit</span> <span class='ocrx_word' id='word_1_60' title='bbox 1280 907 1318 949; x_wconf 85' lang='lat' dir='ltr'>ex</span> <span class='ocrx_word' id='word_1_61' title='bbox 1332 890 1484 950; x_wconf 87' lang='lat' dir='ltr'>ambabus</span> <span class='ocrx_word' id='word_1_62' title='bbox 1496 890 1614 951; x_wconf 89' lang='lat' dir='ltr'>naturis</span> <span class='ocrx_word' id='word_1_63' title='bbox 1626 890 1722 951; x_wconf 92' lang='lat' dir='ltr'>homo</span> 
     </span>
    </p>

    <p class='ocr_par' dir='ltr' id='par_1_7' title="bbox 125 977 1723 1058">
     <span class='ocr_line' id='line_1_7' title="bbox 125 977 1723 1058; baseline 0.003 -20"><span class='ocrx_word' id='word_1_64' title='bbox 125 985 269 1038; x_wconf 81' lang='lat' dir='ltr'>mutuam</span> <span class='ocrx_word' id='word_1_65' title='bbox 290 978 537 1054; x_wconf 71' lang='lat' dir='ltr'>commaticam,</span> <span class='ocrx_word' id='word_1_66' title='bbox 560 978 723 1058; x_wconf 65' lang='lat' dir='ltr'>appellatt.</span> <span class='ocrx_word' id='word_1_67' title='bbox 739 979 810 1038; x_wconf 91' lang='lat' dir='ltr'>Post</span> <span class='ocrx_word' id='word_1_68' title='bbox 817 978 903 1038; x_wconf 93' lang='lat' dir='ltr'>hunc</span> <span class='ocrx_word' id='word_1_69' title='bbox 952 977 1067 1057; x_wconf 83' lang='lat' dir='ltr'>pariter</span> <span class='ocrx_word' id='word_1_70' title='bbox 1081 984 1112 1039; x_wconf 88' lang='lat' dir='ltr'>et</span> <span class='ocrx_word' id='word_1_71' title='bbox 1126 980 1219 1053; x_wconf 89' lang='lat' dir='ltr'>Deus,</span> <span class='ocrx_word' id='word_1_72' title='bbox 1236 980 1376 1042; x_wconf 87' lang='lat' dir='ltr'>infinitus</span> <span class='ocrx_word' id='word_1_73' title='bbox 1388 981 1422 1041; x_wconf 92' lang='lat' dir='ltr'>in</span> <span class='ocrx_word' id='word_1_74' title='bbox 1430 982 1585 1055; x_wconf 82' lang='lat' dir='ltr'>viliorem,</span> <span class='ocrx_word' id='word_1_75' title='bbox 1598 981 1723 1043; x_wconf 87' lang='lat' dir='ltr'>inferio-</span> 
     </span>
    </p>

    <p class='ocr_par' dir='ltr' id='par_1_8' title="bbox 124 1069 1722 1153">
     <span class='ocr_line' id='line_1_8' title="bbox 124 1069 1722 1153; baseline 0.003 -22"><span class='ocrx_word' id='word_1_76' title='bbox 124 1070 269 1131; x_wconf 82' lang='lat' dir='ltr'>Joannes</span> <span class='ocrx_word' id='word_1_77' title='bbox 283 1069 902 1150; x_wconf 82' lang='lat' dir='ltr'>Dausasccnusvocahuloistosaepissime</span> <span class='ocrx_word' id='word_1_78' title='bbox 951 1088 1080 1149; x_wconf 88' lang='lat' dir='ltr'>remque</span> <span class='ocrx_word' id='word_1_79' title='bbox 1101 1073 1254 1133; x_wconf 88' lang='lat' dir='ltr'>redundat</span> <span class='ocrx_word' id='word_1_80' title='bbox 1278 1074 1486 1151; x_wconf 77' lang='lat' dir='ltr'>excellentia,</span> <span class='ocrx_word' id='word_1_81' title='bbox 1511 1092 1546 1135; x_wconf 92' lang='lat' dir='ltr'>ac</span> <span class='ocrx_word' id='word_1_82' title='bbox 1565 1074 1722 1153; x_wconf 80' lang='lat' dir='ltr'>dignitatis</span> 
     </span>
    </p>

    <p class='ocr_par' dir='ltr' id='par_1_9' title="bbox 125 1161 1720 1245">
     <span class='ocr_line' id='line_1_9' title="bbox 125 1161 1720 1245; baseline 0.003 -21"><span class='ocrx_word' id='word_1_83' title='bbox 125 1168 276 1224; x_wconf 81' lang='lat' dir='ltr'>estusus.</span> <span class='ocrx_word' id='word_1_84' title='bbox 299 1162 334 1223; x_wconf 92' lang='lat' dir='ltr'>ln</span> <span class='ocrx_word' id='word_1_85' title='bbox 358 1161 438 1222; x_wconf 87' lang='lat' dir='ltr'>libro</span> <span class='ocrx_word' id='word_1_86' title='bbox 453 1163 554 1236; x_wconf 88' lang='lat' dir='ltr'>tertio,</span> <span class='ocrx_word' id='word_1_87' title='bbox 581 1163 680 1243; x_wconf 89' lang='lat' dir='ltr'>capite</span> <span class='ocrx_word' id='word_1_88' title='bbox 700 1163 803 1235; x_wconf 88' lang='lat' dir='ltr'>tertio,</span> <span class='ocrx_word' id='word_1_89' title='bbox 826 1161 903 1221; x_wconf 90' lang='lat' dir='ltr'>idio·</span> <span class='ocrx_word' id='word_1_90' title='bbox 952 1163 1117 1242; x_wconf 88' lang='lat' dir='ltr'>splendor:</span> <span class='ocrx_word' id='word_1_91' title='bbox 1147 1168 1183 1224; x_wconf 91' lang='lat' dir='ltr'>ut</span> <span class='ocrx_word' id='word_1_92' title='bbox 1209 1166 1437 1245; x_wconf 88' lang='lat' dir='ltr'>propemodum</span> <span class='ocrx_word' id='word_1_93' title='bbox 1467 1167 1617 1229; x_wconf 84' lang='lat' dir='ltr'>exhausta</span> <span class='ocrx_word' id='word_1_94' title='bbox 1646 1167 1720 1228; x_wconf 84' lang='lat' dir='ltr'>laece</span> 
     </span>
    </p>

    <p class='ocr_par' dir='ltr' id='par_1_10' title="bbox 126 1254 1720 1335">
     <span class='ocr_line' id='line_1_10' title="bbox 126 1254 1720 1335; baseline 0.003 -19"><span class='ocrx_word' id='word_1_95' title='bbox 126 1260 253 1316; x_wconf 91' lang='lat' dir='ltr'>matum</span> <span class='ocrx_word' id='word_1_96' title='bbox 266 1255 522 1316; x_wconf 87' lang='lat' dir='ltr'>communionem</span> <span class='ocrx_word' id='word_1_97' title='bbox 535 1256 604 1317; x_wconf 88' lang='lat' dir='ltr'>ficri</span> <span class='ocrx_word' id='word_1_98' title='bbox 618 1254 732 1328; x_wconf 88' lang='lat' dir='ltr'>scribit,</span> <span class='ocrx_word' id='word_1_99' title='bbox 751 1278 765 1307; x_wconf 80' lang='grc' dir='ltr'>ε</span> <span class='ocrx_word' id='word_1_100' title='bbox 778 1254 818 1314; x_wconf 91' lang='lat' dir='ltr'>ob</span> <span class='ocrx_word' id='word_1_101' title='bbox 831 1271 903 1333; x_wconf 91' lang='lat' dir='ltr'>par·</span> <span class='ocrx_word' id='word_1_102' title='bbox 952 1256 1156 1331; x_wconf 87' lang='lat' dir='ltr'>mortalitatis,</span> <span class='ocrx_word' id='word_1_103' title='bbox 1169 1260 1234 1316; x_wconf 90' lang='lat' dir='ltr'>tota</span> <span class='ocrx_word' id='word_1_104' title='bbox 1247 1257 1281 1317; x_wconf 91' lang='lat' dir='ltr'>in</span> <span class='ocrx_word' id='word_1_105' title='bbox 1289 1258 1418 1335; x_wconf 88' lang='lat' dir='ltr'>potioris</span> <span class='ocrx_word' id='word_1_106' title='bbox 1431 1276 1559 1319; x_wconf 90' lang='lat' dir='ltr'>censum</span> <span class='ocrx_word' id='word_1_107' title='bbox 1572 1259 1720 1321; x_wconf 87' lang='lat' dir='ltr'>translata</span> 
     </span>
    </p>

    <p class='ocr_par' dir='ltr' id='par_1_11' title="bbox 125 1344 1719 1429">
     <span class='ocr_line' id='line_1_11' title="bbox 125 1344 1719 1429; baseline 0.003 -21"><span class='ocrx_word' id='word_1_108' title='bbox 125 1347 208 1408; x_wconf 89' lang='lat' dir='ltr'>tium</span> <span class='ocrx_word' id='word_1_109' title='bbox 226 1347 263 1407; x_wconf 93' lang='lat' dir='ltr'>in</span> <span class='ocrx_word' id='word_1_110' title='bbox 281 1364 314 1407; x_wconf 90' lang='lat' dir='ltr'>se</span> <span class='ocrx_word' id='word_1_111' title='bbox 325 1352 468 1408; x_wconf 88' lang='lat' dir='ltr'>mutuam</span> <span class='ocrx_word' id='word_1_112' title='bbox 482 1348 739 1408; x_wconf 88' lang='lat' dir='ltr'>commeationem</span> <span class='ocrx_word' id='word_1_113' title='bbox 748 1344 800 1407; x_wconf 55' lang='grc' dir='ltr'>ὅ.»</span> <span class='ocrx_word' id='word_1_114' title='bbox 820 1347 854 1405; x_wconf 85' lang='lat' dir='ltr'>Et</span> <span class='ocrx_word' id='word_1_115' title='bbox 868 1345 901 1405; x_wconf 94' lang='lat' dir='ltr'>in</span> <span class='ocrx_word' id='word_1_116' title='bbox 952 1346 1006 1422; x_wconf 90' lang='lat' dir='ltr'>sit,</span> <span class='ocrx_word' id='word_1_117' title='bbox 1027 1346 1064 1409; x_wconf 86' lang='lat' dir='ltr'>iis</span> <span class='ocrx_word' id='word_1_118' title='bbox 1076 1348 1227 1408; x_wconf 84' lang='lat' dir='ltr'>duntaxat</span> <span class='ocrx_word' id='word_1_119' title='bbox 1244 1350 1416 1426; x_wconf 88' lang='lat' dir='ltr'>reservatis,</span> <span class='ocrx_word' id='word_1_120' title='bbox 1433 1369 1503 1429; x_wconf 84' lang='lat' dir='ltr'>quae</span> <span class='ocrx_word' id='word_1_121' title='bbox 1516 1351 1719 1413; x_wconf 88' lang='lat' dir='ltr'>humanitatis</span> 
     </span>
    </p>

    <p class='ocr_par' dir='ltr' id='par_1_12' title="bbox 125 1438 1718 1523">
     <span class='ocr_line' id='line_1_12' title="bbox 125 1438 1718 1523; baseline 0.002 -22"><span class='ocrx_word' id='word_1_122' title='bbox 125 1439 228 1519; x_wconf 85' lang='lat' dir='ltr'>cupite</span> <span class='ocrx_word' id='word_1_123' title='bbox 243 1438 365 1518; x_wconf 84' lang='lat' dir='ltr'>qrrinto,</span> <span class='ocrx_word' id='word_1_124' title='bbox 383 1438 422 1500; x_wconf 87' lang='lat' dir='ltr'>de</span> <span class='ocrx_word' id='word_1_125' title='bbox 442 1439 541 1499; x_wconf 87' lang='lat' dir='ltr'>trihus</span> <span class='ocrx_word' id='word_1_126' title='bbox 559 1439 672 1499; x_wconf 88' lang='lat' dir='ltr'>divinis</span> <span class='ocrx_word' id='word_1_127' title='bbox 689 1438 839 1517; x_wconf 88' lang='lat' dir='ltr'>personis,</span> <span class='ocrx_word' id='word_1_128' title='bbox 859 1438 904 1499; x_wconf 91' lang='lat' dir='ltr'>ait</span> <span class='ocrx_word' id='word_1_129' title='bbox 951 1440 1077 1518; x_wconf 91' lang='lat' dir='ltr'>propria</span> <span class='ocrx_word' id='word_1_130' title='bbox 1090 1447 1175 1517; x_wconf 90' lang='lat' dir='ltr'>sunt,</span> <span class='ocrx_word' id='word_1_131' title='bbox 1195 1442 1285 1520; x_wconf 90' lang='lat' dir='ltr'>eique</span> <span class='ocrx_word' id='word_1_132' title='bbox 1296 1450 1503 1520; x_wconf 82' lang='lat' dir='ltr'>congruenter</span> <span class='ocrx_word' id='word_1_133' title='bbox 1516 1461 1648 1519; x_wconf 83' lang='lat' dir='ltr'>annexa,</span> <span class='ocrx_word' id='word_1_134' title='bbox 1664 1445 1718 1523; x_wconf 90' lang='lat' dir='ltr'>qur&#39;</span> 
     </span>
    </p>

    <p class='ocr_par' dir='ltr' id='par_1_13' title="bbox 129 1530 1719 1614">
     <span class='ocr_line' id='line_1_13' title="bbox 129 1530 1719 1614; baseline 0.006 -25"><span class='ocrx_word' id='word_1_135' title='bbox 129 1552 146 1589; x_wconf 87' lang='grc' dir='ltr'>ι</span> <span class='ocrx_word' id='word_1_136' title='bbox 157 1530 230 1591; x_wconf 87' lang='lat' dir='ltr'>illas</span> <span class='ocrx_word' id='word_1_137' title='bbox 244 1549 264 1591; x_wconf 89' lang='lat' dir='ltr'>a</span> <span class='ocrx_word' id='word_1_138' title='bbox 277 1549 310 1592; x_wconf 90' lang='lat' dir='ltr'>se</span> <span class='ocrx_word' id='word_1_139' title='bbox 323 1531 459 1592; x_wconf 87' lang='lat' dir='ltr'>invicem</span> <span class='ocrx_word' id='word_1_140' title='bbox 472 1531 602 1592; x_wconf 88' lang='lat' dir='ltr'>minime</span> <span class='ocrx_word' id='word_1_141' title='bbox 613 1530 831 1610; x_wconf 77' lang='lat' dir='ltr'>digredientes,</span> <span class='ocrx_word' id='word_1_142' title='bbox 844 1546 902 1590; x_wconf 90' lang='lat' dir='ltr'>nec</span> <span class='ocrx_word' id='word_1_143' title='bbox 950 1535 1048 1591; x_wconf 90' lang='lat' dir='ltr'>status</span> <span class='ocrx_word' id='word_1_144' title='bbox 1068 1533 1204 1594; x_wconf 85' lang='lat' dir='ltr'>maxime</span> <span class='ocrx_word' id='word_1_145' title='bbox 1224 1538 1295 1614; x_wconf 90' lang='lat' dir='ltr'>post</span> <span class='ocrx_word' id='word_1_146' title='bbox 1322 1534 1436 1595; x_wconf 76' lang='lat' dir='ltr'>christi</span> <span class='ocrx_word' id='word_1_147' title='bbox 1460 1537 1719 1597; x_wconf 83' lang='lat' dir='ltr'>resurrectionem</span> 
     </span>
    </p>

    <p class='ocr_par' dir='ltr' id='par_1_14' title="bbox 125 1621 1643 1704">
     <span class='ocr_line' id='line_1_14' title="bbox 125 1621 1643 1704; baseline 0.001 -22"><span class='ocrx_word' id='word_1_148' title='bbox 125 1622 253 1699; x_wconf 85' lang='lat' dir='ltr'>divisas,</span> <span class='ocrx_word' id='word_1_149' title='bbox 275 1623 329 1684; x_wconf 90' lang='lat' dir='ltr'>sed</span> <span class='ocrx_word' id='word_1_150' title='bbox 349 1623 463 1700; x_wconf 89' lang='lat' dir='ltr'>unitas,</span> <span class='ocrx_word' id='word_1_151' title='bbox 487 1623 522 1683; x_wconf 92' lang='lat' dir='ltr'>in</span> <span class='ocrx_word' id='word_1_152' title='bbox 542 1641 575 1684; x_wconf 89' lang='lat' dir='ltr'>se</span> <span class='ocrx_word' id='word_1_153' title='bbox 596 1623 676 1704; x_wconf 91' lang='lat' dir='ltr'>ipsas</span> <span class='ocrx_word' id='word_1_154' title='bbox 700 1623 815 1702; x_wconf 90' lang='lat' dir='ltr'>absque</span> <span class='ocrx_word' id='word_1_155' title='bbox 837 1621 902 1683; x_wconf 92' lang='lat' dir='ltr'>ulla</span> <span class='ocrx_word' id='word_1_156' title='bbox 950 1622 1071 1702; x_wconf 83' lang='lat' dir='ltr'>obtigit.</span> <span class='ocrx_word' id='word_1_157' title='bbox 1639 1654 1643 1659; x_wconf 75' lang='lat'><em>=</em></span> 
     </span>
    </p>

    <p class='ocr_par' dir='ltr' id='par_1_15' title="bbox 125 1714 1850 1800">
     <span class='ocr_line' id='line_1_15' title="bbox 125 1714 1850 1800; baseline 0.003 -23"><span class='ocrx_word' id='word_1_158' title='bbox 125 1714 309 1777; x_wconf 75' lang='lat' dir='ltr'>contrisione</span> <span class='ocrx_word' id='word_1_159' title='bbox 322 1724 560 1777; x_wconf 53' lang='lat' dir='ltr'>commearem</span> <span class='ocrx_word' id='word_1_160' title='bbox 586 1716 635 1776; x_wconf 91' lang='lat' dir='ltr'>Sic</span> <span class='ocrx_word' id='word_1_161' title='bbox 660 1716 696 1776; x_wconf 91' lang='lat' dir='ltr'>in</span> <span class='ocrx_word' id='word_1_162' title='bbox 722 1714 821 1793; x_wconf 89' lang='lat' dir='ltr'>capite</span> <span class='ocrx_word' id='word_1_163' title='bbox 835 1731 902 1795; x_wconf 91' lang='lat' dir='ltr'>sap·</span> <span class='ocrx_word' id='word_1_164' title='bbox 991 1716 1029 1777; x_wconf 86' lang='lat' dir='ltr'>V.</span> <span class='ocrx_word' id='word_1_165' title='bbox 1052 1717 1654 1800; x_wconf 79' lang='lat' dir='ltr'>Hanchumanaenaturrapraastantiam,</span> <span class='ocrx_word' id='word_1_166' title='bbox 1669 1721 1719 1781; x_wconf 87' lang='lat' dir='ltr'>rel</span> <span class='ocrx_word' id='word_1_167' title='bbox 1788 1747 1850 1798; x_wconf 70' lang='lat' dir='ltr'>Quod</span> 
     </span>
    </p>

    <p class='ocr_par' dir='ltr' id='par_1_16' title="bbox 125 1800 1882 1984">
     <span class='ocr_line' id='line_1_16' title="bbox 125 1800 1882 1898; baseline 0.002 -29"><span class='ocrx_word' id='word_1_168' title='bbox 125 1808 205 1869; x_wconf 85' lang='lat' dir='ltr'>timo</span> <span class='ocrx_word' id='word_1_169' title='bbox 219 1814 402 1890; x_wconf 74' lang='grc' dir='ltr'>κιριχωρεῖνέι</span> <span class='ocrx_word' id='word_1_170' title='bbox 416 1815 534 1885; x_wconf 74' lang='grc' dir='ltr'>ἀλλήλαις</span> <span class='ocrx_word' id='word_1_171' title='bbox 546 1812 673 1868; x_wconf 90' lang='lat' dir='ltr'>naturas</span> <span class='ocrx_word' id='word_1_172' title='bbox 691 1806 778 1868; x_wconf 82' lang='lat' dir='ltr'>dixit.</span> <span class='ocrx_word' id='word_1_173' title='bbox 950 1811 1022 1868; x_wconf 88' lang='lat' dir='ltr'>ante</span> <span class='ocrx_word' id='word_1_174' title='bbox 1034 1809 1270 1885; x_wconf 73' lang='lat' dir='ltr'>mortalitatem,</span> <span class='ocrx_word' id='word_1_175' title='bbox 1287 1812 1484 1891; x_wconf 85' lang='lat' dir='ltr'>patiendique</span> <span class='ocrx_word' id='word_1_176' title='bbox 1502 1812 1675 1892; x_wconf 89' lang='lat' dir='ltr'>depositam</span> <span class='ocrx_word' id='word_1_177' title='bbox 1688 1818 1719 1874; x_wconf 88' lang='lat' dir='ltr'>et</span> <span class='ocrx_word' id='word_1_178' title='bbox 1751 1800 1882 1898; x_wconf 57' lang='grc' dir='ltr'>ῧᾞήήήξθ·</span> 
     </span>
     <span class='ocr_line' id='line_1_17' title="bbox 167 1898 1876 1984; baseline 0.003 -23"><span class='ocrx_word' id='word_1_179' title='bbox 167 1901 288 1961; x_wconf 83' lang='lat' dir='ltr'>Rursus</span> <span class='ocrx_word' id='word_1_180' title='bbox 296 1899 547 1979; x_wconf 88' lang='lat' dir='ltr'>hhrolV,capite</span> <span class='ocrx_word' id='word_1_181' title='bbox 557 1898 901 1961; x_wconf 82' lang='lat' dir='ltr'>xrx.anaturasambas</span> <span class='ocrx_word' id='word_1_182' title='bbox 950 1906 1076 1961; x_wconf 80' lang='lat' dir='ltr'>exutam</span> <span class='ocrx_word' id='word_1_183' title='bbox 1099 1902 1328 1981; x_wconf 86' lang='lat' dir='ltr'>conditionem,</span> <span class='ocrx_word' id='word_1_184' title='bbox 1344 1905 1553 1984; x_wconf 88' lang='lat' dir='ltr'>pulcherrima</span> <span class='ocrx_word' id='word_1_185' title='bbox 1571 1904 1717 1965; x_wconf 90' lang='lat' dir='ltr'>similitu·</span> <span class='ocrx_word' id='word_1_186' title='bbox 1743 1908 1876 1953; x_wconf 70' lang='lat' dir='ltr'>irrueretur.</span> 
     </span>
    </p>

    <p class='ocr_par' dir='ltr' id='par_1_17' title="bbox 126 1991 1718 2076">
     <span class='ocr_line' id='line_1_18' title="bbox 126 1991 1718 2076; baseline 0.002 -22"><span class='ocrx_word' id='word_1_187' title='bbox 126 1992 290 2074; x_wconf 84' lang='lat' dir='ltr'>hypostasi</span> <span class='ocrx_word' id='word_1_188' title='bbox 306 1992 495 2072; x_wconf 86' lang='lat' dir='ltr'>conjunctas,</span> <span class='ocrx_word' id='word_1_189' title='bbox 510 2011 546 2053; x_wconf 91' lang='lat' dir='ltr'>ac</span> <span class='ocrx_word' id='word_1_190' title='bbox 561 1998 704 2053; x_wconf 89' lang='lat' dir='ltr'>mutuam</span> <span class='ocrx_word' id='word_1_191' title='bbox 722 1993 755 2052; x_wconf 95' lang='lat' dir='ltr'>in</span> <span class='ocrx_word' id='word_1_192' title='bbox 769 2009 802 2053; x_wconf 91' lang='lat' dir='ltr'>se</span> <span class='ocrx_word' id='word_1_193' title='bbox 821 1992 901 2052; x_wconf 89' lang='lat' dir='ltr'>invi·</span> <span class='ocrx_word' id='word_1_194' title='bbox 951 1991 1024 2054; x_wconf 88' lang='lat' dir='ltr'>dine</span> <span class='ocrx_word' id='word_1_195' title='bbox 1039 1994 1135 2054; x_wconf 82' lang='lat' dir='ltr'>Graeci</span> <span class='ocrx_word' id='word_1_196' title='bbox 1149 1995 1256 2056; x_wconf 87' lang='lat' dir='ltr'>Patres</span> <span class='ocrx_word' id='word_1_197' title='bbox 1272 1996 1475 2073; x_wconf 80' lang='lat' dir='ltr'>adumbrant3</span> <span class='ocrx_word' id='word_1_198' title='bbox 1492 2015 1574 2076; x_wconf 87' lang='lat' dir='ltr'>quaa,</span> <span class='ocrx_word' id='word_1_199' title='bbox 1590 1997 1665 2076; x_wconf 90' lang='lat' dir='ltr'>quia</span> <span class='ocrx_word' id='word_1_200' title='bbox 1674 2004 1718 2068; x_wconf 81' lang='grc' dir='ltr'>τῆς</span> 
     </span>
    </p>

    <p class='ocr_par' dir='ltr' id='par_1_18' title="bbox 126 2084 1717 2168">
     <span class='ocr_line' id='line_1_19' title="bbox 126 2084 1717 2168; baseline 0.001 -20"><span class='ocrx_word' id='word_1_201' title='bbox 126 2104 195 2148; x_wconf 87' lang='lat' dir='ltr'>cem</span> <span class='ocrx_word' id='word_1_202' title='bbox 209 2085 482 2162; x_wconf 89' lang='lat' dir='ltr'>commeationem,</span> <span class='ocrx_word' id='word_1_203' title='bbox 494 2085 559 2146; x_wconf 91' lang='lat' dir='ltr'>sine</span> <span class='ocrx_word' id='word_1_204' title='bbox 573 2084 902 2161; x_wconf 83' lang='lat' dir='ltr'>ullaooniusione,aut</span> <span class='ocrx_word' id='word_1_205' title='bbox 949 2087 1213 2168; x_wconf 73' lang='grc' dir='ltr'>περιχωρήσιωςνλιιι</span> <span class='ocrx_word' id='word_1_206' title='bbox 1234 2089 1380 2168; x_wconf 85' lang='lat' dir='ltr'>graphice</span> <span class='ocrx_word' id='word_1_207' title='bbox 1401 2089 1554 2163; x_wconf 87' lang='lat' dir='ltr'>describit,</span> <span class='ocrx_word' id='word_1_208' title='bbox 1574 2090 1717 2151; x_wconf 88' lang='lat' dir='ltr'>hocloco</span> 
     </span>
    </p>
   </div>
   <div class='ocr_carea' id='block_1_3' title="bbox 125 2172 901 3089">
    <p class='ocr_par' dir='ltr' id='par_1_19' title="bbox 125 2172 901 2608">
     <span class='ocr_line' id='line_1_20' title="bbox 125 2172 901 2254; baseline -0.005 -14"><span class='ocrx_word' id='word_1_209' title='bbox 125 2179 305 2240; x_wconf 85' lang='lat' dir='ltr'>mutatione</span> <span class='ocrx_word' id='word_1_210' title='bbox 318 2172 362 2236; x_wconf 64' lang='grc' dir='ltr'>όὐ</span> <span class='ocrx_word' id='word_1_211' title='bbox 382 2182 617 2238; x_wconf 89' lang='lat' dir='ltr'>commemorat.</span> <span class='ocrx_word' id='word_1_212' title='bbox 645 2177 689 2238; x_wconf 80' lang='lat' dir='ltr'>Aa</span> <span class='ocrx_word' id='word_1_213' title='bbox 711 2177 804 2254; x_wconf 91' lang='lat' dir='ltr'>paulo</span> <span class='ocrx_word' id='word_1_214' title='bbox 829 2180 901 2237; x_wconf 85' lang='lat' dir='ltr'>anta</span> 
     </span>
     <span class='ocr_line' id='line_1_21' title="bbox 125 2268 899 2351; baseline -0.006 -18"><span class='ocrx_word' id='word_1_215' title='bbox 125 2270 303 2351; x_wconf 87' lang='lat' dir='ltr'>scripserat,</span> <span class='ocrx_word' id='word_1_216' title='bbox 324 2270 527 2332; x_wconf 78' lang='lat' dir='ltr'>runitionem</span> <span class='ocrx_word' id='word_1_217' title='bbox 546 2269 718 2341; x_wconf 88' lang='lat' dir='ltr'>ostendere,</span> <span class='ocrx_word' id='word_1_218' title='bbox 739 2268 814 2348; x_wconf 89' lang='lat' dir='ltr'>quid</span> <span class='ocrx_word' id='word_1_219' title='bbox 832 2268 899 2328; x_wconf 89' lang='lat' dir='ltr'>sin-</span> 
     </span>
     <span class='ocr_line' id='line_1_22' title="bbox 125 2361 899 2444; baseline -0.006 -19"><span class='ocrx_word' id='word_1_220' title='bbox 125 2365 202 2440; x_wconf 87' lang='lat' dir='ltr'>gula</span> <span class='ocrx_word' id='word_1_221' title='bbox 222 2364 452 2444; x_wconf 87' lang='lat' dir='ltr'>componentia,</span> <span class='ocrx_word' id='word_1_222' title='bbox 477 2380 517 2423; x_wconf 83' lang='lat' dir='ltr'>ex</span> <span class='ocrx_word' id='word_1_223' title='bbox 537 2362 615 2441; x_wconf 86' lang='lat' dir='ltr'>ejus,</span> <span class='ocrx_word' id='word_1_224' title='bbox 633 2363 718 2441; x_wconf 91' lang='lat' dir='ltr'>quod</span> <span class='ocrx_word' id='word_1_225' title='bbox 740 2380 805 2421; x_wconf 90' lang='lat' dir='ltr'>una</span> <span class='ocrx_word' id='word_1_226' title='bbox 827 2361 899 2421; x_wconf 90' lang='lat' dir='ltr'>sub-</span> 
     </span>
     <span class='ocr_line' id='line_1_23' title="bbox 125 2454 899 2534; baseline -0.004 -17"><span class='ocrx_word' id='word_1_227' title='bbox 125 2457 218 2532; x_wconf 87' lang='lat' dir='ltr'>sistit,</span> <span class='ocrx_word' id='word_1_228' title='bbox 235 2456 464 2534; x_wconf 86' lang='lat' dir='ltr'>conjunctione,</span> <span class='ocrx_word' id='word_1_229' title='bbox 488 2454 775 2533; x_wconf 85' lang='lat' dir='ltr'>commeationequc</span> <span class='ocrx_word' id='word_1_230' title='bbox 793 2471 899 2514; x_wconf 90' lang='lat' dir='ltr'>conse-</span> 
     </span>
     <span class='ocr_line' id='line_1_24' title="bbox 126 2548 332 2608; baseline -0.015 0"><span class='ocrx_word' id='word_1_231' title='bbox 126 2548 332 2608; x_wconf 67' lang='lat' dir='ltr'>antestat.»</span> 
     </span>
    </p>

    <p class='ocr_par' dir='ltr' id='par_1_20' title="bbox 126 2634 900 3089">
     <span class='ocr_line' id='line_1_25' title="bbox 167 2634 898 2718; baseline -0.001 -20"><span class='ocrx_word' id='word_1_232' title='bbox 167 2634 208 2699; x_wconf 84' lang='lat' dir='ltr'>Et</span> <span class='ocrx_word' id='word_1_233' title='bbox 218 2638 358 2700; x_wconf 85' lang='lat' dir='ltr'>oratione</span> <span class='ocrx_word' id='word_1_234' title='bbox 372 2638 474 2718; x_wconf 89' lang='lat' dir='ltr'>prima</span> <span class='ocrx_word' id='word_1_235' title='bbox 485 2636 521 2698; x_wconf 88' lang='lat' dir='ltr'>de</span> <span class='ocrx_word' id='word_1_236' title='bbox 540 2637 734 2717; x_wconf 71' lang='lat' dir='ltr'>Imaginibus,</span> <span class='ocrx_word' id='word_1_237' title='bbox 755 2637 898 2698; x_wconf 77' lang='lat' dir='ltr'>«divini-</span> 
     </span>
     <span class='ocr_line' id='line_1_26' title="bbox 127 2730 895 2805; baseline -0.008 -11"><span class='ocrx_word' id='word_1_238' title='bbox 127 2734 210 2805; x_wconf 85' lang='lat' dir='ltr'>tatis,</span> <span class='ocrx_word' id='word_1_239' title='bbox 219 2738 252 2793; x_wconf 89' lang='lat' dir='ltr'>at</span> <span class='ocrx_word' id='word_1_240' title='bbox 264 2731 365 2793; x_wconf 90' lang='lat' dir='ltr'>carnis</span> <span class='ocrx_word' id='word_1_241' title='bbox 377 2731 410 2790; x_wconf 94' lang='lat' dir='ltr'>in</span> <span class='ocrx_word' id='word_1_242' title='bbox 424 2748 456 2790; x_wconf 90' lang='lat' dir='ltr'>se</span> <span class='ocrx_word' id='word_1_243' title='bbox 468 2731 602 2791; x_wconf 82' lang='lat' dir='ltr'>invicem</span> <span class='ocrx_word' id='word_1_244' title='bbox 610 2730 895 2791; x_wconf 76' lang='lat' dir='ltr'>commeauonemo</span> 
     </span>
     <span class='ocr_line' id='line_1_27' title="bbox 126 2823 897 2905; baseline -0.005 -19"><span class='ocrx_word' id='word_1_245' title='bbox 126 2829 228 2886; x_wconf 69' lang='lat' dir='ltr'>vocal.</span> <span class='ocrx_word' id='word_1_246' title='bbox 245 2823 284 2885; x_wconf 72' lang='lat' dir='ltr'>At</span> <span class='ocrx_word' id='word_1_247' title='bbox 298 2823 468 2902; x_wconf 76' lang='lat' dir='ltr'>Gregorius</span> <span class='ocrx_word' id='word_1_248' title='bbox 483 2834 636 2905; x_wconf 76' lang='grc' dir='ltr'>μεταχωρεῖν</span> <span class='ocrx_word' id='word_1_249' title='bbox 650 2823 728 2883; x_wconf 72' lang='lat' dir='ltr'>dixit</span> <span class='ocrx_word' id='word_1_250' title='bbox 742 2829 776 2892; x_wconf 80' lang='grc' dir='ltr'>εἰς</span> <span class='ocrx_word' id='word_1_251' title='bbox 788 2831 897 2899; x_wconf 74' lang='grc' dir='ltr'>ἄλληλα,</span> 
     </span>
     <span class='ocr_line' id='line_1_28' title="bbox 127 2916 900 2997; baseline -0.004 -19"><span class='ocrx_word' id='word_1_252' title='bbox 127 2936 200 2997; x_wconf 78' lang='lat' dir='ltr'>quse</span> <span class='ocrx_word' id='word_1_253' title='bbox 220 2917 252 2977; x_wconf 83' lang='grc' dir='ltr'>ιἰι</span> <span class='ocrx_word' id='word_1_254' title='bbox 277 2936 306 2977; x_wconf 86' lang='lat' dir='ltr'>se</span> <span class='ocrx_word' id='word_1_255' title='bbox 329 2922 446 2976; x_wconf 79' lang='lat' dir='ltr'>mutato</span> <span class='ocrx_word' id='word_1_256' title='bbox 463 2924 490 2976; x_wconf 84' lang='lat' dir='ltr'>et</span> <span class='ocrx_word' id='word_1_257' title='bbox 503 2916 631 2977; x_wconf 75' lang='lat' dir='ltr'>estimato</span> <span class='ocrx_word' id='word_1_258' title='bbox 650 2920 837 2976; x_wconf 68' lang='lat' dir='ltr'>transeunts.-</span> <span class='ocrx_word' id='word_1_259' title='bbox 853 2918 900 2976; x_wconf 90' lang='lat' dir='ltr'>uti</span> 
     </span>
     <span class='ocr_line' id='line_1_29' title="bbox 128 3006 764 3089; baseline -0.005 -19"><span class='ocrx_word' id='word_1_260' title='bbox 128 3026 271 3089; x_wconf 82' lang='lat' dir='ltr'>persona</span> <span class='ocrx_word' id='word_1_261' title='bbox 285 3008 401 3069; x_wconf 83' lang='lat' dir='ltr'>divinae</span> <span class='ocrx_word' id='word_1_262' title='bbox 415 3025 454 3068; x_wconf 85' lang='lat' dir='ltr'>ex</span> <span class='ocrx_word' id='word_1_263' title='bbox 467 3006 593 3068; x_wconf 85' lang='lat' dir='ltr'>Sabellii</span> <span class='ocrx_word' id='word_1_264' title='bbox 606 3007 764 3087; x_wconf 89' lang='lat' dir='ltr'>opinione.</span> 
     </span>
    </p>
   </div>
   <div class='ocr_carea' id='block_1_4' title="bbox 11 3100 899 3279">
    <p class='ocr_par' dir='ltr' id='par_1_21' title="bbox 11 3100 899 3279">
     <span class='ocr_line' id='line_1_30' title="bbox 11 3100 899 3224; baseline -0.007 -57"><span class='ocrx_word' id='word_1_265' title='bbox 11 3125 103 3224; x_wconf 50' lang='lat'>2⁵:⁸¹¹</span> <span class='ocrx_word' id='word_1_266' title='bbox 169 3103 224 3163; x_wconf 89' lang='lat' dir='ltr'>IV.</span> <span class='ocrx_word' id='word_1_267' title='bbox 247 3102 292 3161; x_wconf 87' lang='grc' dir='ltr'>Ειι</span> <span class='ocrx_word' id='word_1_268' title='bbox 311 3100 360 3161; x_wconf 94' lang='lat' dir='ltr'>his</span> <span class='ocrx_word' id='word_1_269' title='bbox 381 3100 540 3180; x_wconf 89' lang='lat' dir='ltr'>perspicue</span> <span class='ocrx_word' id='word_1_270' title='bbox 565 3101 719 3180; x_wconf 88' lang='lat' dir='ltr'>sequitur,</span> <span class='ocrx_word' id='word_1_271' title='bbox 735 3109 899 3182; x_wconf 75' lang='grc' dir='ltr'>περιχώρησιν</span> 
     </span>
     <span class='ocr_line' id='line_1_31' title="bbox 40 3192 94 3224; baseline 0 0"><span class='ocrx_word' id='word_1_272' title='bbox 40 3192 94 3224; x_wconf 49' lang='lat' dir='ltr'>nt*</span> 
     </span>
     <span class='ocr_line' id='line_1_32' title="bbox 11 3236 89 3279; baseline 0.051 -4"><span class='ocrx_word' id='word_1_273' title='bbox 11 3243 35 3275; x_wconf 83' lang='grc' dir='ltr'>σε</span> <span class='ocrx_word' id='word_1_274' title='bbox 45 3236 89 3279; x_wconf 78' lang='lat' dir='ltr'>sire</span> 
     </span>
    </p>
   </div>
   <div class='ocr_carea' id='block_1_5' title="bbox 11 3284 897 3368">
    <p class='ocr_par' dir='ltr' id='par_1_22' title="bbox 11 3284 897 3368">
     <span class='ocr_line' id='line_1_33' title="bbox 11 3284 897 3368; baseline -0.002 -20"><span class='ocrx_word' id='word_1_275' title='bbox 11 3290 84 3357; x_wconf 69' lang='lat' dir='ltr'>ates.</span> <span class='ocrx_word' id='word_1_276' title='bbox 128 3288 258 3368; x_wconf 89' lang='lat' dir='ltr'>quidam</span> <span class='ocrx_word' id='word_1_277' title='bbox 271 3285 374 3346; x_wconf 89' lang='lat' dir='ltr'>Latini</span> <span class='ocrx_word' id='word_1_278' title='bbox 387 3292 585 3364; x_wconf 82' lang='lat' dir='ltr'>nuncupant3</span> <span class='ocrx_word' id='word_1_279' title='bbox 598 3284 698 3345; x_wconf 82' lang='lat' dir='ltr'>Graeci</span> <span class='ocrx_word' id='word_1_280' title='bbox 716 3291 789 3364; x_wconf 75' lang='grc' dir='ltr'>μίξιν,</span> <span class='ocrx_word' id='word_1_281' title='bbox 800 3296 897 3365; x_wconf 78' lang='grc' dir='ltr'>κρᾶσιν,</span> 
     </span>
    </p>
   </div>
   <div class='ocr_carea' id='block_1_6' title="bbox 129 3190 902 3267">
    <p class='ocr_par' dir='ltr' id='par_1_23' title="bbox 129 3190 902 3267">
     <span class='ocr_line' id='line_1_34' title="bbox 129 3190 902 3267; baseline -0.006 -11"><span class='ocrx_word' id='word_1_282' title='bbox 129 3213 196 3257; x_wconf 92' lang='lat' dir='ltr'>non</span> <span class='ocrx_word' id='word_1_283' title='bbox 219 3192 343 3255; x_wconf 81' lang='lat' dir='ltr'>differre</span> <span class='ocrx_word' id='word_1_284' title='bbox 362 3191 402 3252; x_wconf 86' lang='lat' dir='ltr'>ab</span> <span class='ocrx_word' id='word_1_285' title='bbox 423 3198 608 3253; x_wconf 88' lang='lat' dir='ltr'>naturarum</span> <span class='ocrx_word' id='word_1_286' title='bbox 629 3190 841 3267; x_wconf 71' lang='lat' dir='ltr'>commistione,</span> <span class='ocrx_word' id='word_1_287' title='bbox 864 3198 902 3252; x_wconf 89' lang='lat' dir='ltr'>ut</span> 
     </span>
    </p>
   </div>
   <div class='ocr_carea' id='block_1_7' title="bbox 124 3376 902 4378">
    <p class='ocr_par' dir='ltr' id='par_1_24' title="bbox 124 3376 902 4378">
     <span class='ocr_line' id='line_1_35' title="bbox 125 3376 899 3461; baseline -0.006 -18"><span class='ocrx_word' id='word_1_288' title='bbox 125 3388 278 3461; x_wconf 70' lang='grc' dir='ltr'>σσμριισιι,</span> <span class='ocrx_word' id='word_1_289' title='bbox 308 3384 338 3439; x_wconf 89' lang='lat' dir='ltr'>et</span> <span class='ocrx_word' id='word_1_290' title='bbox 360 3387 513 3457; x_wconf 71' lang='grc' dir='ltr'>ἀνάκρασις</span> <span class='ocrx_word' id='word_1_291' title='bbox 542 3376 716 3456; x_wconf 90' lang='lat' dir='ltr'>dequibus</span> <span class='ocrx_word' id='word_1_292' title='bbox 743 3377 899 3438; x_wconf 86' lang='lat' dir='ltr'>vocabulis</span> 
     </span>
     <span class='ocr_line' id='line_1_36' title="bbox 126 3468 898 3550; baseline -0.006 -16"><span class='ocrx_word' id='word_1_293' title='bbox 126 3472 203 3534; x_wconf 86' lang='lat' dir='ltr'>alibi</span> <span class='ocrx_word' id='word_1_294' title='bbox 216 3472 337 3534; x_wconf 90' lang='lat' dir='ltr'>dictum</span> <span class='ocrx_word' id='word_1_295' title='bbox 350 3468 410 3531; x_wconf 89' lang='lat' dir='ltr'>cst¹</span> <span class='ocrx_word' id='word_1_296' title='bbox 424 3490 432 3530; x_wconf 79' lang='grc' dir='ltr'>ι</span> <span class='ocrx_word' id='word_1_297' title='bbox 451 3488 515 3549; x_wconf 90' lang='lat' dir='ltr'>qua</span> <span class='ocrx_word' id='word_1_298' title='bbox 527 3470 598 3530; x_wconf 79' lang='lat' dir='ltr'>dua</span> <span class='ocrx_word' id='word_1_299' title='bbox 612 3488 661 3530; x_wconf 92' lang='lat' dir='ltr'>res</span> <span class='ocrx_word' id='word_1_300' title='bbox 674 3470 785 3531; x_wconf 90' lang='lat' dir='ltr'>intime</span> <span class='ocrx_word' id='word_1_301' title='bbox 799 3487 898 3550; x_wconf 91' lang='lat' dir='ltr'>copu-</span> 
     </span>
     <span class='ocr_line' id='line_1_37' title="bbox 126 3561 899 3643; baseline -0.003 -18"><span class='ocrx_word' id='word_1_302' title='bbox 126 3564 250 3639; x_wconf 89' lang='lat' dir='ltr'>lantur,</span> <span class='ocrx_word' id='word_1_303' title='bbox 263 3563 341 3625; x_wconf 91' lang='lat' dir='ltr'>etin</span> <span class='ocrx_word' id='word_1_304' title='bbox 355 3561 533 3623; x_wconf 82' lang='lat' dir='ltr'>seinvicem</span> <span class='ocrx_word' id='word_1_305' title='bbox 546 3562 694 3635; x_wconf 86' lang='lat' dir='ltr'>existunt,</span> <span class='ocrx_word' id='word_1_306' title='bbox 710 3569 853 3643; x_wconf 61' lang='grc' dir='ltr'>ἀσυγχυτως</span> <span class='ocrx_word' id='word_1_307' title='bbox 867 3568 899 3623; x_wconf 89' lang='lat' dir='ltr'>ct</span> 
     </span>
     <span class='ocr_line' id='line_1_38' title="bbox 126 3653 899 3737; baseline -0.004 -19"><span class='ocrx_word' id='word_1_308' title='bbox 126 3664 281 3737; x_wconf 68' lang='grc' dir='ltr'>ἀδιαιρέτως,</span> <span class='ocrx_word' id='word_1_309' title='bbox 296 3655 355 3715; x_wconf 93' lang='lat' dir='ltr'>hoc</span> <span class='ocrx_word' id='word_1_310' title='bbox 369 3661 415 3716; x_wconf 88' lang='lat' dir='ltr'>est</span> <span class='ocrx_word' id='word_1_311' title='bbox 428 3660 464 3714; x_wconf 90' lang='lat' dir='ltr'>ut</span> <span class='ocrx_word' id='word_1_312' title='bbox 482 3671 584 3733; x_wconf 89' lang='lat' dir='ltr'>neque</span> <span class='ocrx_word' id='word_1_313' title='bbox 603 3653 848 3730; x_wconf 81' lang='lat' dir='ltr'>contundantur,</span> <span class='ocrx_word' id='word_1_314' title='bbox 863 3673 899 3715; x_wconf 90' lang='lat' dir='ltr'>ac</span> 
     </span>
     <span class='ocr_line' id='line_1_39' title="bbox 126 3746 900 3827; baseline -0.003 -19"><span class='ocrx_word' id='word_1_315' title='bbox 126 3748 176 3809; x_wconf 83' lang='lat' dir='ltr'>vel</span> <span class='ocrx_word' id='word_1_316' title='bbox 190 3750 266 3827; x_wconf 72' lang='lat' dir='ltr'>ipsas</span> <span class='ocrx_word' id='word_1_317' title='bbox 281 3752 426 3826; x_wconf 89' lang='lat' dir='ltr'>percant,</span> <span class='ocrx_word' id='word_1_318' title='bbox 443 3746 493 3807; x_wconf 84' lang='lat' dir='ltr'>vel</span> <span class='ocrx_word' id='word_1_319' title='bbox 505 3747 710 3827; x_wconf 87' lang='lat' dir='ltr'>proprietates</span> <span class='ocrx_word' id='word_1_320' title='bbox 724 3765 795 3807; x_wconf 89' lang='lat' dir='ltr'>suas</span> <span class='ocrx_word' id='word_1_321' title='bbox 808 3746 900 3807; x_wconf 89' lang='lat' dir='ltr'>amit-</span> 
     </span>
     <span class='ocr_line' id='line_1_40' title="bbox 125 3838 900 3919; baseline -0.001 -17"><span class='ocrx_word' id='word_1_322' title='bbox 125 3847 215 3916; x_wconf 83' lang='lat' dir='ltr'>tant3</span> <span class='ocrx_word' id='word_1_323' title='bbox 245 3858 348 3919; x_wconf 91' lang='lat' dir='ltr'>neque</span> <span class='ocrx_word' id='word_1_324' title='bbox 366 3844 473 3898; x_wconf 88' lang='lat' dir='ltr'>tamen</span> <span class='ocrx_word' id='word_1_325' title='bbox 497 3838 613 3912; x_wconf 76' lang='lat' dir='ltr'>divisa,</span> <span class='ocrx_word' id='word_1_326' title='bbox 628 3858 665 3900; x_wconf 90' lang='lat' dir='ltr'>ac</span> <span class='ocrx_word' id='word_1_327' title='bbox 678 3839 805 3900; x_wconf 80' lang='lat' dir='ltr'>divulsae</span> <span class='ocrx_word' id='word_1_328' title='bbox 828 3856 847 3898; x_wconf 94' lang='lat' dir='ltr'>a</span> <span class='ocrx_word' id='word_1_329' title='bbox 868 3857 900 3901; x_wconf 85' lang='lat' dir='ltr'>sc</span> 
     </span>
     <span class='ocr_line' id='line_1_41' title="bbox 124 3930 902 4010; baseline -0.005 -16"><span class='ocrx_word' id='word_1_330' title='bbox 124 3933 259 3994; x_wconf 81' lang='lat' dir='ltr'>invicem</span> <span class='ocrx_word' id='word_1_331' title='bbox 274 3931 460 3992; x_wconf 72' lang='lat' dir='ltr'>cohereant.</span> <span class='ocrx_word' id='word_1_332' title='bbox 481 3930 570 3997; x_wconf 84' lang='lat' dir='ltr'>Quod</span> <span class='ocrx_word' id='word_1_333' title='bbox 584 3931 748 4010; x_wconf 89' lang='lat' dir='ltr'>diligenter</span> <span class='ocrx_word' id='word_1_334' title='bbox 758 3930 902 3990; x_wconf 82' lang='lat' dir='ltr'>observat</span> 
     </span>
     <span class='ocr_line' id='line_1_42' title="bbox 125 4022 901 4100; baseline -0.004 -14"><span class='ocrx_word' id='word_1_335' title='bbox 125 4026 265 4087; x_wconf 85' lang='lat' dir='ltr'>Joannes</span> <span class='ocrx_word' id='word_1_336' title='bbox 288 4024 494 4084; x_wconf 88' lang='lat' dir='ltr'>Damascenus</span> <span class='ocrx_word' id='word_1_337' title='bbox 516 4024 550 4082; x_wconf 95' lang='lat' dir='ltr'>in</span> <span class='ocrx_word' id='word_1_338' title='bbox 572 4023 652 4083; x_wconf 90' lang='lat' dir='ltr'>libro</span> <span class='ocrx_word' id='word_1_339' title='bbox 674 4022 777 4095; x_wconf 87' lang='lat' dir='ltr'>tertio,</span> <span class='ocrx_word' id='word_1_340' title='bbox 803 4022 901 4100; x_wconf 88' lang='lat' dir='ltr'>capite</span> 
     </span>
     <span class='ocr_line' id='line_1_43' title="bbox 126 4114 902 4198; baseline -0.005 -21"><span class='ocrx_word' id='word_1_341' title='bbox 126 4117 253 4198; x_wconf 88' lang='lat' dir='ltr'>quinto,</span> <span class='ocrx_word' id='word_1_342' title='bbox 268 4134 304 4176; x_wconf 90' lang='lat' dir='ltr'>ac</span> <span class='ocrx_word' id='word_1_343' title='bbox 317 4120 382 4175; x_wconf 87' lang='lat' dir='ltr'>tam</span> <span class='ocrx_word' id='word_1_344' title='bbox 402 4115 436 4175; x_wconf 90' lang='lat' dir='ltr'>in</span> <span class='ocrx_word' id='word_1_345' title='bbox 455 4114 625 4191; x_wconf 88' lang='lat' dir='ltr'>Trinitatis,</span> <span class='ocrx_word' id='word_1_346' title='bbox 642 4132 736 4194; x_wconf 89' lang='lat' dir='ltr'>quarn</span> <span class='ocrx_word' id='word_1_347' title='bbox 749 4115 784 4173; x_wconf 91' lang='grc' dir='ltr'>λιι</span> <span class='ocrx_word' id='word_1_348' title='bbox 798 4115 902 4174; x_wconf 85' lang='lat' dir='ltr'>Incar-</span> 
     </span>
     <span class='ocr_line' id='line_1_44' title="bbox 124 4205 901 4287; baseline -0.003 -17"><span class='ocrx_word' id='word_1_349' title='bbox 124 4207 262 4270; x_wconf 88' lang='lat' dir='ltr'>nationis</span> <span class='ocrx_word' id='word_1_350' title='bbox 274 4208 424 4287; x_wconf 88' lang='lat' dir='ltr'>mysterio</span> <span class='ocrx_word' id='word_1_351' title='bbox 447 4207 516 4268; x_wconf 84' lang='lat' dir='ltr'>lieri</span> <span class='ocrx_word' id='word_1_352' title='bbox 529 4207 614 4267; x_wconf 87' lang='lat' dir='ltr'>dicit.</span> <span class='ocrx_word' id='word_1_353' title='bbox 638 4207 690 4267; x_wconf 87' lang='lat' dir='ltr'>Sic</span> <span class='ocrx_word' id='word_1_354' title='bbox 713 4207 798 4266; x_wconf 88' lang='lat' dir='ltr'>anim</span> <span class='ocrx_word' id='word_1_355' title='bbox 821 4205 854 4266; x_wconf 91' lang='lat' dir='ltr'>in</span> <span class='ocrx_word' id='word_1_356' title='bbox 868 4224 901 4268; x_wconf 90' lang='lat' dir='ltr'>se</span> 
     </span>
     <span class='ocr_line' id='line_1_45' title="bbox 124 4298 899 4378; baseline -0.004 -15"><span class='ocrx_word' id='word_1_357' title='bbox 124 4300 263 4363; x_wconf 77' lang='lat' dir='ltr'>invicem</span> <span class='ocrx_word' id='word_1_358' title='bbox 277 4300 395 4372; x_wconf 88' lang='lat' dir='ltr'>inesse,</span> <span class='ocrx_word' id='word_1_359' title='bbox 418 4318 454 4361; x_wconf 89' lang='lat' dir='ltr'>ac</span> <span class='ocrx_word' id='word_1_360' title='bbox 467 4318 533 4361; x_wconf 87' lang='lat' dir='ltr'>sese</span> <span class='ocrx_word' id='word_1_361' title='bbox 547 4298 775 4378; x_wconf 87' lang='lat' dir='ltr'>quodammodo</span> <span class='ocrx_word' id='word_1_362' title='bbox 789 4316 899 4378; x_wconf 82' lang='lat' dir='ltr'>perva-</span> 
     </span>
    </p>
   </div>
   <div class='ocr_carea' id='block_1_8' title="bbox 123 4499 899 4909">
    <p class='ocr_par' dir='ltr' id='par_1_25' title="bbox 123 4499 899 4660">
     <span class='ocr_line' id='line_1_46' title="bbox 160 4499 899 4573; baseline -0.009 -11"><span class='ocrx_word' id='word_1_363' title='bbox 160 4522 183 4562; x_wconf 84' lang='lat' dir='ltr'>a</span> <span class='ocrx_word' id='word_1_364' title='bbox 203 4504 276 4561; x_wconf 75' lang='lat' dir='ltr'>Mu.</span> <span class='ocrx_word' id='word_1_365' title='bbox 291 4503 322 4559; x_wconf 86' lang='lat' dir='ltr'>in</span> <span class='ocrx_word' id='word_1_366' title='bbox 336 4502 411 4573; x_wconf 84' lang='lat' dir='ltr'>Disp.</span> <span class='ocrx_word' id='word_1_367' title='bbox 425 4517 491 4558; x_wconf 74' lang='lat' dir='ltr'>oum</span> <span class='ocrx_word' id='word_1_368' title='bbox 507 4505 573 4573; x_wconf 71' lang='lat' dir='ltr'>Pyr.</span> <span class='ocrx_word' id='word_1_369' title='bbox 592 4500 641 4570; x_wconf 74' lang='grc' dir='ltr'>Τὴν</span> <span class='ocrx_word' id='word_1_370' title='bbox 657 4499 738 4555; x_wconf 75' lang='grc' dir='ltr'>αὐτῶν</span> <span class='ocrx_word' id='word_1_371' title='bbox 752 4500 785 4554; x_wconf 84' lang='grc' dir='ltr'>δι’</span> <span class='ocrx_word' id='word_1_372' title='bbox 795 4502 856 4555; x_wconf 76' lang='grc' dir='ltr'>ὅλου</span> <span class='ocrx_word' id='word_1_373' title='bbox 867 4501 899 4565; x_wconf 79' lang='grc' dir='ltr'>εἰς</span> 
     </span>
     <span class='ocr_line' id='line_1_47' title="bbox 123 4585 416 4660; baseline -0.017 -16"><span class='ocrx_word' id='word_1_374' title='bbox 123 4590 226 4659; x_wconf 71' lang='grc' dir='ltr'>ἄλληλα</span> <span class='ocrx_word' id='word_1_375' title='bbox 238 4585 416 4660; x_wconf 81' lang='grc' dir='ltr'>περιχώρησιν.</span> 
     </span>
    </p>

    <p class='ocr_par' dir='ltr' id='par_1_26' title="bbox 160 4667 896 4741">
     <span class='ocr_line' id='line_1_48' title="bbox 160 4667 896 4741; baseline -0.011 -11"><span class='ocrx_word' id='word_1_376' title='bbox 160 4674 178 4729; x_wconf 82' lang='lat' dir='ltr'>b</span> <span class='ocrx_word' id='word_1_377' title='bbox 188 4672 308 4729; x_wconf 71' lang='lat' dir='ltr'>Dulce.</span> <span class='ocrx_word' id='word_1_378' title='bbox 318 4668 365 4722; x_wconf 78' lang='lat' dir='ltr'>nrt</span> <span class='ocrx_word' id='word_1_379' title='bbox 373 4668 417 4736; x_wconf 77' lang='grc' dir='ltr'>τήν</span> <span class='ocrx_word' id='word_1_380' title='bbox 427 4667 459 4732; x_wconf 81' lang='grc' dir='ltr'>εἰς</span> <span class='ocrx_word' id='word_1_381' title='bbox 467 4668 565 4737; x_wconf 72' lang='grc' dir='ltr'>ἄλληλα</span> <span class='ocrx_word' id='word_1_382' title='bbox 571 4672 620 4723; x_wconf 82' lang='grc' dir='ltr'>τῶν</span> <span class='ocrx_word' id='word_1_383' title='bbox 629 4673 709 4741; x_wconf 81' lang='grc' dir='ltr'>μερῶν</span> <span class='ocrx_word' id='word_1_384' title='bbox 721 4669 896 4741; x_wconf 81' lang='grc' dir='ltr'>περιχώρησιν.</span> 
     </span>
    </p>

    <p class='ocr_par' dir='ltr' id='par_1_27' title="bbox 124 4751 898 4909">
     <span class='ocr_line' id='line_1_49' title="bbox 159 4751 898 4824; baseline -0.011 -12"><span class='ocrx_word' id='word_1_385' title='bbox 159 4753 266 4812; x_wconf 86' lang='lat' dir='ltr'>elbid.</span> <span class='ocrx_word' id='word_1_386' title='bbox 292 4752 490 4824; x_wconf 80' lang='grc' dir='ltr'>’λνειιφοιτήτοος</span> <span class='ocrx_word' id='word_1_387' title='bbox 513 4752 541 4806; x_wconf 81' lang='grc' dir='ltr'>δὲ</span> <span class='ocrx_word' id='word_1_388' title='bbox 565 4752 658 4815; x_wconf 63' lang='lat' dir='ltr'>ababa,</span> <span class='ocrx_word' id='word_1_389' title='bbox 681 4751 722 4806; x_wconf 85' lang='grc' dir='ltr'>καλ</span> <span class='ocrx_word' id='word_1_390' title='bbox 737 4751 898 4814; x_wconf 81' lang='grc' dir='ltr'>ἀδιαστάτους</span> 
     </span>
     <span class='ocr_line' id='line_1_50' title="bbox 124 4833 898 4909; baseline -0.001 -20"><span class='ocrx_word' id='word_1_391' title='bbox 124 4839 259 4906; x_wconf 69' lang='grc' dir='ltr'>ἀλλήλων,</span> <span class='ocrx_word' id='word_1_392' title='bbox 281 4835 323 4888; x_wconf 84' lang='grc' dir='ltr'>καλ</span> <span class='ocrx_word' id='word_1_393' title='bbox 345 4834 481 4906; x_wconf 76' lang='grc' dir='ltr'>ἡνωμένος,</span> <span class='ocrx_word' id='word_1_394' title='bbox 504 4835 545 4889; x_wconf 89' lang='grc' dir='ltr'>ιιαλ</span> <span class='ocrx_word' id='word_1_395' title='bbox 565 4833 589 4887; x_wconf 81' lang='grc' dir='ltr'>ἔν</span> <span class='ocrx_word' id='word_1_396' title='bbox 612 4835 731 4903; x_wconf 79' lang='grc' dir='ltr'>ἀλλήλαις</span> <span class='ocrx_word' id='word_1_397' title='bbox 754 4834 898 4909; x_wconf 78' lang='grc' dir='ltr'>ἂσυγχθτιος</span> 
     </span>
    </p>
   </div>
   <div class='ocr_carea' id='block_1_9' title="bbox 123 4916 898 5071">
    <p class='ocr_par' dir='ltr' id='par_1_28' title="bbox 123 4916 898 5071">
     <span class='ocr_line' id='line_1_51' title="bbox 123 4916 482 4994; baseline -0.017 -17"><span class='ocrx_word' id='word_1_398' title='bbox 123 4920 311 4994; x_wconf 76' lang='grc' dir='ltr'>περιχωροόσας</span> <span class='ocrx_word' id='word_1_399' title='bbox 324 4916 482 4990; x_wconf 74' lang='grc' dir='ltr'>ἐπιστάμεθα.</span> 
     </span>
     <span class='ocr_line' id='line_1_52' title="bbox 159 4999 898 5071; baseline -0.011 -11"><span class='ocrx_word' id='word_1_400' title='bbox 159 5004 183 5060; x_wconf 76' lang='lat' dir='ltr'>d</span> <span class='ocrx_word' id='word_1_401' title='bbox 200 5001 271 5058; x_wconf 83' lang='lat' dir='ltr'>ibid.</span> <span class='ocrx_word' id='word_1_402' title='bbox 290 5001 346 5055; x_wconf 80' lang='grc' dir='ltr'>Τῶν</span> <span class='ocrx_word' id='word_1_403' title='bbox 366 5000 410 5053; x_wconf 76' lang='grc' dir='ltr'>δύο</span> <span class='ocrx_word' id='word_1_404' title='bbox 423 5001 516 5071; x_wconf 78' lang='grc' dir='ltr'>φύσεων</span> <span class='ocrx_word' id='word_1_405' title='bbox 537 5001 590 5053; x_wconf 84' lang='grc' dir='ltr'>καθ’</span> <span class='ocrx_word' id='word_1_406' title='bbox 603 4999 736 5055; x_wconf 75' lang='grc' dir='ltr'>ὑπόστασιν</span> <span class='ocrx_word' id='word_1_407' title='bbox 751 4999 898 5067; x_wconf 81' lang='grc' dir='ltr'>ἓνωθεισῶν,</span> 
     </span>
    </p>
   </div>
   <div class='ocr_carea' id='block_1_10' title="bbox 123 5083 899 5325">
    <p class='ocr_par' dir='ltr' id='par_1_29' title="bbox 123 5083 899 5325">
     <span class='ocr_line' id='line_1_53' title="bbox 123 5083 899 5160; baseline -0.006 -18"><span class='ocrx_word' id='word_1_408' title='bbox 123 5090 167 5142; x_wconf 74' lang='lat' dir='ltr'>zat</span> <span class='ocrx_word' id='word_1_409' title='bbox 179 5088 226 5157; x_wconf 81' lang='grc' dir='ltr'>τὴν</span> <span class='ocrx_word' id='word_1_410' title='bbox 241 5084 275 5149; x_wconf 82' lang='grc' dir='ltr'>εἰς</span> <span class='ocrx_word' id='word_1_411' title='bbox 287 5085 396 5153; x_wconf 76' lang='grc' dir='ltr'>ἀλλήλας</span> <span class='ocrx_word' id='word_1_412' title='bbox 409 5086 574 5160; x_wconf 80' lang='grc' dir='ltr'>περιχώρησιν</span> <span class='ocrx_word' id='word_1_413' title='bbox 596 5083 744 5159; x_wconf 76' lang='grc' dir='ltr'>ἇσθγχυτον,</span> <span class='ocrx_word' id='word_1_414' title='bbox 757 5085 798 5138; x_wconf 75' lang='lat' dir='ltr'>sal</span> <span class='ocrx_word' id='word_1_415' title='bbox 809 5083 899 5158; x_wconf 77' lang='grc' dir='ltr'>ἀμετά-</span> 
     </span>
     <span class='ocr_line' id='line_1_54' title="bbox 124 5168 357 5245; baseline -0.009 -19"><span class='ocrx_word' id='word_1_416' title='bbox 124 5172 217 5240; x_wconf 70' lang='grc' dir='ltr'>6λήτον</span> <span class='ocrx_word' id='word_1_417' title='bbox 233 5168 357 5245; x_wconf 79' lang='grc' dir='ltr'>ἐχουσῶν.</span> 
     </span>
     <span class='ocr_line' id='line_1_55' title="bbox 162 5250 897 5325; baseline -0.011 -13"><span class='ocrx_word' id='word_1_418' title='bbox 162 5271 177 5312; x_wconf 84' lang='lat' dir='ltr'>e</span> <span class='ocrx_word' id='word_1_419' title='bbox 195 5254 265 5311; x_wconf 86' lang='lat' dir='ltr'>thid.</span> <span class='ocrx_word' id='word_1_420' title='bbox 287 5252 334 5307; x_wconf 83' lang='grc' dir='ltr'>Διὰ</span> <span class='ocrx_word' id='word_1_421' title='bbox 344 5251 393 5324; x_wconf 72' lang='grc' dir='ltr'>γὰρ</span> <span class='ocrx_word' id='word_1_422' title='bbox 406 5257 450 5320; x_wconf 74' lang='grc' dir='ltr'>τῆς</span> <span class='ocrx_word' id='word_1_423' title='bbox 464 5252 574 5314; x_wconf 75' lang='grc' dir='ltr'>λνόισειυς</span> <span class='ocrx_word' id='word_1_424' title='bbox 588 5253 706 5322; x_wconf 76' lang='grc' dir='ltr'>δηλοῦται</span> <span class='ocrx_word' id='word_1_425' title='bbox 720 5253 745 5305; x_wconf 78' lang='lat' dir='ltr'>rt</span> <span class='ocrx_word' id='word_1_426' title='bbox 755 5252 826 5325; x_wconf 76' lang='grc' dir='ltr'>ἔσχεν</span> <span class='ocrx_word' id='word_1_427' title='bbox 842 5250 897 5305; x_wconf 76' lang='grc' dir='ltr'>ἐκά-</span> 
     </span>
    </p>
   </div>
   <div class='ocr_carea' id='block_1_11' title="bbox 125 5336 897 5411">
    <p class='ocr_par' dir='ltr' id='par_1_30' title="bbox 125 5336 897 5411">
     <span class='ocr_line' id='line_1_56' title="bbox 125 5336 897 5411; baseline -0.003 -18"><span class='ocrx_word' id='word_1_428' title='bbox 125 5357 196 5411; x_wconf 84' lang='grc' dir='ltr'>τιρον</span> <span class='ocrx_word' id='word_1_429' title='bbox 206 5336 285 5407; x_wconf 72' lang='grc' dir='ltr'>λαιῆς</span> <span class='ocrx_word' id='word_1_430' title='bbox 293 5337 337 5391; x_wconf 78' lang='grc' dir='ltr'>τοῦ</span> <span class='ocrx_word' id='word_1_431' title='bbox 346 5344 530 5410; x_wconf 83' lang='grc' dir='ltr'>συνυραστιῖιτος</span> <span class='ocrx_word' id='word_1_432' title='bbox 537 5336 647 5411; x_wconf 78' lang='grc' dir='ltr'>ἇρμογῆς</span> <span class='ocrx_word' id='word_1_433' title='bbox 653 5336 897 5410; x_wconf 81' lang='grc' dir='ltr'>ιιαλπεριχισρήσεως.</span> 
     </span>
    </p>
   </div>
   <div class='ocr_carea' id='block_1_12' title="bbox 151 5513 348 5567">
    <p class='ocr_par' dir='ltr' id='par_1_31' title="bbox 151 5513 348 5567">
     <span class='ocr_line' id='line_1_57' title="bbox 151 5513 348 5567; baseline -0.03 -4"><span class='ocrx_word' id='word_1_434' title='bbox 151 5519 164 5563; x_wconf 81' lang='lat' dir='ltr'>t</span> <span class='ocrx_word' id='word_1_435' title='bbox 179 5517 227 5563; x_wconf 73' lang='lat' dir='ltr'>ltu.</span> <span class='ocrx_word' id='word_1_436' title='bbox 241 5513 310 5567; x_wconf 68' lang='lat' dir='ltr'>itte.</span> <span class='ocrx_word' id='word_1_437' title='bbox 323 5525 348 5558; x_wconf 87' lang='lat' dir='ltr'>u.</span> 
     </span>
    </p>
   </div>
   <div class='ocr_carea' id='block_1_13' title="bbox 947 2178 1721 4379">
    <p class='ocr_par' dir='ltr' id='par_1_32' title="bbox 947 2178 1721 4379">
     <span class='ocr_line' id='line_1_58' title="bbox 949 2178 1718 2261; baseline 0.008 -24"><span class='ocrx_word' id='word_1_438' title='bbox 949 2178 1146 2257; x_wconf 85' lang='lat' dir='ltr'>praetermitti</span> <span class='ocrx_word' id='word_1_439' title='bbox 1160 2197 1225 2240; x_wconf 90' lang='lat' dir='ltr'>non</span> <span class='ocrx_word' id='word_1_440' title='bbox 1249 2181 1368 2241; x_wconf 83' lang='lat' dir='ltr'>debuit.</span> <span class='ocrx_word' id='word_1_441' title='bbox 1392 2181 1582 2261; x_wconf 87' lang='lat' dir='ltr'>Euthymius</span> <span class='ocrx_word' id='word_1_442' title='bbox 1601 2183 1635 2242; x_wconf 96' lang='grc' dir='ltr'>λιι</span> <span class='ocrx_word' id='word_1_443' title='bbox 1650 2201 1718 2260; x_wconf 75' lang='lat' dir='ltr'>pos</span> 
     </span>
     <span class='ocr_line' id='line_1_59' title="bbox 948 2271 1717 2355; baseline 0.007 -25"><span class='ocrx_word' id='word_1_444' title='bbox 948 2274 1049 2331; x_wconf 89' lang='lat' dir='ltr'>tremo</span> <span class='ocrx_word' id='word_1_445' title='bbox 1063 2271 1161 2350; x_wconf 88' lang='lat' dir='ltr'>capite</span> <span class='ocrx_word' id='word_1_446' title='bbox 1182 2272 1266 2332; x_wconf 90' lang='lat' dir='ltr'>tituli</span> <span class='ocrx_word' id='word_1_447' title='bbox 1286 2273 1412 2353; x_wconf 87' lang='lat' dir='ltr'>septimi</span> <span class='ocrx_word' id='word_1_448' title='bbox 1434 2272 1607 2354; x_wconf 82' lang='lat' dir='ltr'>Pcooplice;</span> <span class='ocrx_word' id='word_1_449' title='bbox 1634 2276 1717 2355; x_wconf 89' lang='lat' dir='ltr'>quod</span> 
     </span>
     <span class='ocr_line' id='line_1_60' title="bbox 949 2364 1718 2442; baseline 0.005 -19"><span class='ocrx_word' id='word_1_450' title='bbox 949 2369 1058 2442; x_wconf 90' lang='lat' dir='ltr'>caput,</span> <span class='ocrx_word' id='word_1_451' title='bbox 1084 2364 1170 2441; x_wconf 90' lang='lat' dir='ltr'>quasi</span> <span class='ocrx_word' id='word_1_452' title='bbox 1190 2382 1247 2442; x_wconf 88' lang='lat' dir='ltr'>per</span> <span class='ocrx_word' id='word_1_453' title='bbox 1261 2370 1408 2438; x_wconf 86' lang='lat' dir='ltr'>saturam,</span> <span class='ocrx_word' id='word_1_454' title='bbox 1433 2366 1521 2426; x_wconf 85' lang='lat' dir='ltr'>varia</span> <span class='ocrx_word' id='word_1_455' title='bbox 1545 2367 1583 2427; x_wconf 92' lang='lat' dir='ltr'>de</span> <span class='ocrx_word' id='word_1_456' title='bbox 1608 2365 1718 2427; x_wconf 88' lang='lat' dir='ltr'>Incar-</span> 
     </span>
     <span class='ocr_line' id='line_1_61' title="bbox 949 2455 1717 2538; baseline 0.007 -24"><span class='ocrx_word' id='word_1_457' title='bbox 949 2455 1075 2516; x_wconf 90' lang='lat' dir='ltr'>natione</span> <span class='ocrx_word' id='word_1_458' title='bbox 1099 2457 1226 2517; x_wconf 84' lang='lat' dir='ltr'>Petrum</span> <span class='ocrx_word' id='word_1_459' title='bbox 1253 2457 1455 2536; x_wconf 90' lang='lat' dir='ltr'>antiquorum</span> <span class='ocrx_word' id='word_1_460' title='bbox 1482 2459 1563 2519; x_wconf 90' lang='lat' dir='ltr'>dicta</span> <span class='ocrx_word' id='word_1_461' title='bbox 1581 2458 1717 2538; x_wconf 87' lang='lat' dir='ltr'>colligit;</span> 
     </span>
     <span class='ocr_line' id='line_1_62' title="bbox 949 2547 1718 2629; baseline 0.005 -22"><span class='ocrx_word' id='word_1_462' title='bbox 949 2565 1049 2607; x_wconf 91' lang='lat' dir='ltr'>unum</span> <span class='ocrx_word' id='word_1_463' title='bbox 1064 2547 1159 2609; x_wconf 87' lang='lat' dir='ltr'>habet</span> <span class='ocrx_word' id='word_1_464' title='bbox 1172 2550 1306 2610; x_wconf 89' lang='lat' dir='ltr'>auctoris</span> <span class='ocrx_word' id='word_1_465' title='bbox 1320 2550 1487 2629; x_wconf 90' lang='lat' dir='ltr'>anonymi,</span> <span class='ocrx_word' id='word_1_466' title='bbox 1511 2550 1614 2611; x_wconf 87' lang='lat' dir='ltr'>verbis</span> <span class='ocrx_word' id='word_1_467' title='bbox 1631 2551 1718 2611; x_wconf 85' lang='lat' dir='ltr'>istis:</span> 
     </span>
     <span class='ocr_line' id='line_1_63' title="bbox 952 2640 1719 2722; baseline 0.007 -24"><span class='ocrx_word' id='word_1_468' title='bbox 952 2641 1050 2700; x_wconf 81' lang='lat' dir='ltr'>«Non</span> <span class='ocrx_word' id='word_1_469' title='bbox 1064 2647 1165 2719; x_wconf 89' lang='lat' dir='ltr'>potest</span> <span class='ocrx_word' id='word_1_470' title='bbox 1182 2640 1246 2700; x_wconf 90' lang='lat' dir='ltr'>ulla</span> <span class='ocrx_word' id='word_1_471' title='bbox 1267 2642 1434 2720; x_wconf 81' lang='lat' dir='ltr'>excogitari</span> <span class='ocrx_word' id='word_1_472' title='bbox 1450 2642 1633 2718; x_wconf 90' lang='lat' dir='ltr'>similitudo,</span> <span class='ocrx_word' id='word_1_473' title='bbox 1649 2661 1719 2722; x_wconf 86' lang='lat' dir='ltr'>quaa</span> 
     </span>
     <span class='ocr_line' id='line_1_64' title="bbox 948 2732 1720 2813; baseline 0.001 -20"><span class='ocrx_word' id='word_1_474' title='bbox 948 2732 1080 2811; x_wconf 74' lang='lat' dir='ltr'>perfecte</span> <span class='ocrx_word' id='word_1_475' title='bbox 1118 2751 1186 2794; x_wconf 86' lang='lat' dir='ltr'>rem</span> <span class='ocrx_word' id='word_1_476' title='bbox 1219 2734 1411 2813; x_wconf 88' lang='lat' dir='ltr'>propositam</span> <span class='ocrx_word' id='word_1_477' title='bbox 1445 2735 1622 2813; x_wconf 82' lang='lat' dir='ltr'>exprimat:</span> <span class='ocrx_word' id='word_1_478' title='bbox 1658 2735 1720 2795; x_wconf 89' lang='lat' dir='ltr'>Nos</span> 
     </span>
     <span class='ocr_line' id='line_1_65' title="bbox 948 2817 1719 2904; baseline 0.001 -20"><span class='ocrx_word' id='word_1_479' title='bbox 948 2829 1054 2885; x_wconf 89' lang='lat' dir='ltr'>tamen</span> <span class='ocrx_word' id='word_1_480' title='bbox 1068 2826 1235 2904; x_wconf 87' lang='lat' dir='ltr'>quamdam</span> <span class='ocrx_word' id='word_1_481' title='bbox 1258 2824 1368 2885; x_wconf 83' lang='lat' dir='ltr'>afferre</span> <span class='ocrx_word' id='word_1_482' title='bbox 1383 2825 1581 2901; x_wconf 90' lang='lat' dir='ltr'>conabimur,</span> <span class='ocrx_word' id='word_1_483' title='bbox 1601 2843 1672 2904; x_wconf 85' lang='lat' dir='ltr'>quae</span> <span class='ocrx_word' id='word_1_484' title='bbox 1694 2817 1719 2885; x_wconf 77' lang='lat' dir='ltr'>si</span> 
     </span>
     <span class='ocr_line' id='line_1_66' title="bbox 948 2915 1719 2997; baseline 0 -21"><span class='ocrx_word' id='word_1_485' title='bbox 948 2917 1053 2976; x_wconf 90' lang='lat' dir='ltr'>minus</span> <span class='ocrx_word' id='word_1_486' title='bbox 1078 2916 1156 2977; x_wconf 90' lang='lat' dir='ltr'>tanti</span> <span class='ocrx_word' id='word_1_487' title='bbox 1179 2917 1319 2996; x_wconf 83' lang='lat' dir='ltr'>mysterii</span> <span class='ocrx_word' id='word_1_488' title='bbox 1345 2916 1498 2995; x_wconf 88' lang='lat' dir='ltr'>majestati</span> <span class='ocrx_word' id='word_1_489' title='bbox 1522 2915 1719 2997; x_wconf 88' lang='lat' dir='ltr'>respondeat,</span> 
     </span>
     <span class='ocr_line' id='line_1_67' title="bbox 947 3008 1720 3088; baseline -0.001 -19"><span class='ocrx_word' id='word_1_490' title='bbox 947 3009 1076 3088; x_wconf 90' lang='lat' dir='ltr'>propius</span> <span class='ocrx_word' id='word_1_491' title='bbox 1089 3014 1213 3084; x_wconf 91' lang='lat' dir='ltr'>tamen,</span> <span class='ocrx_word' id='word_1_492' title='bbox 1236 3026 1331 3087; x_wconf 90' lang='lat' dir='ltr'>quam</span> <span class='ocrx_word' id='word_1_493' title='bbox 1345 3013 1483 3085; x_wconf 74' lang='lat' dir='ltr'>caeterea,</span> <span class='ocrx_word' id='word_1_494' title='bbox 1505 3010 1544 3069; x_wconf 89' lang='lat' dir='ltr'>ad</span> <span class='ocrx_word' id='word_1_495' title='bbox 1558 3008 1720 3069; x_wconf 84' lang='lat' dir='ltr'>veritatem</span> 
     </span>
     <span class='ocr_line' id='line_1_68' title="bbox 948 3099 1721 3173; baseline 0.001 -13"><span class='ocrx_word' id='word_1_496' title='bbox 948 3100 1032 3161; x_wconf 88' lang='lat' dir='ltr'>illius</span> <span class='ocrx_word' id='word_1_497' title='bbox 1054 3100 1183 3160; x_wconf 90' lang='lat' dir='ltr'>accedit.</span> <span class='ocrx_word' id='word_1_498' title='bbox 1209 3100 1478 3173; x_wconf 84' lang='lat' dir='ltr'>Quemadmodum</span> <span class='ocrx_word' id='word_1_499' title='bbox 1492 3099 1576 3161; x_wconf 88' lang='lat' dir='ltr'>enim</span> <span class='ocrx_word' id='word_1_500' title='bbox 1598 3101 1624 3160; x_wconf 91' lang='lat' dir='ltr'>si</span> <span class='ocrx_word' id='word_1_501' title='bbox 1637 3105 1721 3161; x_wconf 90' lang='lat' dir='ltr'>totus</span> 
     </span>
     <span class='ocr_line' id='line_1_69' title="bbox 949 3191 1720 3272; baseline -0.001 -20"><span class='ocrx_word' id='word_1_502' title='bbox 949 3211 1003 3254; x_wconf 88' lang='lat' dir='ltr'>aer</span> <span class='ocrx_word' id='word_1_503' title='bbox 1015 3193 1143 3269; x_wconf 87' lang='lat' dir='ltr'>ignitus,</span> <span class='ocrx_word' id='word_1_504' title='bbox 1154 3191 1203 3253; x_wconf 86' lang='lat' dir='ltr'>vel</span> <span class='ocrx_word' id='word_1_505' title='bbox 1213 3193 1315 3272; x_wconf 90' lang='lat' dir='ltr'>potius</span> <span class='ocrx_word' id='word_1_506' title='bbox 1323 3193 1501 3271; x_wconf 88' lang='lat' dir='ltr'>ignisesset,</span> <span class='ocrx_word' id='word_1_507' title='bbox 1517 3211 1553 3254; x_wconf 91' lang='lat' dir='ltr'>ac</span> <span class='ocrx_word' id='word_1_508' title='bbox 1564 3199 1632 3253; x_wconf 89' lang='lat' dir='ltr'>tum</span> <span class='ocrx_word' id='word_1_509' title='bbox 1645 3191 1720 3257; x_wconf 83' lang='lat' dir='ltr'>ferri</span> 
     </span>
     <span class='ocr_line' id='line_1_70' title="bbox 949 3284 1719 3364; baseline 0 -18"><span class='ocrx_word' id='word_1_510' title='bbox 949 3285 1093 3364; x_wconf 88' lang='lat' dir='ltr'>globulus</span> <span class='ocrx_word' id='word_1_511' title='bbox 1119 3284 1353 3361; x_wconf 88' lang='lat' dir='ltr'>immitteretur,</span> <span class='ocrx_word' id='word_1_512' title='bbox 1385 3302 1508 3345; x_wconf 87' lang='lat' dir='ltr'>neccsse</span> <span class='ocrx_word' id='word_1_513' title='bbox 1532 3286 1613 3345; x_wconf 87' lang='lat' dir='ltr'>foret</span> <span class='ocrx_word' id='word_1_514' title='bbox 1634 3285 1719 3346; x_wconf 88' lang='lat' dir='ltr'>hunc</span> 
     </span>
     <span class='ocr_line' id='line_1_71' title="bbox 949 3376 1720 3456; baseline -0.001 -18"><span class='ocrx_word' id='word_1_515' title='bbox 949 3379 1026 3439; x_wconf 86' lang='lat' dir='ltr'>adeo</span> <span class='ocrx_word' id='word_1_516' title='bbox 1038 3378 1071 3437; x_wconf 92' lang='lat' dir='ltr'>in</span> <span class='ocrx_word' id='word_1_517' title='bbox 1091 3377 1221 3456; x_wconf 89' lang='lat' dir='ltr'>potioris</span> <span class='ocrx_word' id='word_1_518' title='bbox 1234 3376 1367 3436; x_wconf 87' lang='lat' dir='ltr'>transire</span> <span class='ocrx_word' id='word_1_519' title='bbox 1382 3376 1574 3455; x_wconf 88' lang='lat' dir='ltr'>qualitatem,</span> <span class='ocrx_word' id='word_1_520' title='bbox 1590 3383 1627 3437; x_wconf 91' lang='lat' dir='ltr'>ut</span> <span class='ocrx_word' id='word_1_521' title='bbox 1639 3377 1720 3437; x_wconf 89' lang='lat' dir='ltr'>nihil</span> 
     </span>
     <span class='ocr_line' id='line_1_72' title="bbox 949 3468 1719 3550; baseline -0.001 -20"><span class='ocrx_word' id='word_1_522' title='bbox 949 3476 1062 3550; x_wconf 84' lang='lat' dir='ltr'>praeter</span> <span class='ocrx_word' id='word_1_523' title='bbox 1086 3468 1192 3548; x_wconf 88' lang='lat' dir='ltr'>ignem</span> <span class='ocrx_word' id='word_1_524' title='bbox 1218 3485 1282 3528; x_wconf 90' lang='lat' dir='ltr'>csse</span> <span class='ocrx_word' id='word_1_525' title='bbox 1310 3468 1485 3544; x_wconf 85' lang='lat' dir='ltr'>videretur;</span> <span class='ocrx_word' id='word_1_526' title='bbox 1506 3486 1577 3529; x_wconf 92' lang='lat' dir='ltr'>cum</span> <span class='ocrx_word' id='word_1_527' title='bbox 1593 3468 1719 3529; x_wconf 88' lang='lat' dir='ltr'>interim</span> 
     </span>
     <span class='ocr_line' id='line_1_73' title="bbox 949 3560 1720 3623; baseline 0 0"><span class='ocrx_word' id='word_1_528' title='bbox 949 3562 1127 3623; x_wconf 77' lang='lat' dir='ltr'>substantia</span> <span class='ocrx_word' id='word_1_529' title='bbox 1149 3560 1195 3620; x_wconf 90' lang='lat' dir='ltr'>illi</span> <span class='ocrx_word' id='word_1_530' title='bbox 1212 3560 1292 3620; x_wconf 91' lang='lat' dir='ltr'>ratio</span> <span class='ocrx_word' id='word_1_531' title='bbox 1318 3565 1483 3622; x_wconf 88' lang='lat' dir='ltr'>constaret.</span> <span class='ocrx_word' id='word_1_532' title='bbox 1513 3561 1564 3622; x_wconf 90' lang='lat' dir='ltr'>Sic</span> <span class='ocrx_word' id='word_1_533' title='bbox 1581 3561 1720 3623; x_wconf 88' lang='lat' dir='ltr'>humana</span> 
     </span>
     <span class='ocr_line' id='line_1_74' title="bbox 948 3652 1720 3733; baseline -0.001 -18"><span class='ocrx_word' id='word_1_534' title='bbox 948 3660 1149 3715; x_wconf 81' lang='lat' dir='ltr'>naturarum</span> <span class='ocrx_word' id='word_1_535' title='bbox 1169 3652 1277 3712; x_wconf 87' lang='lat' dir='ltr'>divina</span> <span class='ocrx_word' id='word_1_536' title='bbox 1303 3653 1447 3732; x_wconf 92' lang='lat' dir='ltr'>copulata</span> <span class='ocrx_word' id='word_1_537' title='bbox 1473 3653 1550 3713; x_wconf 88' lang='lat' dir='ltr'>adeo</span> <span class='ocrx_word' id='word_1_538' title='bbox 1574 3662 1720 3733; x_wconf 89' lang='lat' dir='ltr'>superata</span> 
     </span>
     <span class='ocr_line' id='line_1_75' title="bbox 950 3744 1718 3824; baseline -0.003 -17"><span class='ocrx_word' id='word_1_539' title='bbox 950 3751 1010 3821; x_wconf 91' lang='lat' dir='ltr'>est,</span> <span class='ocrx_word' id='word_1_540' title='bbox 1038 3751 1073 3805; x_wconf 89' lang='lat' dir='ltr'>ut</span> <span class='ocrx_word' id='word_1_541' title='bbox 1090 3763 1155 3805; x_wconf 92' lang='lat' dir='ltr'>non</span> <span class='ocrx_word' id='word_1_542' title='bbox 1170 3744 1303 3824; x_wconf 88' lang='lat' dir='ltr'>amplius</span> <span class='ocrx_word' id='word_1_543' title='bbox 1317 3745 1452 3805; x_wconf 90' lang='lat' dir='ltr'>hominis</span> <span class='ocrx_word' id='word_1_544' title='bbox 1466 3749 1580 3805; x_wconf 88' lang='lat' dir='ltr'>natura</span> <span class='ocrx_word' id='word_1_545' title='bbox 1591 3763 1718 3806; x_wconf 89' lang='lat' dir='ltr'>manere</span> 
     </span>
     <span class='ocr_line' id='line_1_76' title="bbox 948 3837 1719 3917; baseline -0.003 -17"><span class='ocrx_word' id='word_1_546' title='bbox 948 3839 1100 3900; x_wconf 84' lang='lat' dir='ltr'>videatur.</span> <span class='ocrx_word' id='word_1_547' title='bbox 1116 3839 1196 3898; x_wconf 89' lang='lat' dir='ltr'>Hinc</span> <span class='ocrx_word' id='word_1_548' title='bbox 1223 3841 1280 3913; x_wconf 91' lang='lat' dir='ltr'>est,</span> <span class='ocrx_word' id='word_1_549' title='bbox 1306 3838 1390 3917; x_wconf 90' lang='lat' dir='ltr'>quod</span> <span class='ocrx_word' id='word_1_550' title='bbox 1414 3837 1520 3898; x_wconf 88' lang='lat' dir='ltr'>Patres</span> <span class='ocrx_word' id='word_1_551' title='bbox 1546 3837 1719 3898; x_wconf 87' lang='lat' dir='ltr'>deificatam</span> 
     </span>
     <span class='ocr_line' id='line_1_77' title="bbox 949 3928 1715 4003; baseline -0.003 -11"><span class='ocrx_word' id='word_1_552' title='bbox 949 3932 1031 3992; x_wconf 90' lang='lat' dir='ltr'>hanc</span> <span class='ocrx_word' id='word_1_553' title='bbox 1044 3948 1109 3991; x_wconf 90' lang='lat' dir='ltr'>esse</span> <span class='ocrx_word' id='word_1_554' title='bbox 1122 3930 1268 3989; x_wconf 84' lang='lat' dir='ltr'>dixerunt</span> <span class='ocrx_word' id='word_1_555' title='bbox 1281 3930 1313 3989; x_wconf 92' lang='lat' dir='ltr'>in</span> <span class='ocrx_word' id='word_1_556' title='bbox 1336 3928 1367 3988; x_wconf 89' lang='lat' dir='ltr'>id</span> <span class='ocrx_word' id='word_1_557' title='bbox 1385 3929 1528 3989; x_wconf 83' lang='lat' dir='ltr'>videlicet</span> <span class='ocrx_word' id='word_1_558' title='bbox 1548 3928 1715 4003; x_wconf 88' lang='lat' dir='ltr'>intuentes,</span> 
     </span>
     <span class='ocr_line' id='line_1_78' title="bbox 949 4021 1719 4103; baseline -0.003 -19"><span class='ocrx_word' id='word_1_559' title='bbox 949 4022 1033 4103; x_wconf 92' lang='lat' dir='ltr'>quod</span> <span class='ocrx_word' id='word_1_560' title='bbox 1047 4022 1150 4101; x_wconf 88' lang='lat' dir='ltr'>potius</span> <span class='ocrx_word' id='word_1_561' title='bbox 1164 4039 1199 4082; x_wconf 89' lang='lat' dir='ltr'>ac</span> <span class='ocrx_word' id='word_1_562' title='bbox 1211 4021 1355 4101; x_wconf 88' lang='lat' dir='ltr'>superius</span> <span class='ocrx_word' id='word_1_563' title='bbox 1368 4027 1424 4082; x_wconf 88' lang='lat' dir='ltr'>cst.</span> <span class='ocrx_word' id='word_1_564' title='bbox 1440 4021 1529 4081; x_wconf 90' lang='lat' dir='ltr'>Unde</span> <span class='ocrx_word' id='word_1_565' title='bbox 1539 4026 1570 4080; x_wconf 90' lang='lat' dir='ltr'>et</span> <span class='ocrx_word' id='word_1_566' title='bbox 1583 4040 1649 4081; x_wconf 88' lang='lat' dir='ltr'>una</span> <span class='ocrx_word' id='word_1_567' title='bbox 1662 4022 1719 4082; x_wconf 89' lang='lat' dir='ltr'>tri-</span> 
     </span>
     <span class='ocr_line' id='line_1_79' title="bbox 948 4112 1719 4192; baseline 0 -16"><span class='ocrx_word' id='word_1_568' title='bbox 948 4115 1055 4176; x_wconf 89' lang='lat' dir='ltr'>buitur</span> <span class='ocrx_word' id='word_1_569' title='bbox 1088 4112 1241 4174; x_wconf 89' lang='lat' dir='ltr'>ambohus</span> <span class='ocrx_word' id='word_1_570' title='bbox 1274 4113 1428 4187; x_wconf 87' lang='lat' dir='ltr'>adoratio,</span> <span class='ocrx_word' id='word_1_571' title='bbox 1461 4115 1590 4192; x_wconf 90' lang='lat' dir='ltr'>propter</span> <span class='ocrx_word' id='word_1_572' title='bbox 1620 4133 1719 4176; x_wconf 90' lang='lat' dir='ltr'>unam</span> 
     </span>
     <span class='ocr_line' id='line_1_80' title="bbox 949 4203 1720 4287; baseline 0 -20"><span class='ocrx_word' id='word_1_573' title='bbox 949 4206 1153 4287; x_wconf 86' lang='lat' dir='ltr'>hypostasim,</span> <span class='ocrx_word' id='word_1_574' title='bbox 1165 4213 1195 4266; x_wconf 89' lang='lat' dir='ltr'>et</span> <span class='ocrx_word' id='word_1_575' title='bbox 1207 4204 1402 4266; x_wconf 84' lang='lat' dir='ltr'>individuam</span> <span class='ocrx_word' id='word_1_576' title='bbox 1417 4203 1642 4267; x_wconf 65' lang='lat' dir='ltr'>unitionem»</span> <span class='ocrx_word' id='word_1_577' title='bbox 1657 4208 1720 4273; x_wconf 85' lang='lat' dir='ltr'>Qui</span> 
     </span>
     <span class='ocr_line' id='line_1_81' title="bbox 950 4297 1719 4379; baseline -0.001 -19"><span class='ocrx_word' id='word_1_578' title='bbox 950 4297 1719 4379; x_wconf 80' lang='lat' dir='ltr'>locusapudEliamCretensemlegiturtoSebolits</span> 
     </span>
    </p>
   </div>
   <div class='ocr_carea' id='block_1_14' title="bbox 946 4499 1720 5408">
    <p class='ocr_par' dir='ltr' id='par_1_33' title="bbox 947 4499 1718 4657">
     <span class='ocr_line' id='line_1_82' title="bbox 985 4499 1718 4577; baseline -0.001 -19"><span class='ocrx_word' id='word_1_579' title='bbox 985 4502 1006 4577; x_wconf 73' lang='lat' dir='ltr'><strong><em>s</em></strong></span> <span class='ocrx_word' id='word_1_580' title='bbox 1021 4503 1091 4558; x_wconf 69' lang='lat' dir='ltr'>Data.</span> <span class='ocrx_word' id='word_1_581' title='bbox 1112 4500 1158 4554; x_wconf 83' lang='grc' dir='ltr'>Διθι</span> <span class='ocrx_word' id='word_1_582' title='bbox 1175 4505 1218 4569; x_wconf 81' lang='grc' dir='ltr'>τῆς</span> <span class='ocrx_word' id='word_1_583' title='bbox 1230 4499 1254 4554; x_wconf 79' lang='grc' dir='ltr'>ἒν</span> <span class='ocrx_word' id='word_1_584' title='bbox 1267 4499 1387 4569; x_wconf 77' lang='grc' dir='ltr'>ἀλλήλαις</span> <span class='ocrx_word' id='word_1_585' title='bbox 1399 4504 1441 4566; x_wconf 87' lang='grc' dir='ltr'>τῆς</span> <span class='ocrx_word' id='word_1_586' title='bbox 1455 4499 1528 4554; x_wconf 72' lang='grc' dir='ltr'>αὐτοῦ</span> <span class='ocrx_word' id='word_1_587' title='bbox 1544 4501 1666 4572; x_wconf 81' lang='grc' dir='ltr'>θεότητος,</span> <span class='ocrx_word' id='word_1_588' title='bbox 1677 4504 1718 4557; x_wconf 82' lang='grc' dir='ltr'>καλ</span> 
     </span>
     <span class='ocr_line' id='line_1_83' title="bbox 947 4584 1540 4657; baseline 0.002 -19"><span class='ocrx_word' id='word_1_589' title='bbox 947 4589 990 4654; x_wconf 71' lang='grc' dir='ltr'>τῆς</span> <span class='ocrx_word' id='word_1_590' title='bbox 1003 4585 1077 4639; x_wconf 75' lang='grc' dir='ltr'>αὐτοῦ</span> <span class='ocrx_word' id='word_1_591' title='bbox 1088 4585 1176 4656; x_wconf 81' lang='grc' dir='ltr'>σαρκός</span> <span class='ocrx_word' id='word_1_592' title='bbox 1189 4584 1328 4657; x_wconf 78' lang='grc' dir='ltr'>ἀσυγχύτου</span> <span class='ocrx_word' id='word_1_593' title='bbox 1343 4585 1540 4657; x_wconf 81' lang='grc' dir='ltr'>περιχωρήσεως.</span> 
     </span>
    </p>

    <p class='ocr_par' dir='ltr' id='par_1_34' title="bbox 946 4662 1719 4825">
     <span class='ocr_line' id='line_1_84' title="bbox 981 4662 1719 4741; baseline 0.001 -17"><span class='ocrx_word' id='word_1_594' title='bbox 981 4669 1086 4741; x_wconf 74' lang='lat' dir='ltr'>thz.</span> <span class='ocrx_word' id='word_1_595' title='bbox 1110 4674 1179 4726; x_wconf 80' lang='lat' dir='ltr'>orat.</span> <span class='ocrx_word' id='word_1_596' title='bbox 1203 4685 1223 4723; x_wconf 89' lang='lat'>1.</span> <span class='ocrx_word' id='word_1_597' title='bbox 1243 4668 1333 4739; x_wconf 73' lang='grc' dir='ltr'>Φεόγει</span> <span class='ocrx_word' id='word_1_598' title='bbox 1354 4666 1402 4740; x_wconf 81' lang='grc' dir='ltr'>γὰρ</span> <span class='ocrx_word' id='word_1_599' title='bbox 1424 4662 1487 4722; x_wconf 81' lang='grc' dir='ltr'>εἶναι</span> <span class='ocrx_word' id='word_1_600' title='bbox 1510 4670 1569 4741; x_wconf 87' lang='grc' dir='ltr'>όπερ</span> <span class='ocrx_word' id='word_1_601' title='bbox 1593 4668 1658 4725; x_wconf 77' lang='grc' dir='ltr'>ἐστὶν</span> <span class='ocrx_word' id='word_1_602' title='bbox 1686 4671 1719 4734; x_wconf 84' lang='grc' dir='ltr'>εἰς</span> 
     </span>
     <span class='ocr_line' id='line_1_85' title="bbox 946 4750 1514 4825; baseline -0.002 -19"><span class='ocrx_word' id='word_1_603' title='bbox 946 4753 1044 4821; x_wconf 75' lang='grc' dir='ltr'>ἄλληλα</span> <span class='ocrx_word' id='word_1_604' title='bbox 1059 4756 1259 4825; x_wconf 77' lang='grc' dir='ltr'>μεταχωροῦντα,</span> <span class='ocrx_word' id='word_1_605' title='bbox 1271 4750 1311 4804; x_wconf 85' lang='grc' dir='ltr'>καλ</span> <span class='ocrx_word' id='word_1_606' title='bbox 1326 4750 1514 4822; x_wconf 79' lang='grc' dir='ltr'>μεταθαόνοντα.</span> 
     </span>
    </p>

    <p class='ocr_par' dir='ltr' id='par_1_35' title="bbox 946 4833 1720 5241">
     <span class='ocr_line' id='line_1_86' title="bbox 982 4833 1720 4909; baseline 0.001 -19"><span class='ocrx_word' id='word_1_607' title='bbox 982 4834 1002 4890; x_wconf 87' lang='grc' dir='ltr'>Ιι</span> <span class='ocrx_word' id='word_1_608' title='bbox 1022 4837 1090 4892; x_wconf 81' lang='lat' dir='ltr'>Dsts.</span> <span class='ocrx_word' id='word_1_609' title='bbox 1110 4836 1158 4888; x_wconf 88' lang='grc' dir='ltr'>Τόν</span> <span class='ocrx_word' id='word_1_610' title='bbox 1173 4833 1246 4888; x_wconf 65' lang='lat' dir='ltr'>atsto</span> <span class='ocrx_word' id='word_1_611' title='bbox 1267 4836 1417 4906; x_wconf 82' lang='grc' dir='ltr'>τρόπονκαὶ</span> <span class='ocrx_word' id='word_1_612' title='bbox 1438 4837 1463 4888; x_wconf 81' lang='grc' dir='ltr'>αλ</span> <span class='ocrx_word' id='word_1_613' title='bbox 1486 4836 1594 4909; x_wconf 83' lang='grc' dir='ltr'>Χριστοῦ</span> <span class='ocrx_word' id='word_1_614' title='bbox 1606 4838 1686 4908; x_wconf 78' lang='grc' dir='ltr'>ρθσεις</span> <span class='ocrx_word' id='word_1_615' title='bbox 1700 4838 1720 4891; x_wconf 79' lang='grc' dir='ltr'>εἰ</span> 
     </span>
     <span class='ocr_line' id='line_1_87' title="bbox 946 4917 1719 4991; baseline 0.003 -20"><span class='ocrx_word' id='word_1_616' title='bbox 946 4919 987 4972; x_wconf 85' lang='grc' dir='ltr'>καλ</span> <span class='ocrx_word' id='word_1_617' title='bbox 1001 4919 1115 4986; x_wconf 76' lang='grc' dir='ltr'>ήνιονται,</span> <span class='ocrx_word' id='word_1_618' title='bbox 1129 4917 1190 4971; x_wconf 77' lang='grc' dir='ltr'>ἀλλ’</span> <span class='ocrx_word' id='word_1_619' title='bbox 1209 4917 1352 4991; x_wconf 78' lang='grc' dir='ltr'>ἀσυγχότως</span> <span class='ocrx_word' id='word_1_620' title='bbox 1371 4918 1488 4985; x_wconf 77' lang='grc' dir='ltr'>ήνωνται·</span> <span class='ocrx_word' id='word_1_621' title='bbox 1503 4921 1545 4973; x_wconf 83' lang='grc' dir='ltr'>καλ</span> <span class='ocrx_word' id='word_1_622' title='bbox 1558 4921 1579 4974; x_wconf 88' lang='grc' dir='ltr'>ελ</span> <span class='ocrx_word' id='word_1_623' title='bbox 1600 4919 1625 4973; x_wconf 79' lang='grc' dir='ltr'>ἓν</span> <span class='ocrx_word' id='word_1_624' title='bbox 1642 4920 1719 4988; x_wconf 77' lang='grc' dir='ltr'>ἀλλή-</span> 
     </span>
     <span class='ocr_line' id='line_1_88' title="bbox 946 5001 1717 5075; baseline 0.001 -20"><span class='ocrx_word' id='word_1_625' title='bbox 946 5002 1002 5063; x_wconf 87' lang='grc' dir='ltr'>λαις</span> <span class='ocrx_word' id='word_1_626' title='bbox 1011 5007 1199 5075; x_wconf 82' lang='grc' dir='ltr'>περιχωροῦσιν,</span> <span class='ocrx_word' id='word_1_627' title='bbox 1214 5001 1280 5054; x_wconf 73' lang='grc' dir='ltr'>ἀλλὰ</span> <span class='ocrx_word' id='word_1_628' title='bbox 1296 5002 1340 5070; x_wconf 76' lang='grc' dir='ltr'>τήν</span> <span class='ocrx_word' id='word_1_629' title='bbox 1355 5001 1389 5066; x_wconf 81' lang='grc' dir='ltr'>εἰς</span> <span class='ocrx_word' id='word_1_630' title='bbox 1403 5001 1513 5070; x_wconf 75' lang='grc' dir='ltr'>ἀλλήλας</span> <span class='ocrx_word' id='word_1_631' title='bbox 1526 5002 1619 5075; x_wconf 77' lang='grc' dir='ltr'>τροπὴν</span> <span class='ocrx_word' id='word_1_632' title='bbox 1629 5022 1666 5068; x_wconf 87' lang='grc' dir='ltr'>τε,</span> <span class='ocrx_word' id='word_1_633' title='bbox 1677 5005 1717 5056; x_wconf 83' lang='grc' dir='ltr'>καλ</span> 
     </span>
     <span class='ocr_line' id='line_1_89' title="bbox 948 5082 1718 5157; baseline 0 -19"><span class='ocrx_word' id='word_1_634' title='bbox 948 5083 1084 5156; x_wconf 76' lang='grc' dir='ltr'>μεταόολὴν</span> <span class='ocrx_word' id='word_1_635' title='bbox 1095 5082 1124 5136; x_wconf 79' lang='grc' dir='ltr'>οὔ</span> <span class='ocrx_word' id='word_1_636' title='bbox 1136 5085 1286 5156; x_wconf 68' lang='grc' dir='ltr'>προσίενται·</span> <span class='ocrx_word' id='word_1_637' title='bbox 1298 5086 1414 5156; x_wconf 75' lang='grc' dir='ltr'>φυλάττει</span> <span class='ocrx_word' id='word_1_638' title='bbox 1427 5083 1475 5157; x_wconf 71' lang='grc' dir='ltr'>γὰρ</span> <span class='ocrx_word' id='word_1_639' title='bbox 1489 5084 1589 5157; x_wconf 78' lang='grc' dir='ltr'>ἑκατέρα</span> <span class='ocrx_word' id='word_1_640' title='bbox 1602 5085 1646 5153; x_wconf 72' lang='grc' dir='ltr'>τὴν</span> <span class='ocrx_word' id='word_1_641' title='bbox 1662 5084 1718 5138; x_wconf 73' lang='grc' dir='ltr'>ἑαυ-</span> 
     </span>
     <span class='ocr_line' id='line_1_90' title="bbox 948 5166 1644 5241; baseline -0.003 -20"><span class='ocrx_word' id='word_1_642' title='bbox 948 5171 991 5236; x_wconf 78' lang='grc' dir='ltr'>τής</span> <span class='ocrx_word' id='word_1_643' title='bbox 1000 5166 1101 5240; x_wconf 79' lang='grc' dir='ltr'>ρυσιιιὴν</span> <span class='ocrx_word' id='word_1_644' title='bbox 1117 5166 1226 5236; x_wconf 76' lang='grc' dir='ltr'>ἰδιότητα</span> <span class='ocrx_word' id='word_1_645' title='bbox 1237 5167 1414 5239; x_wconf 61' lang='lat' dir='ltr'>spectetque.</span> <span class='ocrx_word' id='word_1_646' title='bbox 1641 5238 1644 5241; x_wconf 18' lang='grc' dir='ltr'>Ι</span> 
     </span>
    </p>

    <p class='ocr_par' dir='ltr' id='par_1_36' title="bbox 948 5249 1718 5408">
     <span class='ocr_line' id='line_1_91' title="bbox 984 5249 1717 5323; baseline -0.001 -16"><span class='ocrx_word' id='word_1_647' title='bbox 984 5254 997 5307; x_wconf 79' lang='grc' dir='ltr'>ό</span> <span class='ocrx_word' id='word_1_648' title='bbox 1015 5251 1101 5307; x_wconf 74' lang='lat' dir='ltr'>Etim.</span> <span class='ocrx_word' id='word_1_649' title='bbox 1121 5249 1172 5304; x_wconf 82' lang='grc' dir='ltr'>Οὔκ</span> <span class='ocrx_word' id='word_1_650' title='bbox 1186 5250 1251 5305; x_wconf 75' lang='grc' dir='ltr'>ἔστιν</span> <span class='ocrx_word' id='word_1_651' title='bbox 1272 5251 1347 5323; x_wconf 72' lang='grc' dir='ltr'>εὑρεῖν</span> <span class='ocrx_word' id='word_1_652' title='bbox 1372 5249 1452 5303; x_wconf 76' lang='grc' dir='ltr'>εἰκόνα</span> <span class='ocrx_word' id='word_1_653' title='bbox 1474 5250 1655 5322; x_wconf 77' lang='grc' dir='ltr'>παραστατιιιὴν</span> <span class='ocrx_word' id='word_1_654' title='bbox 1672 5258 1717 5306; x_wconf 80' lang='grc' dir='ltr'>τοῦ</span> 
     </span>
     <span class='ocr_line' id='line_1_92' title="bbox 948 5335 1718 5408; baseline 0 -18"><span class='ocrx_word' id='word_1_655' title='bbox 948 5335 1118 5408; x_wconf 64' lang='grc' dir='ltr'>προκειμένου·</span> <span class='ocrx_word' id='word_1_656' title='bbox 1142 5335 1305 5408; x_wconf 81' lang='grc' dir='ltr'>πειρασόμεθα</span> <span class='ocrx_word' id='word_1_657' title='bbox 1327 5335 1353 5390; x_wconf 76' lang='grc' dir='ltr'>δέ</span> <span class='ocrx_word' id='word_1_658' title='bbox 1373 5352 1428 5387; x_wconf 87' lang='grc' dir='ltr'>τινα</span> <span class='ocrx_word' id='word_1_659' title='bbox 1442 5338 1603 5407; x_wconf 73' lang='grc' dir='ltr'>παραγαγεῖν,</span> <span class='ocrx_word' id='word_1_660' title='bbox 1619 5336 1718 5407; x_wconf 77' lang='grc' dir='ltr'>μετρίαν</span> 
     </span>
    </p>
   </div>
   <div class='ocr_carea' id='block_1_15' title="bbox 0 0 2040 6164">
    <p class='ocr_par' dir='ltr' id='par_1_37' title="bbox 0 0 2040 6164">
     <span class='ocr_line' id='line_1_93' title="bbox 0 0 2040 6164; baseline 0 0"><span class='ocrx_word' id='word_1_661' title='bbox 0 0 2040 6164; x_wconf 95' lang='lat' dir='ltr'> </span> 
     </span>
    </p>
   </div>
  </div>
 </body>
</html>
