4136 6178
558 275 609 335 uu
628 272 726 336 caca
745 272 794 334 aa
813 267 971 346 cusan,
993 268 1105 330 cinna
1125 269 1165 347 n,
1187 267 1273 330 cae.
1295 268 1363 329 vn.
1705 261 1744 324 cr

162 443 417 523 riumartisopus
428 438 661 520 apparandum,
676 436 926 518 gubernandam,
977 434 1029 494 tiae
1039 433 1229 495 medicinalis
1257 438 1386 509 statuet,
1400 436 1455 493 aut
1482 429 1556 493 solis
1578 431 1748 512 imputabit

162 535 372 615 dirigendum,
420 533 699 612 exequendumque
751 529 927 592 conferunt.
976 531 1099 588 naturae
1117 527 1246 587 viribus.
1264 527 1352 600 Quod
1366 524 1492 604 quidem
1505 524 1546 585 ab
1571 524 1748 586 hrmaranis

18 692 20 715 ἶ
162 628 355 710 idipsumdc
369 626 588 702 architectura,
607 624 740 704 pictura,
754 629 786 685 et
802 621 929 701 reliquis
976 618 1063 697 fieri,
1093 623 1125 678 et
1150 636 1315 698 germanos
1337 617 1407 678 ideo
1430 616 1610 696 Pelagianos
1635 615 1748 687 meritc

18 718 20 809 l
162 721 223 784 iere
234 720 357 783 mdbns
369 736 520 800 usurpare
534 717 616 778 licet.
639 716 721 778 Nam
735 714 759 775 si
778 713 927 775 architec-
977 709 1147 771 censendos
1169 729 1252 788 esse,
1268 707 1515 787 insequentibus
1537 709 1749 771 demonstrare

18 824 132 878 *aar
161 821 230 876 tura
252 813 330 894 quid
344 813 395 886 sit,
419 811 483 873 sive
497 809 600 890 patim
614 812 731 884 Gracc,
754 813 927 887 οἰκοδομητιιὴ
977 819 1115 883 pergam.

18 882 132 977 ff:
162 915 246 987 alp-q,
262 908 356 987 rogat
377 902 619 984 aliquis,statim
640 900 854 981 respondetur,
884 917 931 960 ar·

161 1005 223 1062 tem
235 1016 304 1062 esse
317 998 431 1060 domus
451 994 648 1057 fabricandae.
664 992 704 1055 ht
723 1008 819 1072 quam
831 991 931 1053 multa

161 1091 301 1171 ejudem
321 1108 418 1171 opera
428 1086 602 1169 precedere
620 1089 815 1162 necesseest,
842 1088 930 1145 ante·
997 1128 1002 1135 .
1225 1127 1408 1213 CAPUT
1435 1132 1518 1215 VH

161 1201 256 1264 mam
268 1183 311 1245 ad
320 1182 470 1243 mtimum
492 1179 578 1255 illud,
600 1183 631 1240 et
643 1176 812 1258 principale
824 1175 930 1236 senm-
1524 1197 1533 1215 ·

162 1275 232 1338 turi
246 1276 301 1339 Sic
325 1275 457 1356 picturae
476 1290 554 1352 opus
573 1286 639 1332 esse
661 1267 929 1350 respondebimus,

161 1384 385 1450 corporearum
410 1382 517 1428 rerum
539 1363 692 1442 imagines
716 1361 930 1438 lineamentis,

160 1460 358 1523 etcoloribus
370 1457 556 1536 exprimere·
567 1454 635 1516 Diti
648 1454 700 1515 Vix
711 1457 821 1535 Pssitflis
836 1469 931 1533 <luam
982 1468 1012 1527 l.
1034 1463 1079 1526 De
1092 1471 1171 1525 metu
1184 1461 1334 1545 pedenna,
1350 1479 1436 1543 quem
1450 1460 1556 1522 donam
1569 1479 1626 1522 ease
1642 1460 1750 1523 Catdo·

161 1552 260 1616 nuta
271 1546 741 1633 priuaefficiendapissiofisinb
755 1562 933 1625 quampffl·
1021 1555 1078 1617 lica
1089 1554 1163 1633 fides
1184 1554 1266 1616 docet
1295 1554 1325 1614 in
1352 1550 1523 1615 Tridentino
1544 1552 1668 1614 cornilio
1693 1561 1752 1616 sta·

161 1650 299 1709 mum
311 1644 392 1705 illud
418 1642 559 1724 proxime
578 1638 721 1718 titillssflb
738 1637 930 1698 eiflbwllflt·
1023 1656 1100 1710 tnta.
1116 1652 1145 1710 2.
1174 1649 1405 1708 Arneaeunorurn
1430 1646 1532 1719 naria,
1553 1652 1580 1706 et
1608 1645 1751 1707 doerctiea

199 1739 283 1800 Vffl·
301 1738 368 1798 11⁰⁰
392 1735 478 1797 Md
498 1732 691 1813 PffiP⁰⁸st¹¹m
717 1729 930 1805 “meritura
1022 1741 1059 1802 de
1073 1739 1292 1801 a‘llosenteatia.
1310 1740 1339 1799 3.
1357 1736 1448 1813 Onera
1464 1744 1621 1814 aequatae
1637 1736 1752 1800 Cdristi

162 1829 343 1913 inaudibile
358 1833 405 1890 eti
422 1832 571 1909 quantam
595 1823 698 1887 lucem
719 1822 847 1896 affertis
863 1826 933 1882 tum
1021 1851 1077 1894 esse
1088 1832 1201 1913 pratia.
1217 1834 1247 1891 4.
1277 1829 1339 1892 Sed
1357 1847 1394 1891 ea
1419 1827 1591 1891 Tridentino
1617 1829 1679 1908 r'pao
1698 1828 1751 1890 de-

160 1922 199 1985 ad
220 1922 407 1987 universum
433 1918 617 1982 Chlissfialloe
635 1916 743 1997 mii&
756 1932 855 1996 genus
877 1931 931 1975 0¹·
1022 1933 1102 1987 creto
1129 1922 1321 2003 refelluntur.
1348 1923 1376 1983 b.
1410 1918 1580 1982 Eorundem
1611 1927 1699 1981 cesina
1724 1930 1753 1983 et

159 2015 358 2097 {litandum
371 2012 495 2074 1¹1de
509 2009 672 2090 Ᾱῑῑὸῑῑθῑὶῑὶῑ
695 2005 927 2087 issdflssflfldums
1018 2015 1164 2098 per-plena
1186 2014 1276 2077 ratio.
1291 2016 1321 2075 6.
1339 2012 1465 2075 Lntderi
1477 2011 1512 2073 de
1534 2010 1631 2073 eodern
1654 2020 1750 2088 mein,

161 2107 399 2186 mendumque
412 2119 557 2178 tensum
573 2107 641 2163 ium
652 2105 810 2181 postremo
823 2099 864 2160 ad
877 2100 933 2158 Ar·
1021 2114 1050 2170 et
1065 2127 1103 2169 er
1127 2126 1159 2169 eo
1170 2113 1302 2188 suscepto
1314 2103 1415 2166 dolore
1428 2103 1568 2166 damnata
1588 2103 1696 2185 opinio.
1719 2108 1749 2166 7.

161 2215 366 2261 macenorum
391 2194 601 2275 &affigendam
624 2191 794 2254 licentiam·
811 2190 932 2251 Intelli-
1020 2199 1120 2262 Plane
1138 2198 1236 2262 cadem
1249 2217 1338 2280 qnam
1353 2197 1561 2259 instaurarunt
1577 2196 1751 2258 Armacani.

161 2292 262 2369 gimm
276 2290 365 2352 enim
382 2289 490 2368 gratiae
511 2303 639 2362 nomen,
665 2288 697 2345 et
718 2282 930 2358 efficientiam,

161 2384 217 2446 11⁰⁰
234 2389 285 2445 oet
309 2381 549 2456 medifflflffleffl
578 2377 774 2450 mimium,
803 2374 933 2436 ⁸501&oe
1023 2385 1048 2444 I.
1066 2385 1127 2451 Qui
1139 2382 1271 2464 gratiam
1297 2380 1409 2443 Christi
1436 2379 1662 2456 medicinalem,
1688 2381 1753 2442 sola

161 2482 277 2557 patere.
294 2473 344 2535 uti
357 2489 522 2553 corporum
543 2470 736 2531 eumtionem
752 2487 760 2527 :
776 2467 935 2547 aeprffissi·
981 2476 1221 2538 veracharitatis
1236 2474 1437 2554 inspiratione
1450 2472 1615 2549 definiunt,
1628 2473 1752 2534 nullum
1855 2529 1882 2561 u,

162 2586 259 2648 puum
272 2566 361 2628 illim
381 2582 471 2644 ⁰9⁰⁵,
500 2570 531 2624 θῐ
556 2562 597 2623 ad
622 2560 707 2641 (11¹0d
734 2559 933 2635 adhibentur,
982 2569 1065 2631 illius
1076 2569 1220 2629 effectum
1234 2585 1298 2628 esse
1308 2567 1460 2646 judicant,
1490 2571 1603 2645 preater
1616 2565 1751 2628 dilectio·

161 2664 447 2740 comparanturque
469 2655 599 2735 reliqua,
629 2670 712 2728 eoec,
739 2652 856 2734 peccati
880 2653 933 2712 ab·
983 2679 1056 2722 nem
1070 2660 1194 2740 proprie
1208 2660 1340 2734 dictam,
1357 2677 1419 2738 qua
1432 2657 1554 2737 justitia
1568 2664 1694 2737 propter
1707 2676 1751 2736 se,

161 2759 257 2815 uersa
270 2752 344 2813 labe
368 2756 399 2812 et
419 2748 619 2829 &griludfflts
635 2746 750 2807 ammae
771 2744 935 2806 multatam
983 2754 1047 2814 sive
1060 2759 1166 2833 arrupte
1180 2769 1270 2813 eausa
1284 2753 1324 2826 is,
1341 2750 1395 2829 qui
1414 2749 1533 2829 justitia
1546 2754 1606 2827 est,
1631 2755 1754 2811 amatur

162 2846 337 2907 restituere·
361 2842 421 2904 Sed
457 2847 493 2902 ut
521 2858 559 2901 0⁰
591 2838 800 2918 permittur,
836 2837 933 2898 muli&
985 2847 1076 2906 Deus.
1091 2846 1135 2906 Ea
1149 2860 1240 2905 novae
1252 2847 1342 2904 sectae
1362 2845 1408 2905 est
1430 2841 1546 2922 opinio,
1563 2859 1658 2921 quam
1671 2842 1755 2903 illius

162 2939 249 3018 prius
270 2937 336 3016 agi,
364 2934 505 3013 efficique
527 2936 691 3012 oporterc3
707 2929 937 2991 ctrudimentis
983 2939 1126 3018 princeps
1152 2937 1190 2996 iis
1211 2934 1313 2997 verbis
1332 2932 1578 3012 complectitur:
1609 2954 1625 2992 a
1652 2935 1756 2995 Gratia

162 3030 371 3110 quibusdam,
393 3024 702 3103 inchoafifflibussqsse
722 3023 885 3097 virtutum,
901 3040 937 3082 ³0
985 3029 1098 3090 Christi
1108 3026 1324 3088 tantummodo
1338 3027 1378 3088 ad
1401 3025 1593 3104 diligendum
1607 3025 1641 3086 in
1655 3027 1755 3105 cujus·

162 3121 357 3184 certareluti
371 3116 534 3197 disciplina
545 3116 696 3197 paulatim
715 3113 753 3175 ad
777 3130 937 3175 summum
985 3121 1032 3183 vis
1056 3120 1200 3201 praecepti
1227 3118 1407 3200 impletione
1436 3118 1556 3193 Deum,
1585 3121 1756 3180 necessaria

162 3215 374 3292 ultimumque
393 3211 534 3291 provehi.
551 3210 653 3276 Quem
670 3224 869 3287 progressum
887 3224 938 3267 su·
987 3219 1033 3271 est
1048 3227 1056 3270 ε
1070 3209 1255 3293 stomachis,
1272 3226 1343 3287 quea
1358 3207 1446 3268 initio
1469 3207 1541 3268 libri
1551 3208 1647 3286 hujus
1661 3228 1756 3290 expo-

163 3325 229 3386 pra‚
245 3305 351 3385 capite
376 3302 533 3379 amando,
548 3318 587 3363 ex
611 3298 788 3360 Tridentini
814 3297 937 3359 concilii
987 3302 1045 3363 sui.
1062 3301 1232 3381 Exquibus
1258 3298 1346 3379 sequi
1367 3299 1500 3373 videtur,
1526 3318 1626 3378 poenae
1651 3320 1687 3362 ac
1706 3321 1757 3382 ge

163 3399 348 3461 auctontane
365 3396 595 3475 descripsimus.
986 3394 1099 3455 hennae
1110 3397 1242 3468 metum,
1258 3398 1290 3453 et
1315 3408 1385 3471 quae
1400 3409 1438 3452 ex
1459 3409 1497 3452 eo
1518 3392 1758 3470 proficiscuntur

203 3488 418 3567 Quamobrem
431 3486 517 3567 quod
525 3484 716 3565 Augustinus
728 3482 791 3544 illis
803 3483 835 3543 in
850 3482 936 3557 locis,
987 3505 1092 3567 opera,
1112 3503 1177 3546 non
1191 3502 1230 3545 ex
1251 3483 1365 3544 Christi
1389 3483 1489 3564 gratia
1508 3483 1659 3562 derivari,
1676 3492 1707 3547 et
1720 3505 1757 3549 eo

163 3600 234 3663 quae
247 3582 291 3643 ad
315 3579 567 3642 constituendam
584 3581 730 3637 naturam
754 3574 862 3655 gratie
883 3574 939 3636 Ar·
986 3580 1053 3659 ipso
1078 3578 1177 3654 bona,
1193 3582 1224 3639 et
1248 3578 1378 3638 honesta
1391 3595 1456 3638 non
1471 3594 1535 3639 esse
1560 3597 1568 3639 ι
1591 3578 1656 3640 imo
1676 3582 1759 3641 mala

164 3674 290 3738 maeani
303 3672 338 3733 in
351 3671 490 3733 medium
503 3669 676 3749 proferunt,
691 3668 730 3729 iis
741 3684 811 3729 eam
823 3666 935 3740 verbia,
988 3690 1054 3734 esse
1066 3671 1178 3752 potius.
1197 3670 1284 3744 Quod
1307 3670 1391 3731 enim
1405 3687 1444 3731 ex
1466 3670 1613 3732 charitate
1626 3690 1691 3733 non
1705 3673 1756 3749 iit,

163 3786 200 3829 ac
223 3764 388 3829 sententiis
424 3761 673 3824 circumscribere
705 3760 839 3835 udatur,
868 3775 938 3838 quoe
987 3765 1020 3825 id
1034 3781 1073 3825 ex
1097 3764 1182 3824 nulla
1195 3762 1355 3823 fitvirtute
1368 3781 1375 3822 :
1389 3768 1424 3822 ut
1438 3767 1483 3822 est
1499 3763 1681 3824 eorumdem
1703 3764 1760 3824 Ar·

163 3858 281 3940 peccati
297 3857 401 3919 omnis
418 3853 642 3935 expultricem,
658 3860 690 3915 et
711 3869 841 3927 eorum,
870 3868 940 3930 quac
989 3872 1191 3918 mammarum
1205 3854 1358 3915 sententia
1372 3873 1380 3929 ;
1395 3853 1451 3932 qui
1459 3858 1607 3915 virtutem
1617 3872 1756 3934 ornnem,

164 3951 215 4014 lex
238 3951 348 4014 divina
367 3947 519 4029 precipit,
536 3945 731 4019 effectricem,
747 3962 784 4006 ac
806 3943 941 4025 perfecte
989 3966 1056 4011 esse
1070 3947 1251 4009 charitatem
1265 3946 1452 4007 existimant.
1468 3946 1557 4019 erod
1571 3952 1676 4009 autem
1693 3948 1759 4011 sine

165 4045 297 4107 deinum
310 4047 469 4103 aduomm
482 4039 572 4100 illam
590 4039 778 4118 predicant,
802 4054 866 4098 non
880 4036 941 4097 alio
990 4041 1104 4102 virtute
1118 4039 1230 4116 agitur,
1249 4039 1276 4099 si
1290 4057 1329 4100 ex
1349 4037 1448 4099 libera
1459 4039 1618 4102 voluntate
1633 4041 1758 4121 pendet,

165 4154 260 4199 sensu
273 4134 413 4217 prudens
434 4132 576 4212 qualeque,
592 4136 624 4192 et
643 4149 708 4192 non
735 4147 861 4211 prorsus
883 4129 941 4190 ab·
990 4132 1024 4194 in
1038 4134 1120 4194 malo
1134 4150 1169 4192 ac
1181 4132 1257 4192 vitio
1268 4137 1463 4201 numeratur,

166 4229 283 4291 nidus
309 4225 576 4307 interpretabitur.
590 4223 719 4285 Minima
738 4223 899 4295 omnium,
916 4221 942 4282 si
1033 4224 1125 4304 Atqui
1138 4224 1357 4285 Tridentinum
1383 4224 1548 4285 concilium
1566 4225 1761 4288 «anathema

168 4320 366 4383 manns
386 4323 419 4380 et
439 4316 612 4378 Catholicae
637 4317 692 4393 sit,
705 4332 743 4376 ex
767 4332 805 4376 eo
831 4332 942 4376 verum
993 4335 1056 4379 esse
1079 4317 1214 4379 decrevit
1226 4315 1249 4375 ¹.
1265 4316 1299 4377 ai
1311 4316 1380 4396 quis
1389 4316 1512 4388 dixerit,
1529 4317 1681 4395 gehennae
1694 4336 1759 4381 me-

168 4414 292 4494 putabit
306 4429 389 4483 esse,
409 4410 494 4490 quod
516 4409 572 4470 soli
586 4407 750 4469 hrmacani
763 4406 940 4480 somniant,
991 4415 1070 4479 tum,
1087 4426 1247 4489 perquem
1260 4409 1299 4469 ad
1313 4407 1556 4469 misericordiam
1570 4410 1625 4471 Dei
1640 4411 1762 4491 depec-

167 4508 295 4569 nullum
317 4503 404 4566 aliud
423 4502 634 4582 augustinum
648 4498 808 4580 agnovisse
832 4499 944 4561 Christi
992 4502 1066 4564 catis
1087 4501 1220 4562 dolendo
1243 4499 1450 4579 eonngimus,
1465 4500 1515 4561 vel
1528 4519 1547 4562 a
1559 4508 1684 4581 peccato
1710 4506 1763 4566 ab

167 4599 276 4676 gratiae
290 4612 400 4677 mus,
417 4595 467 4657 rel
492 4592 666 4655 medicinale
693 4590 848 4654 ancilium
869 4592 944 4653 nori
993 4595 1153 4669 stinemus,
1173 4598 1335 4672 peccatum
1349 4610 1425 4671 esse,
1448 4598 1502 4654 aut
1523 4600 1698 4674 peccatores
1712 4616 1764 4675 pe·

168 4687 381 4763 Testamenti3
406 4691 612 4767 preterquam
642 4684 790 4746 eximiam
811 4702 847 4745 ac
869 4701 943 4764 per·
989 4686 1225 4767 judaeae.»

168 4784 285 4847 iusum
298 4779 513 4854 mleodonem,
525 4795 586 4858 qua
599 4778 684 4838 Deus
696 4781 823 4857 propter
836 4794 879 4851 se,
894 4776 945 4838 vel
1035 4780 1107 4839 liaeo
1121 4777 1278 4858 synodalis
1296 4777 1410 4839 decreti
1430 4779 1547 4839 sanctio
1569 4798 1659 4842 novae
1673 4787 1764 4845 sene

169 4874 447 4957 propteradpsam
458 4869 578 4949 justitia
597 4869 748 4947 diligitur.
764 4869 826 4932 Nec
840 4875 945 4931 motus
995 4871 1149 4953 principes
1162 4889 1226 4931 non
1249 4869 1376 4950 quidem
1398 4871 1438 4931 ad
1457 4871 1630 4949 sanitatem,
1657 4893 1693 4935 ac
1706 4875 1763 4936 bo·

172 4967 272 5031 aniani
294 4963 506 5042 remeandi
532 4961 678 5022 affectum
705 4961 796 5022 illum
822 4967 956 5024 antece·
994 4981 1068 5024 nam
1092 4969 1227 5023 mentem
1241 4980 1385 5024 revocare
1410 4963 1512 5042 potuit
1528 4982 1535 5025 ε
1554 4966 1607 5026 sed
1628 4965 1688 5026 hoc
1701 4967 1766 5046 egit

172 5060 264 5134 dama
283 5062 380 5137 atque
398 5055 500 5135 ipsum
526 5051 604 5114 adeo
629 5053 781 5132 gehenae
805 5059 942 5129 metum,
995 5056 1131 5131 interim,
1148 5054 1195 5115 uti
1209 5071 1316 5116 sensrrs
1331 5054 1425 5115 animi
1442 5056 1491 5117 sui
1505 5056 1633 5134 tectius,
1649 5063 1680 5118 et
1693 5058 1764 5119 obs·

172 5169 239 5234 quo
252 5168 273 5213 a
284 5146 434 5231 peccandi
454 5146 613 5208 voluntate
633 5145 723 5206 initio
736 5145 947 5208 absterrentur
995 5147 1100 5210 curius
1113 5152 1340 5227 expromerent,
1356 5152 1449 5227 atque
1473 5148 1680 5210 inconstantia
1705 5167 1766 5212 ser·

172 5236 946 5320 bamma.a1tenamab·eodenlllagcucrcgra-
996 5239 1108 5311 monis,
1143 5244 1175 5301 et
1194 5236 1396 5319 ambiguitate
1428 5238 1558 5302 lectores
1584 5240 1618 5301 in
1645 5241 1766 5305 diversa

18 484 19 507 l

18 518 20 561 l

203 5441 448 5496 ltu-marnam.
