4078 6162
529 346 581 406 DE
601 346 905 424 ΙΝΙΙΑΙΙΝΑΤΙΟΝΕ,
927 348 1001 410 LIB.
1024 350 1077 424 ill,
1101 349 1184 412 ohe.
1206 350 1258 412 ΧΙ.
1625 352 1685 427 tat

104 512 203 575 etaim
231 512 424 575 connexione
445 513 628 592 subjunxit:
654 516 714 590 Qui
740 523 867 596 propter
917 514 999 577 Deil.
1018 538 1031 575 a
1049 516 1141 578 Vides
1155 522 1292 578 uturum
1305 516 1404 580 lesum
1419 517 1571 579 Christum
1584 515 1686 599 filium

104 604 292 684 nos,inquit,
308 607 405 684 venit,
421 612 557 668 etnatus
571 613 616 670 est
631 626 670 670 ex
687 609 783 671 illaria
796 609 867 669 Vir-
916 608 983 687 Dei,
1006 614 1034 670 et
1056 607 1153 691 filium
1178 608 1305 671 hominis
1330 610 1485 690 appellat:
1509 609 1571 687 vel,
1594 615 1630 670 ut
1653 608 1686 668 in

104 698 182 776 gine
198 696 255 758 Ille
273 714 358 777 ergo,
374 699 429 778 qui
441 717 532 760 verus
550 702 642 777 Deus,
662 703 715 781 qui
728 701 866 762 homou-
916 701 1095 763 Florentino
1109 703 1212 764 codice
1225 708 1335 780 exstat,
1349 701 1470 764 Filium
1492 700 1560 778 Dei,
1585 710 1611 761 et
1632 699 1684 761 ho·

103 792 162 852 dus
175 790 270 863 Patri,
285 791 340 871 qui
359 799 478 853 mentor
493 793 688 867 seculorum,
705 793 758 874 qui
771 793 867 854 factor
916 793 1014 867 miris,
1029 795 1114 873 quod
1127 794 1160 855 in
1175 794 1255 855 cusis
1269 794 1399 855 minime
1412 798 1582 873 comperet.

103 883 259 958 omnium3
272 882 335 958 ille,
352 884 493 963 inquam,
506 886 594 946 venit
609 886 642 947 in
656 886 822 959 mundum,
836 891 867 947 et
957 886 1091 947 lrenaeus
1108 886 1143 947 iu
1164 887 1245 948 libro
1271 887 1374 963 tertio,
1391 892 1454 947 toto
1478 886 1577 965 cupite
1600 902 1682 958 runs,

101 981 187 1036 natus
200 992 244 1036 ex
263 976 361 1036 Maria
374 977 510 1055 Virgine.
527 999 543 1035 a
562 979 643 1039 Tum
657 998 696 1041 ex
708 998 756 1048 eo,
782 978 866 1057 quod
915 977 1088 1040 luculenter
1102 998 1119 1040 e
1134 979 1299 1059 Scripturis
1322 979 1464 1056 adstruit,
1492 1000 1508 1036 u
1521 995 1633 1054 uussm,
1654 983 1685 1039 et

103 1068 200 1130 msere
216 1071 287 1128 tam
313 1069 348 1129 iu
367 1069 521 1148 symbolo,
537 1089 632 1150 quam
653 1072 688 1133 in
706 1072 867 1149 Scriptura
915 1071 1062 1133 eumdem
1076 1090 1141 1134 esse
1156 1072 1296 1133 Verbum
1310 1072 1378 1148 Dei,
1393 1078 1425 1133 et
1437 1072 1522 1133 hunc
1536 1088 1602 1132 esse
1616 1070 1685 1130 uni-

101 1161 216 1236 dicitur,
251 1160 408 1239 eumdem,
440 1167 608 1242 autequam
642 1168 866 1225 noscereture
914 1164 1066 1241 genitum,
1083 1164 1211 1225 ethunc
1229 1163 1499 1225 incernatumesse
1514 1181 1570 1243 pro
1585 1162 1684 1223 salute

101 1253 235 1332 Virgine,
256 1252 405 1314 exstitisse
427 1253 515 1316 docet
531 1275 538 1316 :
555 1273 591 1316 ac
611 1256 741 1336 proinde
765 1273 866 1317 unum
915 1262 1020 1317 nostra
1032 1257 1140 1318 lesum
1153 1257 1497 1333 Christum,llominum
1506 1262 1680 1329 nostrum»

101 1363 170 1420 esse,
185 1345 246 1425 qui
258 1350 289 1406 et
300 1357 457 1424 autequam
470 1346 622 1410 Abrohom
643 1346 756 1426 fieretfl,
771 1347 865 1409 fuisse
915 1367 951 1409 ac
974 1349 1029 1429 qui
1057 1350 1091 1410 in
1118 1350 1197 1410 duos
1225 1350 1316 1409 illum
1345 1350 1544 1429 partiuntur,
1574 1349 1684 1411 acriter

102 1455 131 1499 se
142 1437 225 1513 dieit,
234 1442 267 1498 et
279 1437 334 1518 qui
347 1437 442 1499 bomo
455 1437 566 1500 deinde
579 1439 676 1501 iactus
688 1444 744 1501 est.
752 1439 865 1500 «Vides
914 1441 1073 1520 redarguit
1084 1464 1091 1518 ;
1105 1460 1183 1522 quos
1196 1448 1226 1503 et
1233 1441 1341 1503 salvare
1350 1441 1449 1503 lesum
1461 1440 1613 1504 Christum
1627 1441 1682 1517 ait,

101 1548 179 1609 ergo,
205 1529 266 1605 ait,
290 1529 447 1608 quomodo
472 1531 541 1611 ipso
566 1532 717 1593 adventus
738 1531 865 1593 nomine
915 1538 950 1594 ut
977 1535 1113 1595 ioannes
1134 1532 1310 1613 loquitur⁶3
1331 1534 1390 1594 hoo
1404 1539 1450 1594 est
1473 1533 1621 1607 dividere,
1653 1542 1684 1594 et

101 1622 183 1684 brine
225 1627 300 1683 ante
346 1622 524 1699 designatur
571 1623 767 1697 adveniens,
810 1624 865 1703 qui
915 1626 1119 1687 arctissimam
1132 1626 1218 1686 illam
1232 1625 1405 1687 unitionem
1419 1625 1573 1688 dirimere.

101 1714 276 1776 houlmtem
287 1732 353 1776 non
366 1714 530 1792 habuerat,
539 1716 600 1777 nisi
614 1716 666 1777 cui
679 1734 718 1777 ex
729 1716 789 1776 hoc
797 1716 865 1796 ipso
955 1717 1162 1779 Tertullianus
1176 1718 1210 1779 in
1228 1718 1308 1779 calce
1321 1717 1393 1778 libri
1407 1714 1441 1778 de
1452 1736 1539 1780 οονοο
1555 1716 1682 1797 Christi,

100 1806 176 1886 quod
189 1811 270 1883 mot,
277 1811 439 1887 suppetere
452 1813 573 1888 poterat
583 1812 619 1869 ut
631 1808 865 1869 veniret.Homo
915 1809 956 1870 ad
968 1809 1021 1869 ills
1034 1809 1125 1870 Pauli
1138 1810 1232 1871 verba
1243 1809 1426 1889 respiciens,
1447 1808 1526 1871 Unus
1542 1810 1685 1872 lloms'uue

101 1904 197 1960 sutem
225 1903 300 1960 ante
334 1912 518 1979 conceptum
548 1900 678 1961 omnino
708 1899 863 1961 nonfuit.
914 1899 1225 1979 resuscitassemus
1238 1901 1359 1962 scribit:
1375 1901 1684 1963 «Sicutetdefiniens

102 1991 218 2071 lirgoin
234 2010 267 2054 se
281 2009 346 2053 non
354 1991 474 2067 hebuit,
481 1999 518 2053 ut
526 1993 632 2054 venire
647 1998 757 2071 posset.
765 1994 864 2053 Deum
915 1994 1018 2074 ipsum
1031 2012 1155 2074 quoque
1176 1994 1330 2056 Christum
1350 2011 1468 2067 unum,
1485 1992 1684 2055 multiformis

102 2084 305 2163 ergeuenisse
319 2090 439 2145 certum
464 2090 519 2160 est,
534 2106 550 2143 u
568 2092 628 2147 eto.
655 2084 815 2163 Legendus
834 2089 866 2144 et
915 2086 1026 2146 Christi
1047 2092 1314 2165 argumentatores
1349 2086 1465 2164 quatit,
1502 2085 1556 2163 qui
1584 2086 1682 2149 alium

102 2177 232 2254 Cprillus
257 2176 338 2237 libro
360 2177 397 2238 de
422 2175 563 2258 Symbola
578 2175 602 2248 ²,
624 2178 709 2238 etin
737 2176 864 2256 epistola
914 2179 1031 2240 iaciunt
1049 2179 1213 2247 Christum,
1235 2178 1330 2238 alium
1344 2179 1470 2252 lesum3
1485 2177 1583 2238 ulium
1597 2178 1681 2259 elep-

100 2271 198 2349 prima
210 2268 252 2330 ud
264 2268 444 2331 ΜοοοοΙιοο3
462 2289 469 2330 :
485 2273 516 2329 et
527 2268 684 2330 Arnobius
697 2270 731 2330 in
749 2267 866 2350 diulopo
914 2288 984 2331 sum
998 2271 1037 2331 de
1046 2270 1156 2331 mediis
1168 2269 1277 2347 turbis,
1292 2269 1388 2330 alium
1402 2269 1575 2342 deuotum,
1591 2292 1607 2327 a
1621 2278 1680 2332 eto.

100 2380 166 2422 eurr
190 2361 358 2442 Serapione.
376 2361 420 2423 Ao
434 2381 491 2423 nos
505 2379 609 2441 supra,
626 2361 724 2441 eapite
738 2366 824 2422 sexto
840 2359 862 2430 ⁴,
915 2362 1087 2443 Cyprianus
1105 2362 1139 2422 in
1161 2361 1241 2422 libro
1259 2362 1393 2422 secundo
1419 2362 1681 2439 Testimoniorum,

100 2454 202 2516 Ιοοιιω
215 2454 319 2528 istum
334 2454 390 2534 qui
406 2473 445 2515 ex
457 2453 652 2533 generalium
671 2453 865 2531 synodorum
914 2455 1013 2535 capite
1026 2471 1055 2529 x,
1079 2454 1190 2535 probat
1211 2474 1249 2515 ex
1271 2454 1365 2515 sacris
1385 2453 1491 2531 libris,
1516 2455 1638 2529 «Quod
1651 2463 1683 2519 et

101 2548 277 2608 auctoritate
290 2546 417 2627 petitur,
434 2546 508 2608 satis
521 2545 763 2607 enucleavimus.
913 2547 1020 2624 homo,
1048 2552 1079 2607 et
1101 2548 1181 2608 Deus
1208 2546 1355 2621 Christus,
1371 2564 1410 2607 ex
1423 2552 1555 2625 utroque
1568 2564 1682 2626 genere

9 2642 80 2729 mla·
136 2640 224 2701 Vlll.
241 2639 331 2713 Quod
352 2643 458 2700 autem
475 2637 722 2717 singulorumad
737 2638 865 2698 Petrum
915 2644 1085 2717 concretus,
1098 2645 1135 2699 ut
1151 2639 1303 2700 mediator
1314 2655 1380 2700 esse
1398 2638 1480 2700 iuter
1493 2657 1561 2715 nos,
1577 2645 1608 2700 ct
1627 2642 1681 2703 Pa-

100 2731 308 2793 testimonium
334 2736 461 2812 spectat,
497 2731 581 2810 quod
613 2736 660 2792 est
690 2731 865 2808 argumenti
913 2738 993 2794 trem
1007 2738 1118 2811 posset.
1134 2752 1150 2789 s
1166 2733 1223 2792 Hic
1234 2737 1265 2794 et
1278 2730 1449 2806 hominem,
1464 2738 1496 2794 et
1507 2733 1609 2793 Deum
1617 2750 1683 2795 csse

100 2823 261 2904 theologici
288 2841 388 2903 genus
409 2822 547 2897 tertium,
575 2820 734 2902 complura
754 2825 866 2882 sunta
914 2830 1044 2887 testatur
1065 2825 1243 2898 Christum
1273 2830 1308 2884 ut
1331 2829 1481 2902 apparent
1494 2825 1598 2902 ipsum
1617 2842 1682 2886 non

100 2914 183 2975 nobis
191 2915 551 2977 allataeodeminsexto
564 2914 712 2994 capitano
724 2912 866 2993 sequenti
915 2935 979 2978 une
1006 2918 1151 2997 quapiam
1176 2934 1215 2977 ex
1238 2915 1358 2975 duabus
1381 2915 1550 2994 composita
1570 2921 1682 2976 natura

100 3012 132 3067 ut
143 3007 219 3069 duas
228 3007 463 3069 ostenderemus
476 3025 540 3069 esse
554 3013 682 3068 naturas
695 3005 864 3082 inChristo,
915 3018 1073 3084 constare;
1089 3008 1206 3086 alioqui
1219 3025 1284 3067 non
1302 3006 1495 3085 singularum
1508 3006 1543 3066 in
1565 3024 1597 3068 se
1611 3026 1681 3087 por-

100 3117 230 3178 quorum
237 3099 387 3179 pleraque
397 3100 440 3160 ita
450 3099 610 3179 hoc,quod
618 3102 694 3159 tunc
703 3096 864 3174 agebatur,
915 3105 996 3161 tium
1009 3099 1158 3161 vocabula
1172 3098 1360 3178 susciperet:
1377 3103 1407 3160 et
1419 3103 1525 3159 tamen
1538 3098 1683 3162 eumdem

101 3190 246 3269 efficiunt,
261 3209 302 3252 ex
315 3190 437 3252 duabus
457 3190 518 3251 illis
534 3195 675 3252 constare
689 3189 882 3264 Christum:
916 3210 955 3253 ex
965 3197 1097 3271 utraque
1106 3198 1280 3266 ernustum,
1291 3189 1351 3251 hoc
1361 3196 1407 3251 est
1420 3196 1681 3270 coagmentatum,

101 3290 133 3344 ut
145 3290 175 3346 et
184 3302 287 3346 unum
306 3302 372 3345 esse
386 3283 529 3362 probent,
552 3283 613 3345 hoc
634 3287 680 3344 est
702 3299 866 3363 personam
916 3289 947 3346 et
961 3284 1129 3344 conflatum
1147 3300 1213 3343 esse
1241 3281 1333 3342 dicit:
1361 3282 1445 3360 quod
1462 3283 1495 3342 in
1518 3300 1684 3361 personam

101 3377 231 3446 amcam,
249 3395 315 3438 nou
329 3394 386 3456 pro
410 3380 596 3437 naturarum
609 3391 753 3447 numero,
776 3374 865 3435 duos.
915 3376 1016 3455 ipsam
1033 3373 1197 3435 convenire
1221 3390 1344 3434 necesse
1359 3376 1423 3449 est,
1444 3389 1513 3452 quse
1527 3390 1566 3435 ex
1580 3373 1634 3433 lici
1653 3380 1685 3434 et

101 3468 150 3529 llis
174 3488 261 3530 nnnc
283 3486 384 3548 pauca
407 3468 446 3528 de
471 3467 576 3529 multis
598 3467 777 3546 adjungam,
800 3483 867 3544 quae
916 3468 1052 3529 hominis
1067 3473 1180 3527 natura
1193 3464 1350 3527 coalescit:
1366 3465 1450 3544 quod
1464 3465 1564 3526 Graeci
1577 3465 1685 3527 dicum

100 3560 210 3623 diserte
232 3578 334 3622 unum
360 3578 437 3636 esse,
464 3560 514 3621 vel
540 3558 666 3620 unicam
688 3576 866 3639 personam,
918 3568 1105 3641 συμπεφυκέναι.
1123 3558 1212 3619 Unde
1225 3557 1684 3619 Glossariumvetuseoucretum

101 3653 197 3715 &um
209 3654 435 3733 hominemque
448 3652 615 3714 declarant.
919 3655 1026 3715 Graece
1038 3651 1261 3731 interpretatur
1271 3658 1435 3731 ωμπεροκος.
1445 3649 1531 3712 ldem
1544 3655 1575 3710 et
1583 3650 1684 3711 Nova·

137 3747 277 3826 Ignatius
295 3746 331 3807 in
353 3744 484 3825 epistola
500 3742 540 3805 od
552 3741 724 3824 Ephesios:
746 3767 761 3797 «
773 3744 866 3820 Deus,
918 3745 1022 3806 danus
1042 3749 1109 3804 toto
1125 3743 1205 3804 libro
1220 3741 1255 3804 de
1276 3742 1422 3804 Triuitote
1436 3743 1584 3817 adstruit3
1608 3743 1684 3803 dum

100 3836 198 3918 iuquit
216 3844 323 3900 noster
335 3835 572 3899 JesusChristus
588 3835 621 3896 iu
634 3840 870 3914 uterogestatus
920 3837 1076 3898 Christum
1104 3836 1204 3897 licum
1234 3834 1350 3915 pariter
1372 3834 1594 3913 hominemque
1619 3851 1685 3895 esse

101 3931 301 4003 estallaria,
322 3929 494 3991 secundum
517 3928 778 4009 dispensationem
802 3928 867 4006 Dei,
918 3929 1069 4003 defendit,
1106 3933 1137 3988 et
1155 3929 1347 4000 termnum,
1379 3926 1515 4005 aliique;.
1551 3944 1685 4006 quorum

102 4024 268 4085 exsemine
280 4022 561 4084 Daviomtahunc
572 4020 676 4082 locum
687 4021 760 4081 citat
773 4020 870 4082 Theo·
919 4023 1057 4103 proferre
1091 4019 1257 4082 sectandas
1289 4019 1369 4079 nihil
1405 4018 1457 4079 hio
1487 4019 1619 4079 attinet:
1655 4024 1687 4079 et

103 4114 224 4177 dosetus
239 4113 274 4176 ἐ
299 4113 565 4194 quemadmodum
586 4118 617 4173 et
641 4112 870 4192 manuscriptus
920 4120 993 4176 suut
1012 4115 1046 4175 in
1069 4112 1166 4193 capite
1181 4111 1313 4192 septimo
1327 4110 1514 4171 nonnullas
1528 4110 1619 4172 nobis
1632 4128 1686 4172 ex·

103 4208 194 4269 sodex
205 4207 381 4269 Florentius
394 4206 534 4279 exhibet3
555 4223 627 4266 eum
640 4205 728 4266 aliter
743 4204 777 4265 iu
790 4205 870 4265 cusis
919 4211 1042 4287 oerptae.

103 4297 229 4379 legatur.
248 4300 294 4360 lbi
308 4316 381 4376 crgo
395 4300 497 4359 Deum
511 4298 614 4378 ipsum
627 4297 870 4358 inuteroMuriae
960 4299 1013 4360 IX.
1037 4299 1107 4358 lam
1129 4296 1294 4375 Dionysius
1308 4295 1534 4356 Alexandrinus
1554 4295 1587 4355 iu
1610 4296 1688 4375 epis

104 4398 266 4470 gestatum,
277 4393 416 4471 adeoque
430 4392 469 4454 de
480 4392 598 4454 semine
620 4390 716 4452 David
729 4389 870 4469 genitum
919 4391 983 4452 tolo
1010 4390 1176 4469 synodica,
1205 4405 1300 4467 quam
1334 4387 1454 4467 scripsit
1486 4387 1526 4447 ad
1557 4388 1688 4449 Paruum

105 4501 166 4545 eme
179 4490 320 4547 testatur.
921 4484 1169 4550 samosatenum,
1192 4480 1375 4541 hereticum
1398 4480 1492 4540 ishun
1515 4479 1685 4560 redarguit,

141 4578 181 4637 Et
199 4578 233 4638 iu
256 4576 384 4657 epistola
403 4575 513 4637 eadem
531 4575 614 4655 apud
627 4574 869 4649 Theodoretum,
925 4575 1030 4634 adrias
1052 4574 1242 4653 hypostases,
1264 4578 1295 4632 et
1317 4573 1394 4633 duas
1407 4589 1551 4651 personas
1568 4591 1688 4635 ameve-

105 4674 135 4728 et
167 4669 342 4730 Gelasium:
378 4689 394 4726 u
427 4668 550 4747 Singuli
579 4667 638 4728 viri
663 4667 872 4727 communiter
920 4671 1043 4727 rantem
1056 4665 1149 4726 unius
1159 4663 1281 4737 Christi,
1297 4669 1328 4724 et
1341 4664 1475 4725 Christos
1495 4663 1584 4739 duos,
1600 4663 1690 4726 duos·

106 4777 210 4822 omnes
222 4762 258 4821 in
270 4760 380 4839 gratia
393 4778 432 4821 ex
444 4760 573 4822 nomine
584 4759 747 4820 convenite
761 4758 794 4818 iu
808 4776 872 4818 una
920 4776 981 4839 que
992 4757 1110 4818 fittossz
1126 4777 1142 4814 u
1159 4756 1243 4835 quod
1258 4757 1401 4836 deinceps
1416 4756 1538 4838 copiosa
1552 4757 1689 4838 disputa·

106 4850 178 4925 fide,
199 4860 230 4915 et
248 4853 283 4913 in
296 4871 362 4913 uno
375 4853 393 4914 J
396 4870 451 4913 esu
465 4852 595 4927 Christo,
618 4850 789 4913 secundum
803 4868 870 4912 car-
920 4850 1006 4911 tione
1020 4848 1142 4909 refellit.

107 4960 180 5006 nem
204 4963 244 5008 ex
257 4962 372 5024 genere
385 4944 497 5018 David,
514 4943 580 5005 fflio
598 4943 746 5020 hominis,
761 4947 792 5003 et
805 4941 870 5002 tilio
961 4941 1145 5002 Athanasius
1160 4940 1195 5001 in
1213 4940 1318 5003 libello
1336 4939 1371 5001 de
1392 4940 1601 5005 incarnatione
1615 4960 1689 5004 cou-

142 5144 165 5183 a
180 5129 269 5187 lenti.
295 5129 338 5186 ad
365 5129 442 5203 Epi.
464 5129 517 5187 sub
537 5129 587 5186 fin.
625 5127 654 5183 ‘0
667 5129 714 5201 γὰρ
734 5130 786 5192 debr
799 5129 870 5200 ἡμῶν
920 5128 1042 5200 ὀνόματος
1063 5128 1208 5201 συνέρχεσθε
1234 5126 1259 5181 ἔν
1283 5131 1328 5200 μιᾷ
1353 5128 1445 5193 aloru,
1473 5129 1513 5180 rol
1541 5129 1577 5181 tvi
1602 5128 1689 5195 Ἰησοῦ

113 5209 208 5278 'lewis
220 5214 235 5267 b
247 5214 351 5286 Χριστὸς
364 5211 513 5284 ἐοοορορήθη
526 5213 574 5266 tat
593 5212 690 5285 Μαρίας
702 5212 757 5266 κατ’
776 5211 871 5266 oleoso·
920 5212 1027 5284 Χριστῷ,
1042 5211 1104 5265 κατὰ
1115 5212 1194 5284 σάρκα
1203 5209 1230 5264 ἔοι
1238 5213 1322 5283 γένους
1332 5211 1417 5277 dudio,
1432 5217 1468 5284 τῷ
1478 5210 1522 5282 υἱῷ
1536 5216 1580 5264 τοῦ
1595 5210 1688 5283 ἀνθρώ-

111 5294 169 5364 ρΙαν
178 5295 240 5358 θεοῦ,
256 5294 283 5349 ἐκ
296 5297 435 5368 σπέρματος
445 5293 489 5367 pls
503 5294 588 5358 Δαὸιδ,
607 5300 660 5350 etc.
920 5312 978 5360 που,
993 5296 1034 5348 uel
1045 5293 1091 5366 υἱῷ
1105 5298 1148 5348 τοῦ
1157 5295 1221 5347 θεοῦ.

146 5376 165 5430 ὁ
181 5376 217 5432 lb.
236 5377 266 5432 Ol
290 5377 346 5433 κατ’
370 5376 446 5451 ἄνδρα
470 5381 540 5450 κοινῇ
558 5377 647 5441 πάντες
667 5375 691 5430 ἓν
705 5382 736 5451 τῇ
749 5378 832 5450 χάριτι
847 5374 871 5440 ἔξ
957 5392 971 5433 o
989 5378 1068 5434 Tem.
1084 5377 1108 5432 ΙΙ
1122 5376 1186 5433 Ber.
1207 5377 1257 5429 tto
1278 5376 1422 5437 Ιποοτάσεις
1435 5377 1552 5448 λέγοντός
1573 5395 1630 5441 σου,
1649 5378 1688 5429 sul

141 5520 154 5559 1
166 5518 223 5563 hen.
235 5519 336 5565 roc-t
351 5520 412 5566 Voss.
426 5521 479 5567 V.-
492 5521 506 5563 8
519 5519 579 5565 lb.-
591 5519 629 5577 ΙΙ
639 5519 714 5565 d.-d
729 5519 786 5566 bist.
796 5532 841 5565 1.-
851 5519 865 5565 6
877 5519 886 5563 l
899 5523 961 5566 Ιοαο,
977 5531 1008 5571 iv,
1019 5519 1070 5564 a·
1081 5520 1093 5563 7
1109 5519 1128 5564 ΙΙ
1142 5520 1191 5564 Cor.
1202 5530 1249 5563 sus.
