4122 6248
275 352 335 413 6ἳο
779 347 1104 411 'tenemuteouutt
1125 347 1343 411 multarent

125 541 227 585 aeuum
315 517 403 594 Quod
416 518 446 579 et
461 516 597 591 Procius,
613 515 776 596 episeopus
785 515 1043 596 tumCyzieenus,
1094 532 1159 576 uua
1172 513 1341 595 hypostasi,
1357 514 1433 576 diros
1445 514 1636 596 hypostases,
1651 518 1682 575 et
1696 528 1863 595 personas;

104 594 239 694 ,Βςῆῗωᾝξ
275 612 309 673 in
334 610 462 672 homilia
483 608 518 670 de
542 608 748 670 Iucoruotioee
772 626 877 670 coram
903 608 1045 669 Nestoris
1094 615 1195 689 etpro
1209 614 1314 669 sancta
1327 608 1497 684 Trinitate,
1522 605 1759 687 quaternitatem
1771 605 1864 666 inde·

276 704 357 764 dieta
366 700 643 780 Constantinopoli,
653 718 718 762 non
728 701 882 762 dubitavit
892 716 1042 761 assereret.
1094 719 1178 777 eore,
1191 719 1228 762 ae
1240 700 1356 763 nefarie
1370 698 1535 762 seruaret.
1551 719 1567 758 ο

280 818 296 854 u
310 796 342 857 Si
350 794 431 881 alius
447 799 504 870 est,
522 794 642 873 iuquit,
661 794 815 870 Christus,
831 798 862 854 et
875 793 953 853 alius
966 793 1046 853 lleus
1135 793 1310 873 Siquidem,
1336 798 1371 853 ut
1393 798 1476 854 recte
1490 789 1669 854 Anastasius
1682 790 1726 851 ait
1745 789 1778 850 in
1801 789 1867 851 Vite

276 889 427 963 Verbum,
445 904 511 947 non
525 892 570 947 est
583 885 718 966 amplius
730 886 881 960 Trinitas,
898 884 951 946 sed
965 903 1045 964 qua·
1095 883 1177 959 dure,
1189 906 1201 942 ι
1213 886 1238 945 si
1247 904 1286 946 ex
1296 885 1417 947 duabrrs
1425 882 1641 964 hypostasibus
1654 888 1700 943 est
1714 882 1865 958 Christus,

275 981 435 1042 tennitas&
447 1000 462 1036 ι)
1091 977 1157 1056 jam
1171 996 1236 1039 non
1250 983 1296 1039 est
1307 977 1441 1057 amplius
1449 977 1559 1052 trium,
1575 975 1628 1047 sed
1650 980 1786 1054 quatuor
1799 992 1868 1053 pcr-

317 1072 401 1134 ldem
414 1069 585 1151 leporius,
597 1072 651 1151 qui
661 1071 877 1133 Nestorianam
888 1069 1042 1146 haeresim,
1096 1087 1244 1130 sonarum
1258 1075 1363 1131 saneta
1375 1067 1520 1144 Trinitas,
1537 1067 1655 1128 babens
1666 1068 1744 1128 duos
1763 1067 1867 1146 hypo-

275 1165 435 1244 aliquauto
460 1169 533 1224 ante
559 1164 645 1225 hune
668 1163 907 1225 haeresiarcham
928 1179 1043 1241 propu-
1096 1166 1191 1223 stases
1199 1162 1320 1240 Christi,
1331 1167 1362 1223 et
1382 1161 1458 1222 alios
1469 1161 1557 1236 duas,
1568 1159 1678 1235 Patris,
1686 1164 1717 1221 ct
1731 1158 1869 1239 Spiritus

276 1263 396 1336 gnarat,
409 1257 476 1334 jam
490 1257 672 1317 emendatus
685 1256 724 1317 de
738 1274 770 1316 se
780 1254 963 1316 mulitetur:
982 1274 997 1311 o
1013 1252 1046 1314 Si
1095 1254 1218 1315 saneti‘.
1234 1276 1249 1311 n

276 1367 350 1428 ergo
360 1348 491 1409 minime
504 1349 719 1427 percipientes,
728 1346 840 1426 iuquit,
850 1347 931 1407 hane
940 1349 1047 1426 poten·
1135 1347 1176 1406 V.
1198 1345 1313 1407 Marius
1347 1362 1472 1424 quoque
1504 1342 1686 1405 Victorinus
1716 1342 1751 1402 in
1785 1340 1867 1402 libro

276 1440 352 1500 tiam
367 1439 434 1515 Dei,
461 1456 555 1500 sensu
583 1444 688 1499 nostro
715 1444 747 1500 et
772 1438 898 1518 propria
926 1437 1046 1497 ratione
1095 1436 1376 1500 secundoudaersus
1388 1435 1523 1512 stt-iamt,
1535 1458 1550 1494 ο
1562 1434 1734 1506 Discedunt,
1747 1434 1865 1513 inquit,

275 1532 445 1611 sapientes,
474 1549 514 1592 nc
538 1531 627 1610 quasi
649 1529 794 1591 inferiora
815 1547 847 1590 se
861 1529 941 1590 Deus
954 1547 1046 1607 ogere
1095 1530 1241 1605 Marcelli,
1265 1535 1296 1591 et
1318 1529 1442 1590 Photini
1468 1527 1620 1608 discipuli.
1648 1528 1756 1607 Ipsum
1781 1528 1868 1587 enim

275 1621 429 1695 rideatur,
444 1621 488 1683 ita
512 1622 672 1683 homiuem
687 1640 759 1683 oum
772 1623 836 1682 Deo
850 1626 960 1683 natum
982 1638 1047 1682 esse
1095 1622 1232 1683 Verbum
1247 1621 1379 1684 dicimus
1402 1622 1437 1681 in
1460 1619 1670 1696 carnehrime,
1694 1635 1759 1679 non
1781 1617 1868 1679 aliud

274 1715 426 1788 dieamus,
450 1720 485 1774 ut
508 1732 647 1775 seorsum
661 1732 731 1794 ques
743 1719 817 1774 sunt
829 1714 895 1790 Dei,
912 1712 969 1774 soli
983 1713 1045 1774 Deo
1095 1715 1234 1777 Verbum
1243 1732 1319 1789 esse,
1332 1719 1364 1776 et
1376 1713 1462 1774 uliud
1475 1713 1647 1788 bominem,
1658 1712 1692 1773 in
1704 1728 1767 1790 quo
1781 1710 1869 1771 Chri·

275 1806 402 1881 demus,
418 1812 449 1867 et
466 1824 605 1867 seorsum
631 1825 701 1885 quae
728 1811 801 1867 saint
827 1805 963 1866 hominis
989 1804 1047 1864 soli
1095 1813 1178 1869 stum
1192 1807 1301 1869 dieunt
1318 1825 1402 1868 esse:
1428 1805 1479 1866 sed
1499 1806 1601 1885 ipsum
1622 1804 1717 1885 logon
1739 1823 1868 1867 carnem

274 1897 396 1959 homini
409 1904 600 1979 reputemus,
629 1905 772 1978 quartam
800 1896 1046 1958 manifestissime
1095 1899 1243 1961 induisse.
1265 1898 1313 1960 ltli
1340 1898 1426 1960 enim
1450 1898 1557 1959 dicunt
1579 1915 1645 1959 esse
1664 1902 1696 1958 et
1708 1888 1820 1967 Deunu
1838 1902 1870 1958 et

275 1990 307 2050 in
322 1990 472 2051 Trinitate
493 2008 676 2070 personam3
694 1996 725 2052 et
746 1992 785 2051 de
809 2008 873 2050 arno
897 1988 975 2050 Filio
990 1987 1045 2049 Dei
1094 1991 1203 2070 logon.
1228 1996 1259 2052 et
1278 1991 1442 2070 spiritum:
1459 1998 1606 2069 quartum
1619 1994 1725 2050 autem
1738 1988 1865 2065 Filium,

275 2099 339 2142 non
347 2082 624 2158 unum,sedtacere
635 2084 800 2163 incipimus
808 2080 1044 2142 duosChristos:
1096 2085 1124 2146 id
1136 2088 1182 2146 est
1190 2083 1361 2157 hominem,
1371 2082 1426 2163 qui
1436 2101 1473 2144 ex
1483 2083 1691 2161 Maria,quem
1700 2082 1869 2161 assumpsit

275 2176 400 2253 quoda
430 2174 518 2235 nobis
543 2174 607 2254 ipse
631 2175 699 2254 jam
725 2175 885 2249 Dominus,
910 2178 940 2234 et
965 2173 1046 2235 Deris
1094 2176 1199 2256 logos,
1227 2182 1258 2237 et
1279 2181 1315 2236 ut
1336 2175 1515 2261 ministrum
1541 2175 1642 2235 rexit:
1668 2175 1719 2235 cui
1743 2174 1869 2235 bomini

276 2267 415 2327 Christus
430 2272 559 2328 avcrtat.
575 2288 591 2325 ιι
1095 2269 1204 2330 dicunt
1220 2273 1251 2329 et
1269 2267 1374 2328 sedem
1393 2260 1535 2347 paratam
1557 2284 1634 2328 esse.
1650 2288 1664 2326 ο
1683 2265 1869 2327 Vincentius

316 2359 368 2419 lV.
387 2358 438 2418 Sic
451 2358 642 2437 Augustinus
653 2358 677 2435 ³,
693 2359 809 2438 aliique
823 2357 957 2420 Africani
970 2357 1047 2438 epis·
1094 2359 1273 2433 Lirinensis,
1294 2380 1310 2417 ιι
1325 2359 1498 2420 Anathema
1512 2359 1666 2435 Nestorio,
1681 2357 1795 2436 inquit,
1810 2375 1867 2418 ne·

275 2451 356 2530 copi,
373 2447 406 2509 in
421 2451 564 2530 epistota,
587 2468 682 2530 quam
705 2469 777 2512 cum
796 2451 920 2531 Leporii
941 2450 1045 2511 libello
1094 2452 1182 2531 genti
1191 2470 1230 2512 cx
1240 2452 1369 2529 Virgine
1380 2452 1479 2511 Βοιιιιι
1491 2457 1612 2525 uatum,
1626 2449 1774 2511 asserenti
1789 2449 1869 2511 duos

276 2544 428 2603 miserunt
437 2543 475 2603 ad
483 2543 642 2624 episcopos
651 2542 769 2618 Gallice,
782 2543 936 2617 scribunt;
949 2543 1047 2621 Lepo-
1096 2544 1247 2619 Christos,
1264 2550 1296 2604 ct
1308 2542 1436 2623 explosa
1448 2544 1608 2604 Trinitatis
1621 2543 1695 2621 side,
1708 2542 1868 2622 manumi-

276 2636 359 2695 rium
374 2635 531 2708 eumdem,
546 2653 617 2696 cum
631 2635 733 2697 adhue
747 2636 780 2695 in
790 2652 895 2697 errore
907 2653 962 2695 suo
976 2652 1046 2696 ver·
1093 2642 1192 2698 tatem
1204 2635 1294 2697 uobis
1306 2636 1527 2698 introducenti.
1541 2656 1557 2693 ο

275 2732 405 2799 seretur,
426 2748 441 2784 u
455 2745 520 2787 nou
534 2726 655 2803 vidisse,
672 2734 815 2806 quartam
836 2746 868 2788 se
894 2726 1046 2787 subintro
1135 2728 1307 2791 Maxentius
1320 2728 1454 2807 denique
1468 2729 1501 2788 in
1510 2727 1631 2804 dialogo
1645 2727 1782 2788 seeundo
1794 2728 1870 2789 Nes-

276 2818 388 2881 ducere
402 2820 435 2879 iu
450 2819 599 2880 Trinitate
614 2836 791 2899 personam.
805 2840 820 2877 ιι
1094 2821 1252 2882 turianum
1265 2826 1453 2881 asserentem
1462 2817 1678 2901 placitantium
1690 2818 1868 2898 divinitatis,

315 2911 365 2973 Sic
380 2911 548 2992 Capreolus
567 2913 729 2991 episcopus
749 2910 1000 2987 carthaginensis
1012 2915 1046 2976 in
1095 2909 1869 2993 quaminterpretaturTriuiteteetotom,habitere

272 3003 402 3080 epistola
415 3000 455 3064 od
465 3002 602 3078 Vr'telem,
615 3010 643 3064 et
660 3001 685 3064 C
689 3000 900 3063 caecutiunt:
914 3005 1045 3066 «Etideo
1095 3005 1128 3066 ie
1143 3003 1272 3078 Chresto,
1289 3004 1349 3066 hoc
1362 3010 1547 3083 argumento
1558 3004 1682 3065 refellit.
1702 3025 1718 3061 u
1732 3003 1869 3077 Quartus

273 3095 307 3155 in
322 3095 442 3155 Christo
452 3096 538 3169 Jesu,
548 3095 661 3173 inquit,
673 3094 878 3173 separa1·i,rel
891 3095 1045 3157 subdividi
1094 3116 1168 3175 ergo
1178 3099 1245 3177 jam
1260 3097 1400 3158 Christus
1413 3102 1475 3172 cst,
1490 3097 1524 3158 in
1543 3115 1605 3176 quo
1627 3102 1693 3157 tote
1711 3095 1868 3157 inhabitat

274 3186 328 3247 [lei
342 3186 539 3267 hominisque
562 3186 649 3247 nullo
664 3187 757 3247 modo
776 3186 933 3248 credimus
956 3208 1045 3268 posse
1094 3190 1239 3253 Trinitas.
1254 3211 1269 3247 ι)
1282 3189 1338 3250 Cui
1351 3191 1474 3250 tametsi
1485 3190 1684 3251 Nestorianus
1696 3193 1868 3267 utcumque

170 3314 174 3322 ·
272 3295 446 3359 personam,
468 3296 508 3339 ne
523 3296 587 3338 nou
598 3277 665 3356 jam
678 3278 712 3339 in
726 3278 885 3339 divinitate
899 3280 1043 3357 Trinitas,
1093 3286 1224 3343 eorrotur
1250 3280 1458 3358 intercedere,
1491 3280 1613 3354 dicens,
1649 3302 1663 3337 ο
1676 3298 1741 3342 ιιοει
1767 3284 1867 3341 totam

272 3371 326 3432 sed
340 3371 532 3451 quaternitas
544 3377 738 3432 numeretur.
756 3394 768 3429 s
1093 3373 1291 3450 Trinitatem,
1307 3373 1360 3433 sed
1391 3373 1492 3434 Deum
1512 3373 1729 3434 tantummodo
1754 3372 1867 3434 Filium

314 3463 493 3541 Fulgentius
520 3463 595 3524 item
622 3464 654 3524 iu
681 3462 760 3524 libro
779 3462 1042 3538 deletornett'oue,
1094 3463 1128 3526 in
1143 3464 1265 3526 Christo
1284 3483 1369 3527 esse:
1398 3486 1414 3523 ιι
1445 3483 1548 3545 neque
1572 3471 1678 3526 umen
1704 3470 1869 3545 propterea

273 3556 372 3635 eapite
381 3553 557 3631 undecimo,
572 3554 788 3616 «mortiferum
798 3573 936 3617 errorem
946 3563 1044 3635 vocat,
1095 3558 1333 3637 quaternitatem
1351 3575 1435 3633 esse,
1455 3558 1559 3637 aquia
1571 3559 1656 3618 Deus
1669 3556 1812 3618 Verbum
1826 3558 1870 3618 ita

273 3646 300 3707 si
327 3648 396 3725 quis
420 3646 496 3705 diras
520 3646 553 3706 in
567 3646 687 3707 Christo
699 3646 873 3707 confitendo
887 3666 1044 3727 personas,
1094 3650 1175 3712 inest
1189 3650 1326 3724 Christo,
1344 3656 1381 3710 ut
1395 3655 1524 3729 propter
1537 3642 1740 3728 conjunctum
1749 3643 1866 3725 filium,

274 3738 415 3816 nonjam
429 3737 602 3814 Trinitatis,
619 3738 673 3799 sed
687 3738 824 3800 nefarius
837 3745 1046 3819 essetquater-
1094 3759 1176 3802 unius
1202 3741 1241 3803 sit
1268 3740 1361 3814 iilius,
1391 3747 1423 3802 et
1446 3759 1528 3803 unus
1555 3741 1711 3802 Christus:
1739 3741 1867 3801 aimtat

274 3830 377 3891 nitatis
391 3836 559 3890 assertor.»
1077 3824 1199 3895 'tamen
1223 3833 1414 3909 Maxentius,
1441 3838 1472 3893 ct
1495 3833 1557 3894 boe
1579 3835 1725 3914 opponit:
1758 3854 1774 3890 ο
1801 3832 1867 3894 sire

314 3923 496 3982 Mansuetus
532 3924 693 4003 episeopus
732 3923 970 3985 Mediolanensis
1011 3925 1046 3984 in
1094 3926 1363 4003 Trinitatem,sive
1378 3927 1477 3987 Deum
1485 3925 1626 3987 Verbum
1639 3926 1738 3987 inesse
1750 3925 1867 3987 dixeris

273 4013 834 4094 epistolasynodieaudCoustoettnum
842 4015 1044 4097 Popoeetum,
1093 4017 1223 4093 Christo,
1249 4017 1491 4097 quaternitatem
1519 4019 1661 4095 omnino,
1681 4035 1747 4079 non
1758 4018 1865 4078 Trini-

278 4126 294 4163 ο
311 4106 418 4168 iesum
434 4106 590 4168 Christum
610 4125 675 4169 esse
689 4107 763 4168 dicit
776 4126 877 4169 unum
890 4110 926 4169 in
940 4115 1045 4170 saneta
1093 4115 1189 4170 tatem
1211 4109 1380 4188 praedicere
1403 4109 1608 4171 convinceris.
1625 4130 1640 4167 a
1666 4111 1745 4171 Nam
1760 4109 1786 4170 si
1800 4109 1867 4170 Tri-

275 4197 437 4257 Trinitate.
454 4197 517 4259 Nec
530 4198 614 4259 enim
633 4204 777 4278 quartam
787 4217 928 4280 persone
942 4201 1044 4280 adjec-
1093 4201 1174 4263 nitas
1188 4201 1342 4262 inhabitat
1356 4202 1389 4262 in
1404 4202 1537 4277 Christo,
1551 4207 1586 4262 ut
1600 4201 1745 4263 dicebant
1758 4202 1867 4262 Nesto·

275 4288 392 4349 tionem
403 4290 535 4370 suscepit
547 4296 650 4352 saneta
663 4292 811 4352 Trinitas.
827 4313 843 4350 r>
1094 4294 1187 4370 riani,
1206 4298 1365 4374 «quartus
1380 4294 1570 4373 intelligetur
1582 4294 1734 4370 Christus,
1753 4294 1789 4355 in
1800 4311 1865 4373 quo

315 4381 500 4442 Atlunasius
514 4382 547 4442 in
555 4382 672 4459 libello,
687 4383 737 4444 vel
750 4383 880 4445 homilia
894 4385 996 4465 potius
1009 4382 1044 4446 de
1091 4385 1210 4447 habitat
1223 4386 1368 4447 Trinitas.
1395 4387 1511 4448 Rursus
1533 4387 1560 4447 si
1580 4386 1662 4447 inest
1685 4385 1720 4446 in
1741 4386 1864 4447 Christo

275 4491 332 4532 uuo
344 4470 472 4550 Chresto,
487 4493 556 4553 quae
569 4494 634 4536 nou
647 4476 770 4536 videtur
783 4495 848 4538 esse
862 4476 1041 4552 Athanasii;
1092 4479 1174 4540 Deus
1195 4478 1287 4554 filiius,
1308 4496 1374 4539 non
1395 4479 1463 4557 jam
1488 4479 1554 4558 ipse
1578 4484 1625 4539 est
1647 4478 1795 4540 Christus.
1825 4478 1866 4539 lot

275 4564 361 4625 Pauli
379 4565 572 4627 Samosateui
585 4586 620 4628 ac
634 4567 771 4629 Marcelli
793 4567 938 4630 haeresim
958 4586 1042 4629 cam-
1092 4569 1118 4630 si
1144 4569 1209 4649 ipse
1228 4588 1294 4631 non
1316 4576 1362 4631 est
1387 4570 1543 4648 Christus,
1559 4570 1862 4643 duosuntomniuo,

275 4655 346 4717 dem
363 4674 399 4717 aa
412 4658 635 4728 Nestorianam,
652 4659 818 4728 incessens,
830 4661 875 4721 ait
886 4659 1044 4740 illosopro
1093 4661 1174 4722 Deus
1186 4661 1279 4740 filius,
1295 4669 1326 4724 et
1346 4662 1501 4724 Christus:
1526 4663 1669 4743 qitamris
1685 4662 1808 4732 callide,
1822 4659 1863 4722 ud

311 4860 332 4901 a
350 4845 447 4901 Pnoce.
463 4852 532 4902 orat.
550 4863 613 4918 quae
628 4855 670 4904 est
685 4848 713 4904 iu
736 4847 804 4920 Eph.
825 4862 905 4904 conc.
926 4847 956 4902 El
970 4848 1045 4912 ἄλλος
1129 4866 1144 4907 o
1162 4852 1259 4908 hussr.
1279 4851 1391 4926 Ὃδηγῷ,
1407 4868 1467 4923 cap.
1478 4869 1506 4908 x.
1525 4850 1583 4906 Ὅτι
1597 4850 1639 4906 itu
1654 4851 1738 4920 tatto
1754 4852 1864 4908 tuomet-

275 4927 422 5000 ὁΧριστος,
439 4928 480 4982 καὶ
495 4929 597 4992 ἄλλοςὸ
616 4931 668 4993 θεὸς
683 4932 767 5004 λόγος,
784 4930 863 4986 statu
881 4931 959 5005 τριὰς,
979 4928 1045 4985 ἀλλὰ
1093 4952 1155 4988 σεων
1166 4932 1231 4990 ἐστὶν
1243 4936 1257 4989 ὁ
1267 4936 1382 5008 Χριστὸς,
1397 4934 1477 4989 niatu
1489 4937 1682 5009 τρισοπόστατός
1695 4933 1760 4990 ἔστιν
1778 4935 1865 5009 {pipin

275 5013 369 5084 ἵῑτρᾶς·
1091 5016 1169 5090 τριὰς,
1182 5017 1247 5071 ἀλλὰ
1261 5021 1473 5091 τετραπρόσοιπος,
1485 5018 1579 5091 ἔχουσα
1593 5018 1637 5072 tto
1654 5017 1697 5090 μὲν
1717 5018 1865 5080 ὑποστάσεις

313 5095 330 5150 b
349 5097 415 5151 ltro.
436 5098 483 5152 Καὶ
498 5097 553 5153 ἀντὶ
569 5101 624 5171 μιᾶς
636 5098 793 5161 ὑποστάσεως
809 5102 852 5151 τοῦ
870 5098 954 5169 ruptos
973 5096 1044 5168 ὴμῶν
1093 5099 1136 5162 τὰς
1145 5095 1189 5154 τοῦ
1202 5096 1315 5173 Χριστοῦ,
1332 5101 1414 5177 ἐτέρας
1427 5099 1453 5156 δὲ
1467 5102 1520 5166 tto,
1535 5101 1579 5171 τὴν
1593 5097 1754 5174 τοῦπατρὸς,
1768 5103 1862 5157 καὶτοῦ

281 5175 369 5247 Ἰησοῦ
381 5181 499 5252 Χριστοῦ,
514 5182 556 5235 tto
567 5183 721 5245 ὑποστάσεις,
735 5183 775 5235 καὶ
788 5183 918 5253 πρόσωπα,
934 5180 975 5233 καὶ
991 5178 1046 5232 ἀντὶ
1093 5181 1164 5255 ἁγίου
1174 5185 1319 5258 πνεύματος.

250 5334 252 5339 .
276 5265 320 5329 τῆς
334 5262 404 5335 ἁγίας
428 5266 537 5337 τριάδος,
561 5266 665 5337 τετράδα
688 5264 812 5339 ἀπρεπῶς.
838 5265 879 5318 καὶ
896 5260 1046 5335 asportatus
1131 5286 1133 5291 ⁴

276 5346 448 5416 φρονήσαντες.

228 5516 231 5524 ’
304 5512 316 5556 l
332 5512 356 5555 lu
372 5506 430 5557 libel.
446 5511 581 5558 entend-T
593 5510 649 5556 itte.
662 5510 685 5554 in
696 5511 772 5565 Optata
784 5508 904 5563 Douma-ii
915 5508 993 5562 Opust.
1004 5508 1106 5560 litem·
1119 5504 1132 5548 4
1143 5503 1205 5549 Tbm.
1220 5503 1248 5548 IV
1260 5500 1317 5548 diti.
1329 5503 1370 5547 ΡΡ.
