3994 6164
330 250 389 311 ato
850 247 1176 312 rflnoioalteaun
1196 249 1418 312 coenarent

327 414 631 494 tioneillalegitnr¹,
659 432 730 493 quae
745 413 1100 494 Constantinopoliinter
1150 419 1197 475 cst
1215 414 1332 490 unitus,
1352 432 1417 475 non
1443 413 1634 475 substantiva
1660 414 1777 490 antee,
1795 411 1853 475 sed
1877 413 1925 473 at-

327 506 434 567 ambas
448 512 548 584 partes
562 506 715 568 celebrate
726 512 773 569 est
784 508 959 569 iustiniano
970 506 1102 585 impera·
1147 505 1229 567 fectu
1243 506 1420 580 voluntatis,
1445 512 1476 567 et
1489 507 1587 584 gratia
1599 503 1623 566 l:
1640 507 1755 585 Exque
1768 504 1927 584 conjunc·

327 602 405 674 tore,
418 617 501 659 anno
515 597 631 660 Christi
645 600 718 661 539.
1150 598 1233 659 tione
1247 617 1311 659 non
1325 616 1408 659 unus
1421 597 1584 674 estfactus,
1599 598 1653 658 sed
1665 595 1764 658 dno³z
1782 613 1926 676 quorum

171 697 289 743 retunsus
366 690 419 753 IX.
435 692 550 753 Verum
564 691 736 766 Facundus,
750 692 834 770 quod
847 691 962 754 mirum
972 691 1020 766 sit,
1041 689 1100 768 Cy·
1149 691 1203 770 qui
1216 691 1312 752 homo
1335 689 1411 768 est⁹,
1425 690 1524 770 gratia
1543 690 1729 771 promeritus
1752 697 1802 751 cst
1826 689 1928 769 adop-

178 757 278 802 ⁰⁰¹⁸‘¹¹'’
325 783 395 843 rillo
408 789 486 845 teste
507 784 605 845 utitur
628 785 667 845 ad
694 784 929 860 sublevandum,
959 789 990 844 et
1017 799 1101 843 com·
1148 782 1278 844 tionem.
1308 784 1414 861 Neque
1440 800 1515 843 vero
1543 783 1641 844 Deum
1667 799 1733 843 esse
1754 781 1860 842 lassus
1880 785 1929 841 est

325 875 539 937 mandandum
552 875 763 937 Theodorum.
779 877 822 938 Ac
835 876 966 937 dubium
981 891 1046 937 csse
1067 872 1099 934 id
1147 892 1231 949 eum,
1256 874 1311 953 qui
1336 872 1560 936 resurrexit¹⁰:
1585 879 1641 934 aut
1673 875 1727 954 qui
1754 871 1930 935 crucifixus

325 968 452 1047 quidem
467 968 625 1045 ostendit,
638 987 678 1030 an
705 968 744 1028 sit
767 968 877 1049 Gyrilli
902 985 980 1048 opus
1006 966 1096 1041 illud,
1148 963 1246 1042 est¹¹,
1262 966 1316 1027 sed
1333 966 1416 1027 «Dei
1426 966 1523 1027 Verbi
1545 966 1733 1046 templum.»
1750 966 1929 1026 Personam

329 1060 392 1120 «in
415 1078 478 1140 quo
504 1059 611 1139 aliqua
632 1060 730 1121 sancti
757 1059 912 1121 Theodori
940 1057 1098 1120 Tarsensis
1146 1062 1252 1118 tamen
1266 1076 1362 1119 unam
1376 1057 1468 1119 itrissc
1482 1057 1555 1119 dicit
1565 1057 1601 1135 ¹2,
1617 1058 1696 1119 sicut
1707 1059 1796 1120 viret
1807 1056 1930 1118 mulier

325 1153 469 1233 episcopi,
486 1171 522 1213 ac
540 1152 696 1213 Theodori
714 1151 796 1213 dicta
817 1152 994 1231 culpantur.
1009 1150 1096 1212 »Sed
1147 1168 1211 1210 une
1232 1167 1302 1211 caro
1316 1155 1478 1226 vocantu,
1500 1175 1514 1203 ι
1533 1150 1664 1217 Quando
1685 1150 1771 1211 enim
1790 1154 1929 1210 naturas

288 1262 293 1265 ·
323 1243 408 1305 hunc
421 1244 627 1305 nihilominus
646 1263 665 1305 a
685 1245 799 1324 cyrillo
820 1243 981 1305 laudatum
1003 1241 1096 1304 fuisse
1146 1241 1360 1319 discernimus,
1388 1242 1556 1323 perfectam
1581 1248 1725 1303 naturam
1739 1241 1798 1303 ilci
1825 1240 1930 1304 Verbi

324 1336 483 1399 contendit
492 1335 594 1398 verbis
602 1336 679 1411 istis,
695 1355 766 1415 quas
797 1354 834 1395 ex
860 1335 995 1397 seeundo
1015 1334 1096 1396 libro
1146 1335 1288 1412 dicimus,
1319 1336 1431 1414 inquit,
1462 1339 1493 1395 ct
1526 1334 1693 1415 perlectam
1724 1352 1927 1414 personam:

323 1427 358 1488 de
371 1447 404 1489 co
418 1425 498 1509 quod
510 1446 585 1488 ιιιιιιι
598 1432 640 1487 cst
667 1425 813 1501 Christus,
830 1433 938 1488 contre
955 1426 1095 1487 Tbcodo-
1148 1425 1220 1508 (Nec
1239 1429 1324 1488 enirn
1350 1427 1417 1488 sine
1444 1444 1577 1506 persona
1598 1432 1658 1504 est,
1684 1426 1929 1488 subsistentiam

324 1539 396 1581 rum
408 1525 550 1598 excerpta
563 1537 628 1580 esse
642 1524 761 1581 constat
778 1538 817 1580 ex
831 1518 951 1598 synodo
964 1518 1092 1597 quinta:
1145 1516 1432 1599 dicereperfectam)
1448 1518 1614 1599 perlectam
1634 1523 1740 1580 summ
1764 1525 1802 1580 et
1825 1518 1931 1580 homi·

327 1612 469 1692 «Scripti
492 1616 601 1672 sunta
623 1630 737 1691 magno
762 1611 924 1673 Theodoro
948 1610 1095 1671 adversus
1145 1611 1194 1671 nis
1208 1617 1354 1672 naturam
1375 1616 1407 1671 et
1429 1628 1595 1690 personam
1618 1610 1770 1672 similiter.
1788 1610 1929 1685 Quando

323 1703 536 1779 Arianorum⁸,
561 1708 592 1764 et
617 1702 1031 1765 Eunomisnorumherescs
1049 1702 1095 1762 vi·
1144 1708 1249 1764 eutem
1262 1703 1303 1764 ad
1325 1702 1578 1781 conjunctionem
1600 1703 1796 1783 respicimus,
1826 1719 1932 1763 unam

323 1797 402 1872 giuti
410 1796 488 1857 torte
506 1801 536 1855 et
549 1795 651 1862 adhuc
662 1794 794 1874 emplius
807 1794 891 1872 libri,
904 1800 936 1855 et
948 1794 1007 1854 alia
1016 1811 1095 1874 pras·
1143 1813 1310 1875 personam
1321 1801 1399 1857 tunc
1414 1795 1556 1857 dicimus.
1570 1816 1586 1853 s

323 1894 371 1949 ter
383 1888 450 1950 haec
468 1886 663 1966 Evangelica,
680 1892 711 1947 et
728 1886 901 1966 Apostolica
915 1886 1028 1965 scripta
1042 1885 1091 1947 in·
1182 1887 1271 1948 idem
1287 1895 1423 1961 θεοτόκον,
1448 1886 1482 1948 id
1503 1893 1549 1948 cst
1562 1886 1622 1948 ne·
1648 1887 1843 1969 pacticiam,
1869 1886 1933 1950 bia-

323 1986 509 2060 tcrpretatus
522 1987 577 2041 est.
593 1981 632 2039 Et
644 1979 701 2039 hos
715 1978 841 2058 quidem
854 1979 975 2039 labores
987 1977 1091 2038 nullus
1141 1980 1220 2041 riam
1232 1979 1356 2041 nonnisi
1361 1993 1490 2060 sperius,
1505 1979 1536 2040 id
1550 1984 1596 2042 est
1609 1979 1752 2043 relatione
1765 1980 1835 2043 dici
1849 1980 1935 2042 arbi·

321 2091 416 2134 ausus
429 2079 474 2134 est
493 2072 664 2152 increpare,
694 2070 747 2131 sed
769 2071 878 2132 dextro
892 2070 1014 2131 decreto
1038 2068 1094 2129 ho·
1140 2077 1239 2133 tratus
1250 2070 1333 2145 etr,
1347 2070 1483 2132 hominis
1494 2090 1568 2134 vero
1577 2073 1770 2152 genitricem,
1781 2098 1798 2127 ι
1813 2080 1935 2135 natura

321 2182 433 2226 norare
447 2164 585 2225 studium
608 2168 766 2224 rectorum
788 2162 983 2241 dogmatum,
1008 2161 1092 2240 quod
1141 2164 1199 2226 rei.
1212 2162 1355 2225 Hominis
1369 2163 1454 2224 enim
1464 2163 1611 2243 genitrix,
1626 2166 1680 2243 ait,
1702 2170 1836 2237 natura,
1853 2166 1934 2246 quia

321 2257 356 2317 in
379 2256 423 2318 eis
436 2255 505 2318 est&
517 2276 532 2314 s
563 2256 636 2318 Haec
662 2256 769 2334 Cyrilli
792 2255 887 2316 verba
914 2255 1026 2333 sapius
1039 2253 1093 2314 ille
1141 2257 1238 2318 homo
1253 2267 1320 2318 erat
1333 2263 1364 2317 et
1373 2257 1408 2316 in
1421 2262 1529 2318 ventre
1543 2256 1659 2335 Marias,
1670 2258 1725 2337 qui
1734 2259 1936 2337 etprooessit

322 2345 485 2407 Catholicis
497 2345 621 2424 ingerit,
639 2350 749 2405 eontra
762 2344 962 2405 Theodorum
984 2343 1090 2423 cyrilli
1140 2349 1233 2413 inde:
1247 2349 1302 2410 [tei
1327 2353 1432 2409 autem
1454 2348 1598 2426 genitrix,
1614 2349 1689 2429 quia
1711 2351 1796 2411 Deus
1813 2357 1889 2412 erat
1901 2350 1934 2411 in

321 2437 502 2499 auctontete
514 2436 697 2497 nitentibus.
1139 2440 1268 2502 homine
1280 2446 1367 2518 nato,
1383 2446 1440 2503 etc.
1460 2441 1521 2502 Sed
1531 2441 1615 2521 quod
1628 2442 1662 2502 in
1674 2448 1795 2504 ecerat
1810 2444 1933 2505 volun·

360 2529 503 2608 Atlonge
516 2528 604 2588 aliter
617 2527 721 2607 cyrilli
735 2526 840 2587 locum
849 2526 938 2587 illum
951 2526 1093 2587 referunt
1140 2534 1212 2593 tatis
1225 2532 1378 2595 affeetu.»
1590 2565 1594 2573 ·

321 2627 389 2683 acte
411 2621 529 2701 quintae
543 2619 676 2700 synodi:
696 2639 711 2677 ι
734 2619 890 2698 Scriptum
914 2625 960 2679 est
983 2618 1089 2697 igitur,
1182 2626 1303 2686 Rursus
1312 2626 1346 2686 in
1360 2625 1468 2686 eadem
1482 2624 1657 2702 collsfione,
1672 2625 1800 2705 impura
1810 2626 1885 2690 hee
1895 2628 1935 2689 il-

321 2711 454 2794 inquit⁸,
469 2713 552 2773 bono
579 2712 740 2772 Theodoro
771 2711 917 2772 adversm
949 2710 1093 2773 haeresim
1141 2715 1199 2778 lius
1214 2718 1446 2780 verbarccitata
1463 2716 1585 2779 sunt¹⁸:
1599 2717 1766 2779 «ldemhoc
1782 2718 1935 2783 dicemus

321 2807 518 2880 Arinnorum,
541 2810 572 2865 et
583 2803 852 2864 Eunomianorum
875 2803 986 2881 viginti
1012 2820 1092 2883 pene
1137 2808 1222 2886 juste
1236 2816 1266 2870 et
1274 2810 1312 2871 de
1321 2809 1467 2884 Domino,
1479 2810 1562 2889 quod
1572 2812 1656 2871 Deus
1667 2808 1810 2871 Verbum
1824 2813 1936 2874 sciens

321 2917 463 2973 numero,
479 2897 530 2958 rel
554 2896 718 2977 ampliores
746 2895 827 2981 libri,
844 2912 902 2956 nec
915 2913 980 2955 non
999 2896 1093 2957 ctiam
1141 2900 1209 2978 ejus
1234 2901 1394 2978 virtutem,
1424 2908 1456 2962 et
1478 2902 1649 2964 secundum
1676 2902 1934 2981 prescientiam,

322 2991 386 3067 alii,
400 2990 638 3069 interpretantes
658 2988 871 3066 Evangelicos,
888 2992 920 3048 et
938 2988 1091 3067 Apostoli·
1142 2993 1289 3054 statimin
1302 2993 1369 3072 ipso
1387 2993 1477 3053 initio
1492 2992 1775 3075 complasmationis
1800 2995 1937 3057 inhabi-

322 3099 374 3142 cos
397 3080 494 3141 libros
509 3099 518 3139 r
534 3097 613 3159 quos
630 3079 757 3158 quidem
778 3079 900 3139 labores
920 3079 1017 3139 nollet
1037 3079 1094 3140 eli·
1141 3088 1208 3145 tare
1229 3084 1309 3146 bene
1322 3085 1431 3158 voluit,
1459 3091 1490 3147 et
1513 3086 1625 3147 uniens
1637 3102 1710 3147 eum
1725 3084 1783 3146 sibi
1808 3087 1937 3149 aflectu

323 3172 572 3252 quisincrepare,
584 3171 683 3251 magis
698 3177 805 3232 autem
818 3172 940 3247 decreto
955 3171 1093 3233 studium
1141 3176 1318 3254 voluntatis,
1343 3178 1494 3257 maj0rem
1519 3178 1687 3260 quamdam
1709 3179 1892 3258 prestabat
1905 3182 1937 3242 si

323 3267 487 3340 honorare,
501 3264 526 3325 si
538 3266 652 3325 inesset
661 3265 706 3325 eis
713 3264 895 3344 dogmatum
909 3263 1089 3326 rectitudo.»
1144 3269 1288 3348 gratiam.
1303 3292 1318 3329 n

324 3357 444 3424 Quibus
456 3357 560 3418 verbis
580 3362 729 3417 oneratur
748 3357 849 3436 magis
861 3356 987 3418 haeresis
1010 3356 1093 3417 inia-
1183 3362 1240 3422 Xl.
1256 3363 1353 3423 Recte
1366 3362 1470 3442 itaque
1493 3362 1618 3424 Rabula
1644 3362 1818 3424 Edessenus
1844 3366 1935 3446 epis·

323 3450 386 3511 mia
397 3449 588 3522 Theodorus,
604 3467 700 3528 quam
714 3449 753 3509 ab
768 3466 804 3510 ea
817 3454 978 3528 purgatur.
1144 3469 1241 3532 copus
1254 3453 1288 3514 in
1303 3453 1433 3534 epistola
1452 3452 1493 3515 ud
1506 3453 1672 3536 Cyrillum,
1688 3455 1854 3517 Theodori
1869 3459 1937 3520 has-

152 3560 289 3608 rnnuorun
362 3543 404 3602 X.
420 3541 519 3603 Nobis
534 3541 874 3614 constatThcodorum,
891 3558 1014 3602 nenton
1028 3541 1095 3619 ejus
1142 3544 1253 3606 retices
1278 3545 1441 3626 opiniones
1474 3551 1622 3621 recenset,
1654 3545 1776 3607 samem
1804 3548 1934 3629 plane,

164 3623 288 3715 ffiffi,
322 3634 505 3711 magistrum
527 3633 708 3707 Diodorum,
738 3632 778 3693 ab
801 3632 916 3711 cyrillo
937 3634 1094 3693 traductos
1143 3654 1220 3715 quae
1233 3637 1267 3696 in
1280 3637 1421 3699 Nestorio
1434 3637 1571 3717 synodus
1584 3637 1740 3717 Ephesius
1748 3638 1936 3704 damnam-

166 3722 284 3831 *gffiggt
322 3725 427 3801 icisse,
450 3731 601 3804 tanquam
623 3724 761 3785 alienum
775 3742 794 3785 s
807 3724 962 3786 Catholica
986 3724 1095 3803 regula
1142 3733 1201 3788 rat.
1217 3748 1232 3787 ι
1246 3729 1387 3791 Primum
1416 3729 1578 3809 exposuit,
1600 3727 1749 3808 inquit¹⁸,
1773 3748 1846 3792 non
1864 3753 1937 3798 eme

323 3819 362 3881 de
376 3818 590 3879 incarnatione
603 3817 722 3896 dogma
742 3816 936 3896 profitentes,
953 3821 984 3877 et
1010 3816 1095 3877 idem
1142 3838 1214 3883 rere
1228 3821 1284 3882 Dei
1297 3821 1478 3896 genitricem
1498 3825 1638 3881 sanctam
1651 3820 1839 3900 Virginem
1861 3831 1937 3888 tan

323 3929 447 3991 prorsus
461 3929 532 3972 cum
553 3909 693 3970 Nestorio
706 3909 763 3987 qui
776 3909 870 3969 ducas
883 3908 964 3980 illos,
980 3913 1011 3970 et
1024 3927 1094 3970 auc-
1142 3930 1237 3993 quam
1252 3914 1314 3974 Deo
1326 3912 1429 3975 Verbo
1448 3931 1513 3974 non
1534 3913 1722 3993 suscipiente
1744 3918 1937 3981 sccrrndum

321 4010 406 4064 tores
435 4008 557 4064 secutus
581 4006 637 4078 cst,
662 4000 722 4061 hoc
737 4005 783 4060 est
805 4007 921 4080 πατέρας,
938 4005 974 4059 ut
996 4000 1094 4062 Greci
1142 4022 1199 4065 nos
1212 4004 1417 4067 nativitatem.
1434 4025 1451 4064 ι)
1469 4004 1559 4079 Quod
1572 4006 1731 4066 Nestorius
1744 4006 1873 4086 pmam,
1893 4029 1935 4074 ac

322 4096 499 4162 nominant,
524 4092 663 4154 Vincunt
689 4093 749 4153 hoc
769 4091 877 4170 cyrilli
891 4090 990 4171 ipsius
1006 4092 1092 4153 testi-
1142 4096 1265 4174 publice
1278 4114 1343 4176 prae
1358 4096 1485 4159 setulit.
1509 4096 1626 4158 Deinde
1649 4097 1733 4177 quod
1755 4097 1796 4158 ad
1816 4100 1936 4165 Incar-

321 4188 426 4249 moniu
440 4192 528 4248 extra
541 4185 769 4245 dubitationem
782 4183 893 4264 posita,
908 4202 979 4263 quse
998 4184 1092 4264 paulo
1142 4188 1304 4250 nationem
1317 4189 1438 4266 attinet,
1462 4189 1630 4251 arbitratus
1652 4194 1698 4250 cst
1723 4189 1933 4271 l'heodorus,

321 4285 393 4342 ante
407 4279 579 4341 citavimus.
597 4278 694 4338 Multo
708 4295 782 4338 vcro
795 4276 828 4337 id
841 4278 940 4354 magis
958 4275 1025 4338 loia
1041 4277 1094 4338 illa
1146 4297 1240 4341 anon
1255 4281 1426 4342 seeundum
1450 4281 1655 4343 substantiam
1673 4281 1724 4343 vel
1743 4286 1935 4349 secundum

321 4373 517 4453 persuadent,
543 4388 614 4451 quae
636 4388 675 4432 cx
705 4369 801 4450 ipsius
825 4369 979 4430 Theodori
1005 4369 1094 4430 libris
1142 4372 1371 4434 subsistentiam
1384 4373 1509 4434 unitum
1522 4390 1588 4435 esse
1611 4375 1676 4434 Deo
1692 4373 1795 4436 Verbo
1815 4376 1934 4440 homi·

321 4471 464 4544 excerpta
478 4470 561 4538 sunt,
577 4463 767 4542 recitataque
783 4461 817 4522 in
831 4461 940 4541 quinta
959 4462 1092 4540 synodo.
1141 4482 1216 4526 nem
1228 4484 1236 4524 :
1250 4465 1304 4526 sed
1317 4464 1400 4526 bona
1422 4465 1583 4527 voluntate
1602 4464 1751 4545 quadam,
1765 4471 1935 4548 tanquam

323 4556 397 4617 Haec
410 4557 496 4618 enim
517 4555 606 4616 facile
627 4555 857 4631 demonstrant,
879 4554 1094 4615 Nestorianam
1141 4556 1245 4617 divina
1258 4562 1371 4617 natura
1395 4575 1459 4618 non
1482 4556 1667 4636 suscipiente
1693 4556 1828 4620 alterum
1853 4580 1936 4625 mo·

322 4648 532 4729 purulentiam
542 4665 606 4708 non
613 4646 748 4720 aliunde,
765 4663 861 4725 quam
872 4664 910 4707 ex
924 4643 978 4706 illo
991 4645 1094 4707 ulcere
1141 4647 1218 4709 dum
1231 4648 1370 4722 unitatis,
1384 4653 1511 4728 propter
1524 4666 1590 4710 non
1598 4649 1928 4731 circumscriptibile.»

324 4758 461 4802 manase.
477 4741 575 4801 Deum
588 4738 742 4819 imprimis
754 4744 848 4818 negat
863 4755 903 4798 ex
917 4737 1015 4799 Maria
1028 4756 1094 4799 esse
1142 4741 1229 4810 item,
1262 4741 1367 4813 «Istc,
1391 4741 1503 4820 inquit,
1532 4747 1564 4802 et
1580 4742 1748 4803 Dominum
1771 4750 1934 4810 nostrum

323 4832 475 4912 genitum.
496 4832 607 4893 «Nam
631 4837 677 4892 est
704 4830 832 4911 quidem
851 4830 1022 4904 dementia,
1044 4830 1094 4892 in·
1140 4832 1248 4893 lesum
1262 4832 1418 4895 Christum
1430 4833 1509 4895 dixit
1529 4851 1595 4894 non
1618 4840 1763 4914 oportere
1786 4836 1935 4903 adorare

324 4923 416 5005 quir,
430 4926 577 4986 Deumex
596 4922 726 5003 Virgine
741 4927 927 4985 natumesse
949 4922 1061 4985 dicere.
1073 4948 1087 4976 a
1141 4924 1220 4987 sicut
1246 4924 1435 4999 Dominum3
1450 4923 1505 4986 sed
1528 4924 1678 4987 relatione
1696 4926 1756 4987 Dei
1767 4925 1933 4994 honorari

324 5019 433 5097 Itaque
450 5034 572 5078 merum
600 5016 799 5094 esseputavit
822 5016 982 5076 hominem
1005 5032 1014 5074 ι
1038 5014 1093 5093 quii
1141 5015 1220 5077 sicut
1230 5014 1401 5095 imaginem
1411 5015 1590 5095 quamdam,
1602 5021 1660 5079 etc.
1678 5017 1934 5087 lsteetoernem

322 5110 416 5174 simul
429 5128 464 5170 ac
473 5109 623 5170 formatus
634 5113 679 5170 cat
689 5108 723 5169 in
732 5106 976 5185 uteroVirginis‚
988 5106 1093 5169 Verbo
1142 5107 1268 5170 Domini
1281 5108 1493 5187 pronuntiavit
1505 5108 1586 5169 nihil
1599 5109 1728 5173 ommno
1754 5113 1930 5195 prodesse,

348 5286 360 5329 1
376 5288 437 5333 ion.
450 5287 481 5333 ΙΙΙ
492 5286 612 5335 Gens-t
624 5285 708 5331 rann.
720 5284 736 5329 l.
748 5281 789 5335 lli.
799 5294 819 5329 c.
834 5294 869 5335 ru,
879 5282 895 5329 1.
906 5282 943 5335 li,
953 5293 973 5328 ο.
986 5295 994 5326 ι
1008 5289 1030 5327 ιι
1043 5282 1061 5328 1.
1075 5280 1134 5339 vul.
1144 5294 1165 5328 c.
1178 5284 1262 5330 ιιι-8
1275 5284 1375 5331 Facund.
1386 5284 1403 5331 1.
1416 5283 1480 5331 ul.-
1495 5283 1508 5329 t
1522 5283 1553 5331 tn
1564 5284 1603 5332 lit.
1615 5285 1673 5339 vill,
1686 5297 1707 5332 ι.
1716 5286 1798 5333 rn-lt
1807 5288 1857 5337 Gal.
1869 5293 1932 5337 ι-

321 5350 379 5455 ἰῐιὲ
381 5353 464 5457 {313⁴
466 5349 604 5455 ,c-ol'tit'idq
617 5348 681 5391 idn.
696 5345 778 5391 tid-8
791 5345 854 5393 1d.-·
865 5346 880 5390 9
891 5345 923 5388 ld.
938 5357 961 5389 n.
977 5345 1040 5389 ls-
1053 5344 1080 5389 ld
1091 5344 1125 5394 rb.
1139 5357 1163 5389 n.
1174 5346 1240 5392 ιδπ-
1257 5346 1279 5391 il
1295 5345 1327 5390 lb.
1337 5358 1400 5391 num.
1411 5346 1514 5405 aa-‚lt
1528 5347 1561 5391 lb.
1576 5358 1600 5392 u·
1617 5346 1681 5393 89.-
1690 5346 1719 5393 id
1731 5348 1765 5395 lb.
1775 5360 1841 5395 num.
1854 5354 1933 5399 td·-
