3994 6164
566 359 616 422 DE
636 357 935 439 INCARNATIONE,
962 359 1034 423 LlB.
1056 361 1080 438 l,
1106 358 1190 423 GAP.
1212 358 1263 421 Vl.
1655 362 1712 424 487

129 538 222 582 aeuus
251 520 364 583 damus
401 523 582 604 opinionem
618 524 702 586 illius
751 524 894 606 explicat.
947 527 1156 589 Alexandrino
1174 526 1322 601 concilio,
1346 526 1431 606 quod
1447 544 1531 589 anno
1553 529 1623 601 362,
1648 533 1718 609 post

132 612 357 694 «Apollinaris,
370 612 425 690 ait,
442 615 612 679 divinitatis
632 635 749 679 nomen
769 617 898 698 Spiritui
946 622 1118 684 Constantii
1129 620 1252 682 obitum
1264 620 1453 683 celebratum
1466 627 1513 683 est
1526 622 1566 682 ab
1580 622 1716 683 Athana·

126 712 231 769 macto
246 705 395 782 tribuens,
412 708 582 771 divinitatis
604 711 753 772 virtutem
778 728 896 790 nequa·
946 716 1003 789 sio,
1019 715 1147 795 aliisque
1165 713 1324 777 catholicis
1344 713 1510 794 episcopis,
1527 715 1581 794 qui
1600 715 1717 777 iuliani

125 817 223 881 qnam
244 801 385 863 retinuit.
408 802 487 863 Nam
515 820 555 864 cx
578 821 706 882 magno,
722 803 893 883 etmajore,
946 809 1046 870 edicto
1070 809 1110 869 ab
1131 807 1223 869 exilio
1242 807 1380 869 revocati
1397 806 1535 868 fuerunt.
1559 806 1607 867 lbi
1631 806 1718 867 enim

125 897 159 953 et
171 892 306 955 maximo
326 893 510 957 lhinitatem
523 913 721 975 componere,
742 896 801 957 hoc
819 900 896 958 este
950 922 966 961 a
983 900 1265 965 hominemfactum
1273 900 1329 961 Dei
1338 898 1641 976 Filium,nonsolum
1649 917 1717 960 car-

127 983 255 1063 Spiritu,
271 989 303 1046 et
316 985 405 1063 Pilio,
421 992 452 1047 et
465 989 569 1064 Patrc;
584 994 735 1068 tanquam
745 1006 784 1050 ex
798 989 897 1067 splen·
945 1013 996 1064 ne,
1010 994 1064 1055 sed
1077 992 1456 1071 etiamanimapraeditum
1469 1009 1544 1067 esse,
1558 993 1717 1053 decretum

125 1073 211 1149 dore,
230 1082 262 1137 at
285 1077 385 1155 radio,
408 1084 439 1140 et
462 1079 546 1154 sole3
563 1081 829 1160 quemadmodum
849 1081 895 1142 di·
945 1087 1053 1149 asserit
1066 1087 1236 1149 Socrates0.
1253 1106 1269 1144 ο
1287 1085 1347 1147 Sed
1365 1085 1512 1147 nonsatis
1526 1085 1614 1147 dixit.
1637 1086 1716 1146 Nam

125 1172 206 1229 serie
224 1168 375 1249 scriptum
393 1178 440 1232 est
452 1172 534 1233 illius
551 1173 585 1233 in
602 1173 702 1250 libris,
726 1173 897 1235 divinitatis
945 1198 1010 1241 non
1024 1179 1125 1241 solum
1150 1187 1340 1261 ἐμψνχννμίνον,
1363 1182 1398 1239 ut
1424 1177 1477 1238 ille
1498 1178 1648 1257 loquitur,
1678 1195 1715 1239 ec

125 1266 173 1321 est
191 1261 282 1337 scala,
298 1281 370 1342 quae
392 1265 506 1326 nonin
528 1265 642 1327 coelum
661 1266 795 1343 deducit,
811 1266 896 1328 sede
946 1271 1085 1351 plerique
1099 1272 1153 1332 alii
1168 1273 1293 1352 passim,
1319 1269 1374 1332 sed
1389 1279 1472 1333 ἔννουν
1493 1288 1557 1331 esse
1579 1269 1717 1349 synodus
1751 1253 1767 1297 Ι

123 1351 201 1413 ooelo
230 1353 403 1433 dejicit⁰.r
439 1358 622 1437 Hujusmodi
648 1377 742 1439 porro
772 1358 897 1420 Sabellii
944 1364 1233 1443 illapronuntiavit,
1248 1364 1308 1425 hoc
1322 1369 1368 1425 est
1381 1363 1714 1439 nonsolumanimam,

124 1443 216 1505 faiae
237 1449 427 1509 sententiam
448 1449 523 1510 alibi
549 1449 741 1511 docuimus¹.
758 1452 844 1512 Idem
858 1452 897 1512 de
946 1456 1000 1517 sed
1032 1457 1126 1519 etiam
1168 1462 1306 1519 mentem
1346 1455 1501 1517 habuisse.
1539 1455 1612 1516 llaec
1633 1454 1718 1515 enim

124 1536 297 1616 Apollinari
341 1541 552 1604 Theodoreus
586 1561 710 1623 quoque
732 1543 895 1624 prodidit.
945 1550 1097 1628 posterior
1113 1549 1278 1629 peculiaris
1296 1548 1355 1610 fuit
1377 1548 1461 1610 labes
1483 1548 1716 1627 Apollinarista·

124 1629 311 1709 Quanquam
334 1634 514 1696 Vincentius
534 1636 704 1697 Lirinensis
717 1643 826 1698 auctor
839 1643 895 1713 est,
945 1656 1030 1718 rum,
1046 1660 1141 1720 quam
1156 1642 1341 1722 potissinum
1363 1642 1534 1703 notandam
1556 1641 1662 1702 Patres
1672 1640 1718 1701 illi

127 1722 283 1801 «iactasse
294 1742 329 1786 se
342 1724 554 1804 Apollinarem
567 1728 656 1808 quasi
677 1730 849 1791 consentire
863 1732 898 1790 in
946 1741 1143 1797 censuerant.
1158 1736 1193 1796 ld
1206 1736 1283 1796 adeo
1290 1735 1480 1795 demonstrat
1487 1734 1635 1813 synodica
1643 1751 1717 1794 con·

123 1815 279 1877 unitatem
292 1817 470 1895 trinitatis,
487 1826 518 1880 ct
530 1821 590 1882 hoc
603 1822 707 1900 ipsum
720 1822 812 1901 plena
825 1823 898 1886 fidei
946 1826 1008 1887 cilii
1031 1825 1116 1887 illius
1144 1826 1283 1906 epistola,
1311 1844 1381 1905 quae
1405 1826 1488 1905 apud
1515 1826 1719 1888 Athanasium

124 1908 265 1970 amau.
288 1929 304 1967 ο
331 1912 369 1971 Et
395 1912 543 1974 Leontius
571 1914 603 1975 in
625 1914 705 1976 libro
731 1913 767 1976 de
789 1914 895 1993 Sectis,
944 1918 1068 1994 legitur.
1087 1919 1145 1980 Ubi
1156 1918 1494 1997 hujusmodiprofessio
1503 1916 1543 1978 ab
1554 1918 1719 1979 Catholicis

123 2000 204 2062 circo
215 2010 347 2083 θιινλονίαν
362 2003 396 2065 id
410 2010 456 2066 est
480 2004 646 2068 diuinitatis
667 2005 785 2087 dogma,
807 2013 842 2068 ut
863 2010 897 2071 in
947 2011 987 2071 ad
1014 2011 1183 2071 ineundam
1208 2010 1404 2089 concordiam
1428 2028 1572 2090 expressa
1595 2010 1718 2087 dicitur,

124 2094 355 2174 prolegomenis
381 2097 477 2159 totius
505 2099 605 2178 operis
632 2100 826 2179 interpretati
844 2120 896 2163 sa·
952 2103 1165 2165 «Salvatorem
1174 2121 1239 2164 non
1249 2103 1392 2164 habuisse
1406 2120 1517 2181 corpus
1531 2103 1717 2176 inanimum,

125 2202 206 2261 mus,
224 2188 334 2249 anihil
352 2191 467 2252 erroris
488 2191 646 2253 admisisse
669 2197 758 2270 putat
777 2192 895 2273 Apolli·
946 2213 1004 2256 nec
1032 2213 1149 2267 sensus,
1177 2199 1232 2257 aut
1251 2195 1364 2256 mentis
1387 2210 1496 2273 expers
1509 2192 1533 2254 ί.
1551 2213 1566 2252 r
1587 2194 1666 2255 Nam
1686 2196 1720 2256 iu

125 2294 246 2339 narem
260 2280 398 2343 Tametsi
412 2283 553 2363 Gregorii
578 2284 670 2345 ambo
684 2284 778 2346 etiam
791 2286 849 2346 hac
863 2286 897 2347 iu
946 2289 1055 2349 Gracc
1066 2295 1210 2364 distetque
1231 2305 1289 2367 pro
1304 2293 1428 2362 αἰσθητὸν,
1442 2286 1574 2348 scribere
1587 2293 1718 2365 oportet,

126 2373 338 2448 parteerroris
351 2373 443 2434 illum
465 2376 669 2455 redarguunt.
683 2377 802 2457 Quippe
816 2396 899 2440 crea-
946 2384 982 2441 ut
1016 2379 1050 2441 in
1087 2381 1168 2441 ealce
1191 2379 1339 2460 epistolae,
1371 2378 1496 2439 Paulini
1537 2378 1720 2458 subscriptio

124 2468 230 2524 turam
243 2465 379 2544 quidem,
391 2467 555 2547 inquiunt,
569 2469 753 2549 neutiquam
762 2472 895 2532 assent:
948 2472 1072 2540 indicat,
1099 2472 1153 2552 qui
1189 2473 1319 2535 totidem
1351 2471 1405 2532 illa
1441 2471 1480 2532 de
1508 2472 1722 2533 lucarnatione

124 2572 236 2616 verum
249 2557 342 2635 paulo
356 2564 464 2621 tamen
486 2559 665 2622 interiorem
679 2580 698 2621 a
713 2563 804 2624 Patre
826 2582 899 2643 gra·
949 2564 1121 2642 profitetur.

124 2647 201 2708 dum
210 2648 302 2725 Fssio,
320 2668 357 2711 ac
373 2651 501 2731 Spiritui
515 2660 622 2715 sancto
642 2654 751 2715 tribuit
760 2653 782 2716 ί.
796 2676 812 2713 ν)
836 2656 899 2717 Sed
987 2657 1078 2718 Anno
1102 2661 1260 2736 sequente,
1295 2655 1408 2718 Christi
1429 2657 1505 2729 363,
1535 2674 1608 2718 cum
1621 2657 1724 2718 Jovia-

124 2739 278 2801 nimirum
290 2743 392 2805 uarios
400 2744 496 2804 libros
507 2744 701 2807 elucubravit
713 2747 900 2827 Apollinaris
947 2768 1007 2810 nus
1038 2749 1159 2810 sublato
1198 2766 1215 2809 e
1247 2749 1326 2809 vivis
1359 2748 1485 2809 iuliano
1517 2748 1721 2826 successisset,

123 2830 192 2901 iste,
206 2831 242 2892 in
254 2834 378 2913 quibus,
392 2835 437 2896 uti
460 2854 528 2897 mos
542 2844 588 2899 est
600 2839 760 2908 haereticis,
775 2846 898 2901 contra·
928 2896 934 2899 .
948 2843 1017 2922 pius
1037 2847 1069 2903 et
1078 2861 1186 2903 amans
1199 2840 1359 2902 catholicae
1374 2840 1531 2918 religionis
1540 2840 1720 2918 imperator,

122 2926 169 2985 ria
183 2924 331 3004 invicem,
345 2946 381 2989 ac
403 2930 574 3007 pugnantia
592 2932 736 3010 dogmata
749 2932 897 3011 vulgavit.
949 2935 1017 3012 ejus
1050 2935 1149 2995 accitu
1183 2932 1269 2994 venit
1298 2931 1495 2993 Antiochiam
1526 2932 1720 3010 Athanasius,

20 3038 101 3083 [νινε-
161 3017 271 3078 Tertio
288 3019 534 3081 hiillenariorum
558 3021 678 3084 tabidas
691 3026 900 3104 propugnavit
949 3028 1133 3107 eiqueserae
1147 3025 1220 3086 tidei
1233 3023 1401 3085 formulam
1412 3023 1608 3085 Alexandria
1627 3023 1723 3085 altera

2 3092 79 3191 ξζζ
123 3109 211 3170 idem
225 3111 398 3187 haereticus,
415 3115 503 3193 cujus
520 3120 613 3177 testes
634 3122 708 3177 sunt
721 3117 851 3177 Basilius
865 3117 900 3177 in
949 3121 983 3179 in
993 3120 1112 3198 syuodo
1126 3117 1297 3179 confectam
1311 3114 1450 3177 obtutu.
1460 3118 1505 3177 Ac
1518 3121 1586 3177 tum
1599 3116 1723 3177 videtur

124 3201 257 3281 epistola
281 3205 493 3267 ducentesima
519 3209 721 3288 nonagesima
731 3208 847 3282 tertia³,
870 3213 900 3270 et
949 3211 1111 3286 Paulinus,
1159 3211 1239 3271 datae
1272 3209 1331 3269 sibi
1372 3209 1411 3269 ab
1450 3208 1617 3271 Athanasio
1650 3207 1723 3271 fidei

125 3295 295 3373 Gregorius
318 3298 527 3361 Nazianzenus
541 3302 574 3361 in
595 3302 729 3363 secunda
742 3300 781 3362 od
796 3299 899 3363 Cledo·
949 3303 1132 3381 professioni
1151 3301 1379 3379 subscripsisse,
1408 3307 1446 3360 ut
1472 3318 1610 3380 sparsam
1631 3301 1669 3361 de
1689 3319 1722 3362 se

126 3387 224 3449 nium.
253 3389 450 3452 Existimavit
482 3392 586 3468 enim,
610 3400 682 3472 post
701 3395 901 3455 resurrectio·
950 3392 1176 3455 Sabellianismi
1199 3392 1239 3452 ab
1264 3392 1383 3452 aemulis
1404 3392 1553 3453 invidiam
1577 3392 1720 3455 dilueret.

126 3498 201 3541 nem
235 3481 383 3544 luduicus
416 3501 524 3545 omues
555 3484 636 3545 ritus
669 3484 897 3547 instaurandos.
951 3485 1051 3553 Quam
1095 3484 1263 3545 formulam
1309 3484 1469 3563 descripsit
1511 3484 1718 3564 Epiphanius,

127 3573 389 3647 eme,etinusum
400 3576 695 3650 revocandosQuod
709 3584 822 3658 prester
832 3578 901 3638 illos
922 3607 927 3614 ·
950 3584 1191 3640 consentaneam
1227 3576 1275 3653 iis,
1325 3594 1396 3655 quae
1437 3577 1471 3636 in
1512 3577 1721 3639 Alexandrina

126 3665 207 3727 duos
221 3666 378 3743 significat
396 3667 490 3729 etium
510 3669 750 3750 llicronymus‘,
767 3676 803 3731 at
827 3670 901 3731 alibi
950 3671 1099 3751 synodica
1117 3670 1328 3744 continentur,
1341 3669 1511 3748 praesertim
1530 3669 1569 3729 de
1580 3670 1721 3730 lnmrna·

127 3757 302 3821 domamus
332 3761 375 3821 [ta
401 3760 461 3822 hac
486 3762 675 3842 Apollinaris
699 3762 805 3824 fabula
830 3764 900 3824 vide
949 3763 1182 3825 depellamini
1212 3762 1358 3824 adversus
1388 3779 1501 3822 novam
1535 3761 1720 3841 Apollinaris

127 3850 336 3913 Orientalium
360 3851 580 3914 ιοίιιίοίίοιιοιιι
609 3854 649 3915 ad
682 3854 902 3917 anathematis·
950 3854 1104 3917 heresim.

127 3960 220 4005 nrum
229 3944 358 4005 tertium
373 3944 489 4025 Cprtlli.
989 3948 1084 4027 llVll.
1109 3947 1216 4007 Postea
1243 3946 1395 4005 Damasus
1422 3945 1460 4005 de
1482 3944 1541 4004 hac
1559 3948 1645 4023 peste
1663 3962 1721 4024 per

167 4035 252 4097 xv1.
272 4036 563 4116 Apollinaristarum
576 4039 711 4108 haeresis,
728 4040 902 4120 prasertim
951 4040 1083 4101 Orientis
1096 4036 1239 4099 ecclesias
1258 4042 1417 4115 grassante
1431 4035 1543 4097 certior
1556 4036 1717 4114 redditus,
1745 4033 1881 4131 spolqprru

129 4145 189 4206 qua
205 4135 294 4206 parte
310 4130 656 4208 lucarnationisdogma
665 4131 820 4212 pulsabat,
836 4151 902 4193 non
950 4132 985 4192 in
1007 4130 1229 4210 Apollinarem,
1258 4128 1386 4207 ejusque
1409 4127 1594 4207 discipulum
1614 4129 1719 4190 Timo·
1745 4142 1892 4186 rimetusus·

129 4220 228 4282 semel
239 4239 398 4284 sacrarum
410 4224 603 4303 synodorum
617 4225 800 4287 auctoritate
812 4226 900 4286 dam·
951 4224 1058 4285 theam
1077 4221 1276 4301 depositionis
1293 4220 1355 4281 lata
1377 4220 1538 4296 sententia,
1558 4221 1721 4300 utriusque
1745 4195 1892 4292 mDii'iifins

130 4317 205 4373 nata
219 4319 276 4375 est.
286 4315 431 4377 Primum
444 4315 510 4377 sine
528 4316 669 4379 Auctoris
682 4317 853 4392 mentione,
869 4318 904 4380 in
951 4317 1064 4396 dogma
1076 4314 1236 4376 damnavit
1254 4312 1288 4373 in
1302 4314 1441 4375 Romana
1461 4311 1611 4393 synodo⁸,
1626 4314 1677 4374 cui
1690 4322 1722 4376 et
1767 4300 1874 4397 ,233¹ss

164 4538 186 4581 a
206 4524 335 4581 ltrznm.
351 4540 396 4596 ep.
423 4540 433 4580 1
460 4524 503 4581 ud
521 4524 598 4583 Cled.
619 4525 802 4599 Ἀπολλιιιάριος
817 4527 860 4602 piu
875 4527 904 4581 τΙι
953 4524 1017 4596 πλὴν
1031 4526 1186 4599 διελέγχουσι
1205 4526 1246 4577 aet
1266 4516 1354 4578 τοῦτοιι
1369 4524 1392 4577 oi
1414 4524 1542 4596 Γρηγόριοι
1560 4526 1615 4596 περὶ
1633 4525 1723 4595 aalma

130 4614 173 4678 τῆς
185 4609 304 4676 θεότητος
319 4610 399 4681 ὄνομα
412 4614 448 4680 τῷ
463 4607 528 4681 ἁγίῳ
540 4609 656 4681 πνεύματι
666 4611 731 4674 δοὺς,
745 4610 789 4679 τὴν
802 4611 903 4683 δύναμιν
953 4610 1134 4683 ἁμαρτάνοντα.
1150 4610 1241 4681 κτίσμα
1255 4606 1298 4680 plu
1312 4607 1369 4680 γὰρ,
1378 4607 1461 4678 φασίν,
1471 4607 1499 4660 οὗ
1513 4608 1589 4680 λίγιι,
1604 4608 1723 4663 taddaeus

130 4698 173 4760 ῆς
185 4692 303 4759 θεότητος
315 4690 361 4745 oda
370 4689 480 4759 tutas.
496 4692 526 4746 rh
546 4692 594 4764 γὰρ
614 4690 641 4746 ia
663 4694 782 4766 μιγάλου,
797 4696 838 4748 καί
850 4694 902 4766 μεί-
953 4692 979 4748 Bi
994 4693 1081 4766 μικρὰν
1095 4693 1162 4765 λέγει
1185 4697 1228 4746 τοῦ
1250 4691 1314 4757 υἱοῦ,
1337 4691 1379 4745 aul
1399 4694 1443 4746 τοῦ
1457 4690 1594 4762 πνεύματος
1606 4691 1666 4765 πρὸς
1679 4694 1723 4747 τὸν

131 4778 215 4839 iosos,
225 4776 268 4828 rai
278 4776 395 4848 μεγίστοιν
409 4778 525 4848 σιιιιιοτᾷιι
536 4775 580 4845 τὴν
589 4779 683 4850 τριάδα,
693 4779 776 4849 ὥσπερ
786 4776 810 4841 li
820 4776 903 4850 αὐγῆς,
953 4777 1056 4848 accip«.

131 4860 294 4923 uldaricus,
307 4860 349 4912 καί
362 4859 444 4927 ἡλίου,
461 4864 504 4913 τοῦ
521 4861 666 4933 πνεύματος,
681 4860 722 4915 καί
735 4855 776 4915 τοῦ
789 4861 852 4926 υἱοῦ,
863 4861 903 4914 καὶ
990 4875 1004 4915 e
1023 4861 1135 4915 Secuta.
1151 4857 1200 4914 lib.
1216 4858 1264 4921 ΙΙΙ,
1288 4873 1348 4929 cap.
1372 4873 1418 4912 vu.
1436 4857 1483 4909 Καὶ
1508 4857 1551 4912 τὸν
1571 4855 1724 4930 Ιναιιθρινιιοί·

134 4948 177 4995 τοῦ
203 4942 297 5014 πατρὸς
318 4943 403 5014 ὥσπερ
427 4948 512 5014 σαφῶς
535 4941 559 4997 ἔν
580 4946 632 5007 τοῖς
655 4941 745 4997 ἐκείνου
769 4945 904 5016 γέγραπται
954 4962 1031 4998 σαντα
1049 4940 1077 4997 oi
1094 4940 1307 5015 placuissemus,
1330 4934 1395 4994 ἀλλὰ
1408 4941 1449 4992 καὶ
1470 4938 1647 5014 ἔμψνχωμίιον
1662 4941 1722 4994 das·

134 5023 226 5097 λόγοις,
239 5023 330 5097 κλίμαξ
344 5023 408 5079 ἔστὶν
427 5024 557 5095 θεότητος,
577 5026 620 5081 οὔκ
634 5026 667 5090 είς
681 5027 784 5100 οὒραιιοιι
799 5028 903 5099 ἄγουσα,
953 5031 1070 5100 φῂναιτο.

138 5104 195 5159 ω’
207 5106 232 5171 ΙΙ
243 5104 347 5179 cimaea
361 5104 514 5181 milm-
989 5106 1010 5166 d
1028 5110 1113 5182 Epist.
1137 5102 1179 5164 ud
1200 5102 1336 5164 Actiaci.
1353 5102 1454 5163 Athon.
1471 5114 1538 5165 tom.
1561 5102 1582 5162 l.
1613 5102 1724 5177 Ὧμολό-

170 5188 188 5247 ὁ
206 5188 373 5248 Lsortmel.
390 5208 428 5256 ιν,
446 5198 514 5248 lom.
532 5188 554 5248 ll
565 5186 640 5249 Bibl.
652 5194 709 5249 ΡΡ.
730 5190 759 5246 ‘0
773 5192 798 5248 δὲ
816 5192 906 5247 Ἀπολ·
953 5212 1011 5265 γοοιι
1026 5193 1073 5266 γὰρ
1086 5194 1126 5247 καί
1141 5197 1224 5257 τοῦτο,
1241 5192 1279 5246 ὅτι
1296 5190 1324 5245 οὗ
1339 5194 1414 5262 σῶμα
1424 5190 1530 5262 ἄψυχον,
1543 5187 1596 5241 οὔδ’
1610 5186 1722 5256 αἰσθητὸν

134 5270 245 5348 Auspice
257 5276 310 5346 met
325 5272 369 5349 pis
383 5268 427 5343 cip
441 5270 581 5349 θεολογίαν,
603 5272 632 5330 οὗ
651 5274 762 5349 φαίνεται
777 5274 903 5351 &porprisa
954 5276 1032 5348 (lege
1047 5277 1207 5347 ἀναίσθητον)
1222 5275 1274 5329 οὐδ’
1287 5275 1390 5343 ἀνόητον
1406 5268 1471 5346 alpes
1487 5273 1501 5327 ὁ
1515 5272 1606 5345 scrip.

162 5467 174 5510 l
189 5466 238 5511 tia.
251 5465 364 5514 lutrio.
379 5481 400 5515 e.
409 5481 441 5519 u.
453 5467 469 5525 ς
479 5469 552 5514 8.-t
564 5470 612 5517 lib.
623 5469 652 5516 il*
661 5471 687 5516 de
701 5473 757 5517 lloer.
769 5484 788 5517 c.
800 5482 842 5517 ιιιι
852 5479 874 5516 ιιι
883 5471 920 5517 llh.
931 5472 948 5516 v
960 5472 1015 5515 litet.
1028 5480 1047 5514 c.
1064 5481 1126 5513 ιιι-
1138 5468 1153 5512 ³
1165 5470 1227 5513 'lom
1242 5466 1321 5511 ll.-l
1332 5462 1379 5510 tlh.
1392 5464 1418 5508 de
1430 5465 1510 5516 script.
1524 5463 1583 5507 dccl.
1591 5472 1611 5507 c.
1620 5473 1686 5508 mrsu
1701 5471 1723 5508 et

138 5531 161 5573 iu
173 5540 223 5585 cap.
233 5528 390 5576 aurasiae
404 5538 421 5575 t.
431 5532 441 5576 l
453 5540 554 5577 nostrum
569 5532 606 5579 uu.
616 5532 661 5584 vll,
674 5545 724 5589 cap.
734 5544 778 5586 ur,
792 5547 840 5590 per.
852 5531 925 5578 a-tt
942 5532 990 5577 Sor.
1006 5531 1021 5575 l.
1033 5528 1068 5581 Vl,
1079 5536 1098 5574 t.
1114 5526 1185 5575 a-tt
1197 5522 1280 5573 theod.
1292 5526 1307 5570 1.
1318 5524 1343 5578 t,
1353 5534 1401 5581 cap.
1412 5530 1442 5567 lt.
